3418 5368
285 763 289 770 Ι
324 699 388 761 214
676 688 881 739 sarraurm
904 687 1101 738 nuoaucn

323 865 551 941 confirmavit,
576 863 650 928 vult
678 863 764 927 scire
791 862 872 945 quid
899 862 1027 926 bonum
1050 863 1154 940 vitae,
1179 865 1260 949 quid
1290 888 1388 933 amor
1415 873 1453 936 in

322 964 510 1028 Dominum
530 971 566 1026 et
589 979 672 1043 erga
691 959 897 1042 proximum,
917 959 999 1042 quid
1022 957 1171 1023 charitas
1194 970 1230 1025 et
1253 963 1333 1046 quid
1357 964 1455 1030 bona.

323 1059 512 1133 charitatiS,
529 1067 565 1122 et
584 1056 664 1141 quid
684 1056 775 1120 bona
798 1074 915 1137 opera,
936 1065 971 1118 et
991 1054 1072 1138 quid
1094 1054 1218 1132 iacere,
1239 1059 1345 1123 immo
1367 1061 1451 1143 quid

321 1153 405 1220 fides
430 1157 463 1218 in
489 1174 550 1218 sua
576 1153 738 1226 essentia,
763 1159 798 1214 et
824 1149 964 1234 aliquod
994 1151 1181 1232 genuinum
1206 1173 1324 1217 verum
1355 1158 1450 1240 quod

320 1249 400 1315 lacit
420 1249 540 1314 illam?
585 1247 745 1312 Scribunt
765 1245 950 1319 volumina,
967 1256 1003 1310 et
1022 1246 1133 1310 solum
1153 1247 1187 1311 id
1206 1250 1299 1332 quod
1318 1263 1447 1317 vocant

320 1345 433 1423 fidem,
462 1344 687 1422 confirmant;
719 1352 754 1406 et
786 1342 900 1404 omnia
930 1342 1000 1417 illa,
1032 1363 1117 1425 quae
1148 1363 1237 1408 nunc
1269 1349 1452 1412 nominata

319 1455 410 1518 sunt,
434 1444 553 1507 dicunt
578 1440 656 1504 fidei
680 1440 736 1503 isti
763 1439 886 1502 inesse.
932 1437 989 1502 Ex
1017 1441 1138 1522 quibus
1164 1450 1274 1523 patet,
1302 1445 1393 1526 quod
1418 1445 1446 1508 si

318 1562 439 1605 sensus
455 1539 639 1623 spiritualis
656 1536 763 1602 Verbi
781 1539 873 1620 prius
889 1535 1045 1600 deteftus
1061 1538 1191 1615 fuisset,
1208 1538 1305 1604 fieret
1322 1561 1448 1604 secun··

318 1639 399 1700 dum
419 1638 524 1700 verba
543 1635 682 1698 Domini
702 1635 792 1717 apud
811 1632 1033 1709 Matthaeum,

368 1773 416 1821 “Si
430 1773 522 1822 oculus
538 1782 599 1820 tuus
614 1771 701 1820 malus
722 1769 809 1828 luerit,
822 1778 909 1819 totum
923 1783 1022 1832 corpus
1034 1771 1242 1820 obtenebratum
1255 1773 1321 1822 erit:
1340 1775 1363 1822 si
1374 1787 1449 1836 ergo·

450 1839 540 1887 lumen
554 1839 625 1901 quod
640 1839 666 1884 in
681 1847 706 1885 re
720 1846 770 1894 est,
783 1836 910 1885 tenebrae
924 1834 961 1895 fic,
973 1837 1102 1885 tenebrae
1114 1847 1230 1900 quantae
1239 1835 1254 1856 '¹
1266 1839 1312 1900 (vi.
1325 1841 1382 1900 ²³l²

317 1994 378 2058 per
398 1972 586 2036 “oculum'’
610 1973 642 2035 in
666 1971 761 2034 verbi
786 1990 889 2035 sensu
916 1970 1086 2051 spirituali
1109 1971 1316 2054 intelligitur
1339 1973 1448 2038 intel·

317 2066 435 2132 lellus.
482 2081 538 2141 [4.]
570 2066 755 2129 Alterum:
783 2065 880 2143 Quod
891 2085 947 2128 nec
956 2066 1058 2146 prius
1069 2067 1222 2148 genuina
1236 2087 1355 2132 verua
1375 2067 1443 2130 Do·

316 2164 404 2226 mrito
428 2161 577 2226 revelata
600 2161 679 2234 sint,
700 2161 734 2223 in
758 2159 877 2242 quibus
900 2181 1018 2224 sensus
1037 2161 1232 2243 spiritualis
1257 2161 1361 2225 Verbi
1379 2174 1447 2238 est,

316 2281 416 2341 quam
444 2268 623 2340 postquam
651 2257 804 2318 ultimum
819 2256 987 2339 judicium
1009 2256 1184 2336 peractum
1210 2267 1270 2332 est,
1298 2268 1331 2321 et
1356 2281 1448 2323 nova

315 2353 458 2427 ecclesio,
476 2373 560 2436 quae
573 2351 805 2433 persentiam
820 2349 1089 2432 Hierosolymam
1104 2351 1317 2433 intelligitur,
1334 2376 1356 2417 a
1370 2354 1445 2416 Do·

314 2451 403 2513 mino
418 2448 645 2513 instauranda
659 2444 1004 2509 erat—Praedictum
1019 2457 1073 2510 est
1085 2467 1105 2509 a
1119 2446 1270 2511 Domino
1282 2450 1316 2512 in
1328 2450 1359 2512 Α
1360 2460 1440 2531 poc-

314 2544 436 2627 atrpsi,
460 2544 551 2628 quod
582 2555 765 2625 postquam
797 2541 955 2604 ultimum
979 2542 1143 2624 judicium
1172 2540 1348 2623 peractum
1372 2557 1445 2622 est,

314 2642 462 2722 genuina
492 2660 572 2701 vera
601 2637 810 2718 detegenda,
840 2658 930 2699 nova
959 2636 1107 2700 ecclesia
1136 2638 1371 2714 instauranda,
1402 2651 1444 2706 et

314 2755 436 2799 sensus
472 2735 657 2816 spiritualis
694 2735 923 2814 detegendos,
959 2744 1087 2796 essent.
1140 2733 1242 2814 Quod
1280 2737 1445 2800 ultimum

313 2829 474 2911 judicium
494 2826 669 2911 petatium
693 2831 751 2902 sit,
772 2830 804 2890 in
829 2829 995 2910 opusculo
1017 2829 1069 2891 De
1091 2828 1215 2892 Ultimo
1234 2829 1380 2906 Judma,
1401 2843 1443 2896 et

313 2925 392 2988 dein
410 2926 443 2987 in
464 2922 716 2988 Continuatione
731 2924 812 3003 ejus,
831 2935 1007 2986 ostensum
1026 2934 1101 3002 est;
1121 2933 1157 2987 et
1174 2925 1316 3006 quodid
1333 2926 1437 2990 intel·

313 3021 441 3102 ligatur
457 3041 517 3102 per
535 3027 554 3050 ⁸·
565 3020 697 3081 caelum
716 3029 751 3081 et
769 3031 894 3081 terram
904 3018 918 3042 '¹
935 3037 1022 3100 quae
1039 3019 1236 3096 transitura,
1253 3021 1288 3083 in
1303 3021 1335 3084 A
1335 3032 1442 3103 poca·

313 3115 403 3197 lypsi
426 3115 513 3197 (xxi.
540 3115 581 3194 1).
617 3113 718 3195 Quod
743 3116 896 3192 genuina
920 3135 1000 3176 vera
1023 3125 1104 3178 tunc
1129 3115 1332 3196 detegenda
1354 3118 1442 3192 sint,

312 3214 520 3294 praedicitur
540 3231 600 3292 per
617 3211 700 3272 haec
720 3210 823 3271 verba
842 3211 876 3272 in
895 3210 1126 3292 Apocalypsi:

362 3347 459 3397 “Dixit
474 3348 576 3396 Sedens
589 3361 670 3408 super
682 3345 789 3402 throno,
802 3360 864 3394 ecce
877 3360 948 3396 nova
960 3347 1053 3395 omnia
1066 3345 1159 3396 iacio”
1171 3347 1251 3408 (vers.
1265 3359 1278 3406 5
1289 3361 1295 3406 ;
1313 3357 1369 3396 tum
1382 3349 1442 3397 xix.

446 3425 482 3472 17.
498 3415 545 3472 18;
564 3412 617 3461 xxi.
634 3413 711 3460 18-21
725 3425 730 3470 ;
749 3411 812 3461 xxii.
827 3423 848 3470 1,
861 3412 895 3472 a).

312 3548 414 3632 Quod
442 3559 523 3611 tunc
549 3567 671 3610 sensus
695 3544 882 3630 spiritualis
905 3544 1012 3609 Verbi
1040 3547 1243 3610 revelandus
1271 3549 1315 3612 sit
1345 3547 1438 3631 (xix.

315 3643 450 3728 11-16):
475 3643 541 3706 hoc
566 3642 770 3724 intelligitur
793 3663 853 3724 per
877 3640 1045 3724 “Equum
1070 3642 1216 3718 album,”
1239 3647 1341 3726 super
1367 3665 1441 3726 quo

310 3739 443 3804 Sedens
462 3739 653 3802 vocabatur
672 3736 826 3800 Verbum
847 3737 921 3813 Dei,
940 3749 975 3802 et
999 3740 1056 3822 qui
1080 3748 1153 3802 erat
1177 3737 1346 3802 Dominus
1371 3741 1433 3802 do·

311 3838 478 3900 minorum
498 3843 533 3898 et
554 3833 633 3896 Rex
653 3854 771 3915 regum
790 3832 847 3915 (de
864 3855 931 3916 qua
947 3855 982 3898 re
999 3836 1156 3898 videatur
1172 3835 1373 3917 opusculum
1391 3838 1439 3899 de

309 3929 405 4014 Equo
419 3929 535 4014 Albo).
582 3927 684 4011 Quod
701 3947 761 4010 per
779 3925 963 3991 “santiam
981 3928 1260 4010 Hierosolymam
1270 3928 1285 3954 ”
1304 3931 1433 3994 intelli·

309 4037 410 4109 gatur
437 4025 537 4088 Nova
562 4024 731 4099 Ecclesia,
760 4044 848 4106 quae
876 4034 957 4087 tunc
984 4046 1005 4086 a
1032 4025 1182 4088 Domino
1208 4024 1437 4088 instauranda

309 4133 374 4198 est,
395 4121 552 4184 videatur
575 4121 609 4183 in
628 4120 794 4182 Dotirina
816 4118 934 4182 Novae
954 4119 1206 4202 Hz'erosolymas
1231 4119 1272 4184 de
1292 4119 1440 4184 Domino

311 4216 583 4300 (n.62-65),ubi
606 4216 639 4278 id
659 4226 838 4279 ostensum
859 4225 923 4277 est.
970 4227 1027 4290 [5.]
1059 4215 1114 4278 Ex
1135 4216 1187 4278 his
1207 4237 1295 4280 nunc
1320 4227 1436 4300 patet,

308 4315 399 4397 quod
423 4333 545 4375 sensus
567 4311 754 4394 spiritualis
778 4310 885 4374 Verbi
909 4311 1114 4374 revelandus
1139 4323 1232 4376 esset
1256 4335 1317 4396 pro
1342 4333 1433 4376 nova

308 4409 455 4474 ecclesia
473 4430 560 4491 quae
580 4407 690 4470 solum
712 4406 898 4471 Dominum
919 4419 1086 4488 agnoscet
1107 4421 1141 4470 et
1162 4408 1266 4481 colet,
1288 4421 1322 4472 et
1343 4407 1436 4472 Ver·

308 4505 387 4568 bum
419 4504 529 4586 Ipsius
550 4499 706 4567 sanctum
733 4502 883 4578 habebit,
912 4512 948 4566 et
977 4503 1101 4565 Divina
1125 4526 1204 4565 vera
1228 4506 1370 4578 amabit,
1394 4515 1432 4568 et

308 4599 409 4662 fidem
433 4610 631 4680 separatam
655 4618 675 4661 a
698 4599 871 4661 charitate
894 4597 1035 4677 rejiciet.
1083 4598 1149 4660 Sed
1176 4599 1270 4678 plura
1298 4601 1340 4662 de
1365 4601 1434 4663 hoc

308 4691 415 4756 Verbi
436 4712 539 4755 sensu
561 4694 720 4756 videatur
742 4695 775 4756 in
799 4692 963 4756 Dollrina
987 4694 1102 4755 navae
1124 4693 1375 4776 hierosolymam
1392 4695 1440 4758 de
