3268 5380
390 669 439 718 ua
460 667 595 718 otvmo
619 667 763 729 anona,
784 667 875 716 rans
900 666 1034 716 rin-n.
1055 653 1125 716 262.
1259 669 1321 736 109

193 855 232 905 et
252 839 344 922 quod
364 859 479 920 pugna
495 840 549 901 sit.
597 839 693 901 Idem
710 849 775 912 est,
790 840 817 900 si
835 839 967 901 dicatur
983 839 1088 902 homo
1104 839 1270 902 naturalis
1283 850 1320 904 et

195 933 392 1015 spiritualis,
415 933 485 993 sive
505 931 637 993 dicatur
656 950 753 993 mens
774 931 939 993 naturalis
958 941 993 994 et
1013 932 1208 1011 spiritualis.

259 1026 354 1091 261.
386 1023 441 1086 Ex
461 1022 513 1086 his
533 1033 694 1085 constare
714 1033 842 1103 potest,
863 1024 953 1105 quod
975 1025 1001 1085 si
1020 1043 1117 1086 mens
1133 1025 1320 1106 spiritualis

196 1116 334 1179 occlusa
352 1118 408 1188 sit,
430 1135 525 1178 mens
546 1114 711 1177 naturalis
731 1116 892 1178 continue
911 1127 993 1197 agat
1012 1126 1133 1179 contra
1152 1116 1212 1179 illa
1231 1139 1321 1200 quae

196 1209 322 1272 mentis
336 1207 521 1290 spiritualis
534 1216 624 1281 sunt,
653 1226 692 1269 ac
710 1207 832 1270 timeat
845 1209 936 1291 quod
950 1207 1074 1290 aliquid
1091 1208 1171 1271 inde
1188 1209 1320 1285 influat,

195 1302 287 1384 quod
310 1321 390 1363 suos
409 1310 520 1362 status
540 1300 728 1382 perturbet.
774 1297 885 1362 Omne
909 1301 941 1362 id
966 1299 1057 1382 quod
1082 1322 1141 1382 per
1165 1312 1319 1365 mentem

195 1393 407 1476 spiritualem
425 1391 543 1466 influit,
561 1401 615 1454 est
632 1413 650 1454 e
670 1391 779 1466 cae10,
798 1411 876 1454 nam
894 1411 991 1454 mens
1007 1393 1192 1474 spiritualis
1209 1405 1262 1456 est
1283 1395 1319 1456 in

193 1485 301 1548 forma
316 1484 469 1562 caelum;
494 1494 530 1546 et
546 1503 647 1546 omne
661 1485 751 1566 quod
769 1485 802 1546 in
820 1493 972 1546 mentem
987 1485 1179 1547 naturalem
1196 1486 1318 1561 influit,

194 1587 248 1640 est
273 1599 291 1640 e
314 1577 454 1652 mund0,
476 1595 554 1638 nam
578 1596 675 1638 mens
695 1575 860 1640 naturalis
885 1585 937 1639 est
962 1577 995 1638 in
1018 1576 1126 1639 forma
1149 1578 1318 1654 mundus;

193 1691 239 1733 ex
259 1690 326 1752 quo
346 1670 504 1750 sequitur,
525 1668 616 1750 quod
637 1688 733 1731 mens
754 1668 928 1742 naturalis,
946 1669 1084 1750 quando
1105 1689 1200 1731 mens
1218 1671 1314 1752 spiri·

193 1761 296 1824 tualis
320 1761 458 1824 occlusa
481 1770 546 1834 est,
571 1761 692 1842 reag'at
717 1771 839 1824 contra
862 1762 977 1822 omnia
1001 1760 1097 1836 caeli,
1122 1781 1184 1824 nec
1215 1763 1248 1823 in
1278 1783 1317 1826 se

193 1854 356 1917 admittat
375 1853 445 1928 illa,
466 1854 530 1915 nisi
553 1863 719 1934 quantum
743 1853 773 1915 ei
799 1851 1017 1934 [inserviunt]
1044 1874 1105 1935 pro
1128 1855 1247 1917 mediis
1271 1855 1316 1917 ad

194 1945 257 2008 sibi
288 1945 555 2027 comparandum
586 1955 622 2009 et
651 1945 696 2008 ad
726 1945 973 2028 possidendum
1001 1944 1060 2008 illa
1087 1967 1173 2028 quae
1197 1948 1316 2012 mundi

193 2046 299 2114 sunt;
333 2048 368 2101 et
398 2038 534 2120 quando
557 2037 617 2100 illa
640 2057 727 2120 quae
750 2038 837 2100 caeli
860 2048 948 2112 sunt,
974 2047 1009 2101 et
1039 2039 1229 2102 inserviunt
1253 2059 1319 2121 pro

194 2131 314 2193 mediis
334 2130 480 2192 naturali
500 2130 607 2193 menti
624 2131 668 2192 ad
691 2149 770 2193 suos
789 2129 886 2205 fines,
908 2139 988 2194 tunc
1010 2131 1121 2192 media
1138 2129 1207 2205 ill'a,
1223 2142 1313 2194 tam·

193 2223 259 2284 etsi
282 2232 449 2304 apparent
473 2222 648 2297 caelestia,
673 2243 779 2304 usque
801 2221 886 2285 fiunt
911 2222 1100 2296 naturalia3
1124 2221 1199 2285 finis
1223 2224 1316 2286 enim

192 2313 367 2396 qualificat
384 2314 453 2388 illa,
467 2313 552 2376 fiunt
568 2315 658 2377 enim
676 2316 763 2377 sicut
774 2314 963 2377 scientifica
976 2315 1141 2377 naturalis
1154 2315 1316 2390 hominis,

191 2406 227 2468 in
244 2407 363 2488 quibus
379 2408 471 2469 intus
491 2406 575 2470 nihil
594 2408 688 2470 vitae
707 2417 771 2469 est.
816 2405 884 2469 Sed
902 2408 979 2488 quia
996 2407 1163 2470 caelestia
1179 2427 1248 2470 non
1265 2409 1318 2470 ita

192 2507 338 2580 possunt
349 2498 511 2580 conjungi
524 2499 747 2572 naturalibus,
759 2508 796 2561 ut
810 2519 912 2560 unum
925 2510 1044 2580 agant,
1059 2499 1137 2563 ideo
1151 2510 1316 2582 separant

190 2611 241 2664 se,
257 2611 297 2653 ac
317 2591 483 2654 caelestia
498 2591 588 2673 apud
608 2611 699 2654 mere
717 2591 893 2653 naturales
909 2591 1066 2655 homines
1086 2612 1122 2655 se
1141 2603 1314 2674 reponunt

190 2683 236 2745 ab
248 2695 349 2746 extra
361 2685 395 2745 in
413 2685 555 2746 circuitu
571 2684 697 2746 circum
712 2683 881 2746 naturalia
894 2704 980 2765 quae
994 2686 1084 2747 intra
1097 2695 1187 2747 sunt.
1227 2685 1317 2748 Inde

190 2785 256 2848 est,
277 2776 367 2859 quod
388 2775 493 2838 homo
512 2794 606 2838 mere
626 2775 792 2837 naturalis
812 2777 922 2857 possit
941 2776 1035 2858 loqui
1058 2787 1093 2840 et
1114 2777 1316 2858 praedicare

191 2867 367 2942 caelestia,
388 2878 425 2930 et
444 2888 577 2950 quoque
597 2888 658 2949 per
676 2864 773 2930 attus
792 2867 951 2931 simulare
970 2869 1039 2940 illa,
1061 2871 1200 2931 tametsi
1220 2870 1316 2932 intus

190 2961 325 3041 cogitat
349 2970 472 3023 contra
491 2960 571 3037 illa;
604 2960 669 3023 hoc
689 2959 769 3022 facit
788 2980 864 3023 cum
884 2960 977 3024 solus
1001 2971 1065 3034 est,
1087 2961 1170 3023 illud
1195 2972 1313 3024 autem

190 3072 268 3114 cum
285 3054 317 3114 in
334 3064 438 3115 coetu
454 3064 518 3115 est.
566 3051 634 3116 Sed
651 3053 694 3114 de
711 3051 763 3113 his
780 3051 875 3132 plura
892 3054 1174 3134 insequentibus.

256 3145 351 3208 161.
383 3145 481 3207 Mens
501 3166 560 3207 seu
579 3144 684 3208 homo
705 3144 870 3206 naturalis
889 3166 932 3207 ex
954 3142 1126 3208 readtione
1146 3147 1208 3207 sibi
1229 3149 1313 3208 con-'

190 3245 274 3299 nata
292 3239 366 3317 agit
386 3249 508 3300 contra
531 3237 591 3300 illa
613 3258 700 3318 quae
720 3239 849 3298 mentis
873 3257 932 3298 seu
958 3237 1105 3299 hominis
1124 3237 1313 3318 spiritualis

189 3340 281 3402 sunt,
302 3349 378 3392 cum
403 3351 439 3391 se
464 3341 499 3393 et
523 3331 685 3391 mundum
705 3350 805 3411 super
825 3329 938 3391 omnia
958 3341 1073 3404 amat;
1105 3340 1186 3391 tunc
1208 3331 1311 3391 etiam

182 3419 371 3501 jucundum
396 3424 499 3484 sentit
524 3423 557 3484 in
583 3421 681 3484 malis
705 3424 816 3487 omnis
836 3423 982 3502 generis
1004 3434 1039 3483 ut
1064 3423 1096 3482 in
1121 3421 1311 3495 adulteriis,

189 3513 223 3576 in
244 3513 567 3590 defraudationibus,
588 3515 621 3576 in
641 3512 809 3588 vindieiis,
828 3515 928 3596 inque
947 3514 1310 3594 blasphemationibus,

187 3616 226 3670 et
243 3607 276 3669 in
287 3605 452 3670 similibus
464 3606 538 3670 aliis
552 3629 560 3685 ;
585 3617 620 3670 et
638 3629 771 3690 quoque
788 3617 869 3671 tunc
884 3618 1040 3669 naturam
1056 3616 1092 3668 ut
1109 3607 1309 3670 creatricem

188 3698 336 3761 universi
352 3701 532 3781 agnoscit3
556 3710 592 3764 et
609 3701 723 3763 omnia
740 3721 799 3782 per
815 3698 984 3762 rationale
997 3719 1092 3761 suum
1106 3698 1286 3763 confirmat
1301 3721 1309 3776 ;

191 3799 227 3854 et
247 3801 327 3872 post
347 3791 626 3856 confirmationes
642 3793 733 3854 bona
752 3801 788 3854 et
804 3812 885 3854 vera
905 3791 991 3855 caeli
1009 3800 1045 3854 et
1065 3792 1233 3856 ecclesiae
1254 3791 1309 3854 vel

188 3885 367 3965 pervertit,
387 3883 442 3947 vel
462 3883 618 3959 suffocat,
639 3882 694 3946 vel
714 3881 869 3960 refledtit,
890 3894 925 3947 et
946 3885 1087 3948 tandem
1107 3885 1165 3948 illa
1184 3884 1238 3948 vel
1257 3885 1308 3947 fu·

187 3974 250 4059 git,
271 3975 326 4038 vel
346 3986 533 4052 aversatur,
554 3976 608 4040 vel
629 3977 710 4039 odio
728 3975 845 4039 habet.
891 3975 968 4039 Hoc
988 3976 1022 4038 in
1042 3977 1160 4057 spiritu
1180 3997 1251 4050 suo,
1273 3985 1309 4039 et

186 4079 325 4134 tantum
342 4070 374 4133 in
395 4089 548 4151 corpore,
569 4080 734 4152 quantum
752 4091 796 4132 ex
817 4069 936 4150 spiritu
956 4089 1018 4131 suo
1038 4087 1114 4130 cum
1133 4068 1206 4130 aliis
1230 4069 1307 4130 abs-

187 4181 256 4245 que
285 4163 408 4226 timore
434 4159 586 4243 jaEturae
614 4159 723 4224 famae
748 4173 888 4243 propter
906 4161 1072 4224 honorem
1101 4168 1136 4221 et
1165 4159 1308 4234 lucrum,

185 4253 293 4318 audet
313 4253 414 4337 loqui.
462 4252 609 4334 Quando
629 4253 733 4316 homo
753 4253 832 4316 talis
852 4262 916 4326 est,
938 4262 1017 4315 tunc
1038 4259 1190 4314 mentem
1211 4252 1308 4332 spiri-

186 4345 318 4410 tualem
336 4347 529 4410 successive
545 4345 669 4409 ardiius
687 4357 722 4408 et
739 4344 863 4409 arctius
880 4345 1052 4421 occludit;
1077 4341 1307 4406 confirmatio·

187 4459 250 4528 nes
277 4438 358 4530 mali
389 4459 451 4528 per
479 4438 564 4502 salsa
583 4439 752 4530 'imprimis
775 4438 971 4500 occludunt.
1017 4437 1102 4499 Inde
1133 4446 1186 4500 est
1216 4436 1307 4517 quod

186 4531 316 4596 malum
333 4542 368 4597 et
384 4533 505 4595 salsum
523 4531 760 4594 confirmatum
776 4541 853 4611 post
871 4542 1017 4593 mortem
1036 4549 1104 4592 non
1122 4529 1308 4610 exstirpari

183 4626 297 4709 possit
309 4645 318 4702 ;
342 4627 555 4705 exstirpatur
576 4625 678 4686 modo
697 4624 729 4685 in
751 4625 878 4686 mundo
898 4645 956 4705 per
976 4623 1234 4704 paenitentiam.
1307 4640 1310 4653 ·
