3426 5382
475 697 528 749 oe
550 695 691 748 mvnvs
712 691 1071 748 itomanam-u.
1092 677 1144 761 98.
1330 674 1374 760 ⁶³

242 869 386 939 volendi
410 869 549 947 malum,
575 879 612 934 et
635 869 669 933 id
693 869 784 934 sicut
807 864 951 932 rationis
975 864 1086 928 facere
1108 883 1170 946 per
1193 860 1374 926 confirma·

242 970 372 1043 tiones,
389 967 520 1030 homini
536 964 687 1030 naturali
704 962 895 1038 tolleretur,
914 962 1039 1045 periret
1055 959 1196 1023 libertas
1213 968 1248 1022 et
1268 959 1374 1022 ratio·

243 1063 385 1139 nalitas,
404 1072 440 1126 et
464 1062 565 1126 simul
584 1062 748 1126 voluntas
771 1080 811 1122 ac
831 1053 1038 1131 intelledlus,
1059 1063 1095 1118 et
1115 1074 1184 1118 non
1204 1055 1376 1137 potuisset

243 1159 371 1223 abduci
389 1180 409 1222 a
428 1158 537 1234 malis,
556 1179 595 1221 ac
616 1156 801 1231 reformari,
819 1156 867 1216 ita
887 1173 956 1216 non
976 1149 1137 1232 conjungi
1157 1150 1318 1224 Domino,
1339 1158 1375 1214 et

246 1257 362 1320 vivere
380 1257 414 1319 in
436 1266 642 1332 aeternum;
666 1271 770 1335 quare
790 1249 959 1313 Dominus
984 1247 1125 1310 liberum
1150 1246 1239 1328 apud
1263 1245 1375 1308 homi-

246 1369 327 1415 nem
357 1351 408 1415 ita
433 1351 597 1425 custodit,
631 1349 719 1411 sicut
749 1346 855 1408 homo
885 1342 1050 1427 pupillam
1082 1341 1169 1403 oculi
1199 1341 1260 1402 sui.
1305 1339 1375 1405 Sed

246 1469 354 1530 usque
377 1447 545 1511 Dominus
565 1466 624 1529 per
645 1443 789 1506 liberum
813 1442 979 1504 continue
998 1437 1138 1500 abducit
1161 1435 1335 1499 hominem
1355 1456 1375 1500 a

247 1541 360 1618 malis,
383 1553 418 1606 et
440 1550 607 1624 quantum
635 1561 694 1622 per
719 1537 862 1601 liberum
886 1535 1057 1600 abducere
1081 1540 1211 1613 potest,
1235 1540 1374 1594 tantum

247 1659 309 1722 per
332 1638 474 1702 liberum
499 1637 685 1718 implantat
713 1633 830 1711 bona3
864 1631 915 1696 ita
944 1629 1139 1693 successive
1168 1627 1247 1690 loco
1277 1625 1375 1689 liberi

247 1733 423 1798 infernalis
443 1733 530 1796 indit
550 1729 694 1794 liberum
714 1728 877 1794 caeleste.

313 1829 387 1911 98.
418 1825 555 1890 Dictum
575 1848 677 1909 supra
697 1841 763 1901 est,
782 1825 874 1908 quod
893 1823 987 1886 omni
1006 1821 1137 1887 homini
1160 1822 1204 1887 sit
1228 1820 1375 1886 facultas

230 1935 231 1938 ’
248 1924 400 1998 volendi,
412 1943 499 2007 quae
511 1934 656 1986 vocatur
672 1921 823 1995 libertas,
838 1930 874 1983 et
890 1918 1039 1982 facultas
1052 1917 1270 2002 intelligendi
1287 1937 1374 2000 quae

248 2028 395 2083 vocatur
416 2017 655 2094 rationalitas;
683 2018 743 2080 sed
764 2016 874 2098 probe
895 2015 1071 2077 sciendum
1092 2023 1159 2087 est,
1179 2013 1271 2096 quod
1294 2011 1375 2075 illae

244 2113 430 2180 facultates
447 2114 577 2178 homini
593 2115 681 2177 sicut
698 2115 819 2176 insitae
835 2113 915 2187 sint,
939 2122 993 2174 est
1013 2112 1103 2173 enim
1123 2111 1233 2193 ipsum
1252 2110 1373 2173 huma·

249 2228 331 2274 num
351 2210 477 2274 inillis.
522 2207 589 2273 Sed
614 2220 650 2271 ut
675 2229 758 2271 mox
782 2207 911 2273 dietum
932 2221 998 2285 est,
1019 2209 1110 2272 aliud
1134 2218 1187 2272 est
1205 2229 1250 2272 ex
1266 2206 1375 2270 libero

247 2306 438 2370 secundum
460 2305 629 2369 rationem
653 2323 768 2385 agere,
785 2314 821 2368 et
849 2305 939 2369 aliud
964 2327 1009 2368 ex
1029 2305 1104 2388 ipso
1124 2304 1232 2368 libero
1251 2321 1373 2367 secun·

247 2401 331 2464 dum
364 2403 472 2483 ipsam
504 2401 672 2462 rationem
703 2420 815 2481 agere.
862 2399 917 2463 Ex
946 2402 1021 2483 ipso
1049 2401 1159 2464 libero
1185 2399 1374 2464 secundum

247 2498 359 2578 ipsam
387 2497 558 2560 rationem
585 2505 693 2575 agunt
724 2515 794 2558 non
821 2496 890 2569 alii,
908 2516 1009 2579 quam
1035 2499 1092 2580 qui
1119 2517 1156 2561 se
1179 2497 1270 2579 passi
1293 2504 1373 2558 sunt

247 2592 444 2674 regenerari
463 2612 483 2654 a
502 2590 672 2668 Domino;
696 2589 817 2673 reliqui
841 2601 960 2655 autem
983 2613 1028 2657 ex
1053 2591 1162 2655 libero
1185 2591 1373 2655 secundum

244 2687 510 2769 cogitationem,
538 2705 640 2768 quam
671 2685 781 2748 instar
810 2686 955 2749 rationis
983 2686 1126 2760 faciunt,
1152 2695 1270 2769 agunt.
1321 2684 1374 2750 At

246 2803 355 2865 usque
371 2784 482 2845 omnis
501 2781 618 2852 homo,
639 2781 702 2843 nisi
724 2791 826 2844 natus
850 2781 895 2844 sit
925 2781 1039 2844 fatuus
1063 2789 1122 2844 aut
1145 2798 1277 2844 summe
1300 2790 1374 2844 stu·

245 2879 357 2959 pidus,
382 2884 501 2960 potest
524 2875 568 2938 ad
593 2876 702 2956 ipsam
726 2876 907 2950 rationem,
933 2885 969 2939 et
996 2896 1056 2958 per
1079 2876 1172 2940 illam
1196 2875 1239 2940 ad
1262 2877 1374 2957 ipsum

244 2972 392 3036 liberum
411 2972 548 3048 venire;
579 2971 641 3033 sed
664 2970 755 3052 quod
779 2990 848 3033 non
865 2971 996 3042 veniat.
1016 2983 1097 3035 sunt
1116 2971 1230 3054 plures
1250 2991 1374 3035 causae

244 3085 333 3149 quae
349 3066 384 3128 in
400 3066 624 3148 sequentibus
639 3065 869 3148 detegentur:
895 3066 949 3130 hic
967 3066 1080 3130 solum
1094 3068 1238 3140 dicetur,
1253 3064 1374 3148 quibus

244 3162 357 3244 ipsum
387 3161 531 3224 liberum
554 3181 614 3224 seu
637 3161 711 3242 ipsa
733 3161 886 3236 libertas,
912 3169 947 3225 et
982 3164 1081 3227 simul
1106 3163 1179 3244 ipsa
1199 3163 1291 3225 ratio
1314 3181 1374 3223 seu

245 3258 320 3338 ipsa
340 3255 570 3332 rationalitas,
590 3276 659 3320 non
683 3257 755 3320 dari
778 3266 935 3339 possunt,
958 3269 994 3322 et
1018 3257 1140 3341 quibus
1163 3276 1266 3338 aegre
1290 3256 1374 3321 dari.

244 3359 305 3426 (2.1
326 3351 405 3434 Ipsa
417 3350 560 3415 libertas
572 3361 608 3414 et
620 3352 696 3434 ipsa
708 3352 927 3417 rationalitas
944 3375 1012 3418 non
1026 3357 1098 3418 dari
1114 3365 1259 3436 possunt
1273 3354 1375 3419 fatuis

243 3467 292 3510 ex
312 3448 517 3524 nativitate;
541 3467 604 3510 nec
624 3447 726 3510 fatuis
742 3458 867 3529 postea
887 3447 985 3514 saetis
1002 3452 1164 3535 quamdiu
1179 3450 1264 3515 latui
1284 3463 1375 3516 sunt.

244 3541 329 3623 Ipsa
345 3541 488 3605 libertas
507 3550 544 3605 et
563 3542 637 3624 ipsa
653 3542 872 3608 rationalitas
891 3567 952 3610 nec
974 3547 1046 3610 dari
1065 3556 1212 3630 possunt
1228 3548 1375 3629 stupidis

242 3648 283 3701 et
303 3637 417 3701 obesis
433 3639 535 3712 natis,
552 3646 588 3701 et
607 3637 809 3719 quibusdam
827 3637 926 3705 ladlis
942 3663 988 3706 ex
1008 3653 1146 3725 torpore
1162 3643 1236 3716 otii,
1254 3656 1312 3706 aut
1329 3665 1374 3707 ex

244 3733 463 3815 aegritudine
487 3754 573 3815 quae
597 3735 766 3817 pervertit
790 3747 850 3801 aut
881 3759 1018 3821 prorsus
1042 3739 1187 3803 occlusit
1210 3741 1375 3804 interiora

243 3829 385 3902 mentis,
406 3840 465 3890 aut
486 3849 531 3890 ex
550 3848 667 3893 amore
686 3831 779 3895 vitae
799 3834 939 3897 bestiae.
986 3845 1043 3904 [3.]
1076 3835 1156 3918 Ipsa
1174 3835 1318 3899 libertas
1339 3847 1375 3900 et
1484 3877 1490 3888 ·

243 3925 321 4005 ipsa
340 3923 558 3987 rationalitas
577 3945 640 3989 nec
660 3927 733 3989 dari
754 3941 899 4009 possunt
916 3933 1005 4013 apud
1027 3932 1103 3995 illos
1122 3932 1156 3994 in
1176 3929 1375 3995 Christiano

242 4021 339 4094 orbe,
365 4021 421 4102 qui
451 4039 590 4103 prorsus
613 4031 745 4104 negant
770 4023 931 4089 Divinum
966 4026 1116 4102 Domini,
1141 4038 1176 4091 et
1205 4025 1373 4091 sanctita·

246 4125 319 4179 tem
339 4113 457 4189 Verbi,
478 4134 518 4179 ac
543 4117 765 4198 negationem
786 4121 876 4200 apud
900 4142 936 4185 se
961 4142 1066 4204 usque
1090 4124 1132 4185 ad
1158 4123 1260 4188 finem
1279 4127 1374 4191 vitae

242 4209 485 4275 confirmatam
504 4213 743 4291 retinuerunt;
772 4214 837 4279 hoc
862 4218 953 4280 enim
976 4218 1181 4300 intelligitur
1209 4242 1268 4303 per
1291 4242 1372 4304 pec·

241 4315 361 4371 catum
396 4314 519 4371 contra
552 4306 717 4391 Spiritum
749 4308 925 4388 Sant‘tum,
955 4315 1046 4396 quod
1081 4335 1150 4379 non
1184 4318 1374 4383 remittitur

241 4404 280 4466 in
308 4400 374 4466 hoc
402 4401 553 4480 saeculo,
580 4423 644 4467 nec
673 4406 706 4467 in
734 4405 848 4470 futuro
878 4407 1016 4491 (Matth.
1040 4411 1099 4474 xii.
1124 4427 1175 4491 31,
1201 4411 1267 4494 32).
1314 4429 1372 4490 [4.]

245 4497 328 4580 Ipsa
351 4495 493 4562 libertas
523 4508 560 4563 et
590 4499 665 4582 ipsa
687 4501 907 4567 rationalitas
930 4525 993 4569 nec
1018 4505 1091 4570 dari
1114 4517 1259 4589 possunt
1281 4507 1372 4590 apud

241 4593 334 4669 illos,
355 4595 412 4677 qui
431 4595 548 4659 omnia
566 4605 721 4671 naturae,
742 4606 778 4661 et
798 4599 882 4662 nihil
903 4601 1039 4675 Divino,
1061 4603 1262 4678 attribuunt,
1282 4615 1318 4668 et
1337 4604 1372 4668 id

242 4713 306 4774 per
324 4691 503 4755 ratiocinia
521 4713 565 4754 ex
585 4692 775 4756 visibilibus
792 4693 948 4760 lecerunt
961 4717 1043 4760 suae
1056 4695 1149 4760 fidei:
1170 4693 1370 4762 hi¹¹¹etenim
