3418 5370
546 614 597 664 ns
620 614 757 666 o1v1un
781 614 1147 668 Pnov1oaurm..-N.
1166 618 1228 684 330
1389 617 1448 683 29¹

320 785 528 852 salvationis
551 786 729 864 deessent,
749 787 912 852 tolleret:
943 787 1035 872 quod
1059 797 1176 852 autem
1200 787 1314 852 media
1337 785 1452 851 salva·

323 883 429 949 tionis
452 883 618 947 unicuivis
636 885 774 966 provisa
796 885 878 958 sint,
902 892 938 948 et
962 884 1055 967 quod
1078 884 1213 948 caelum
1236 884 1308 950 tale
1331 885 1387 958 sit,
1413 890 1451 947 ut

321 997 444 1042 omnes
468 998 514 1042 ex
538 998 741 1062 quacunque
765 979 932 1061 religione
956 980 1035 1054 sint,
1056 980 1112 1062 qui
1135 979 1224 1044 bene
1247 980 1379 1054 vivunt,
1399 977 1452 1042 lo·

321 1093 399 1138 curn
412 1075 460 1139 ibi
472 1073 636 1150 habeant,
651 1095 753 1157 supra
765 1075 1044 1138 demonstratum
1057 1085 1122 1138 est.
1169 1073 1235 1140 Est
1247 1074 1353 1138 homo
1363 1075 1453 1138 sicut

321 1179 425 1246 terra,
446 1190 535 1254 quae
559 1171 720 1254 producit
739 1172 852 1234 omnis
870 1171 1008 1254 generis
1030 1167 1169 1246 fructus,
1190 1191 1235 1233 ex
1259 1190 1327 1253 qua
1344 1169 1452 1233 lacul-

321 1275 399 1331 tate
418 1275 511 1330 terra
535 1274 590 1330 est
617 1276 722 1342 terra,
741 1265 834 1351 quod
863 1268 967 1331 etiam
987 1265 1157 1350 producat
1180 1266 1293 1329 malos
1310 1263 1453 1340 fructus,

323 1381 393 1424 non
412 1359 506 1426 tollit
535 1362 617 1446 quin
641 1364 746 1426 etiam
766 1362 954 1445 producere
973 1363 1082 1445 possit
1103 1362 1225 1436 bonos,
1246 1371 1282 1426 at
1310 1360 1454 1425 tolleret

322 1457 351 1519 si
370 1476 439 1520 non
456 1458 626 1540 potuisset
643 1458 831 1540 producere
848 1459 912 1522 nisi
928 1476 1030 1542 quam
1046 1455 1166 1522 malos.
1212 1455 1330 1521 Homo
1345 1457 1453 1520 etiam

322 1560 378 1616 est
407 1553 497 1618 sicut
521 1549 705 1635 objectum,
730 1554 824 1637 quod
847 1553 932 1618 lucis
951 1554 1068 1618 radios
1091 1555 1125 1617 in
1149 1573 1186 1618 se
1209 1554 1390 1634 variegat;
1424 1551 1454 1616 si

323 1649 429 1712 modo
444 1649 536 1713 sistit
553 1648 689 1713 colores
704 1649 919 1726 inamoenoS,
937 1659 1077 1714 nonest
1094 1649 1154 1712 lux
1173 1650 1207 1713 in
1223 1669 1347 1726 causa,
1370 1668 1453 1732 pos·

323 1754 404 1808 sunt
423 1745 530 1809 etiam
553 1743 639 1809 lucis
662 1745 748 1809 radii
766 1747 935 1828 variegari
959 1747 993 1808 in
1017 1745 1153 1808 colores
1170 1763 1347 1808 amoenos.
1393 1749 1452 1810 [tl-l

324 1839 501 1905 Tertium:
525 1839 623 1919 Quod
637 1839 813 1904 salventur
835 1841 891 1905 illi
910 1841 987 1916 soli,
1008 1841 1069 1924 qui
1088 1841 1182 1904 intra
1196 1839 1364 1904 ecclesiam
1379 1834 1456 1901 nati

323 1945 412 2012 sunt,
436 1937 485 2001 sit
509 1935 662 2000 haeresis
684 1935 816 2000 insana.
862 1935 948 2001 Sunt
978 1936 1028 2000 illi
1057 1937 1115 2020 qui
1143 1945 1247 2000 extra
1268 1935 1454 2000 ecclesiam

324 2034 396 2096 nati
417 2041 498 2097 sunt
518 2053 627 2116 aeque
646 2032 806 2096 homines
830 2042 867 2097 ut
890 2031 940 2096 illi
963 2034 1020 2116 qui
1043 2033 1134 2096 intra
1155 2031 1263 2107 illam,
1283 2053 1328 2096 ex
1352 2029 1455 2094 simili

324 2129 457 2210 origine
487 2129 643 2204 caelesti,
668 2149 778 2211 aeque
802 2130 937 2192 animae
960 2129 1121 2193 viventes
1154 2138 1191 2193 et
1228 2127 1457 2192 immortales,

326 2223 390 2288 Est
409 2224 476 2288 illis
496 2246 631 2309 quoque
650 2224 784 2307 religio,
805 2246 850 2288 ex
869 2245 937 2308 qua
955 2234 1152 2308 agnoscunt
1171 2224 1262 2308 quod
1283 2223 1376 2286 Deus
1395 2223 1457 2298 sit,

323 2329 360 2383 et
380 2320 473 2404 quod
492 2320 580 2385 bene
598 2321 783 2384 vivendum
800 2322 856 2396 sit,
874 2330 910 2385 et
930 2321 987 2403 qui
1003 2321 1162 2403 agnoscit
1181 2319 1293 2382 Deum
1311 2327 1347 2381 et
1363 2318 1455 2382 bene

324 2416 421 2490 vivit,
441 2415 480 2480 fit
499 2415 685 2499 spiritualis
704 2417 737 2479 in
757 2437 820 2480 suo
837 2416 958 2498 gradu,
979 2425 1016 2479 et
1035 2414 1200 2490 salvatur,
1217 2424 1254 2477 ut
1273 2434 1376 2497 supra
1394 2433 1454 2477 os·

324 2523 461 2573 tensum
474 2520 538 2574 est.
581 2509 716 2573 Dicitur
727 2510 818 2593 quod
833 2530 900 2572 non
915 2511 984 2573 sint
997 2510 1173 2592 baptizati,
1186 2510 1247 2572 sed
1263 2509 1455 2593 baptizatio

325 2625 393 2667 non
412 2604 499 2667 alios
518 2603 643 2680 salvat,
663 2625 765 2687 quam
785 2606 842 2688 qui
864 2605 1088 2686 spiritualiter
1107 2605 1277 2679 lavantur,
1298 2604 1364 2669 hoc
1384 2615 1455 2682 est,

324 2709 583 2782 regenerantur,
601 2700 793 2784 baptismus
809 2701 901 2764 enim
918 2710 972 2764 est
991 2702 1025 2765 in
1045 2702 1180 2784 signum
1196 2712 1232 2767 et
1252 2700 1455 2766 memoriale

324 2797 407 2880 ejus.
453 2804 511 2864 [6.]
543 2796 646 2879 Quod
671 2797 841 2861 Dominus
864 2798 932 2862 illis
958 2818 1027 2862 non
1051 2809 1155 2863 notus
1178 2800 1235 2876 sit,
1255 2811 1292 2864 et
1322 2798 1455 2883 absque

326 2894 477 2958 Domino
500 2894 596 2958 nulla
618 2894 732 2972 salus;
760 2905 797 2959 at
821 2895 916 2960 nulla
938 2895 1039 2960 alicui
1063 2897 1156 2961 salus
1179 2907 1233 2961 est
1257 2907 1452 2981 propterea,

324 2991 416 3075 quod
446 2993 477 3055 ei
508 2991 677 3055 Dominus
707 3000 811 3055 notus
841 2993 898 3068 sit,
926 2993 987 3056 sed
1018 2993 1110 3076 quod
1135 2995 1230 3058 vivat
1261 2993 1452 3057 secundum

324 3097 511 3170 praecepta
531 3087 662 3169 Ipsius;
686 3107 725 3150 ac
747 3097 851 3151 notus
869 3096 923 3151 est
944 3089 1051 3150 cuivis
1070 3089 1126 3172 qui
1145 3091 1306 3171 agnoscit
1327 3089 1451 3164 Deum,

325 3203 405 3246 nam
429 3183 600 3246 Dominus
623 3191 677 3246 est
709 3182 804 3245 Deus
834 3183 921 3246 caeli
951 3193 987 3247 et
1018 3193 1141 3257 terrae,
1166 3194 1203 3249 ut
1238 3184 1317 3267 lpse
1345 3184 1452 3249 docet

327 3277 467 3359 (Marta.
495 3279 615 3342 xxviii.
641 3280 689 3354 18,
713 3287 749 3342 et
780 3277 899 3362 alibi);
933 3288 969 3342 et
993 3288 1173 3362 praeterea
1196 3279 1246 3343 illi
1269 3281 1326 3363 qui
1349 3288 1453 3344 extra

325 3374 509 3438 ecclesiam
538 3385 631 3451 sunt,
660 3374 773 3437 ideam
802 3375 845 3436 de
876 3374 954 3438 Deo
984 3384 1021 3438 ut
1053 3373 1214 3450 Homine,
1241 3375 1318 3456 plus
1347 3394 1452 3457 quam

325 3467 523 3545 Christiani,
540 3470 690 3549 habent;
713 3479 750 3533 et
770 3468 829 3544 illi,
847 3470 969 3552 quibus
985 3471 1063 3534 idea
1082 3470 1125 3534 de
1145 3471 1221 3535 Deo
1241 3481 1279 3534 ut
1299 3469 1451 3534 Homine

256 3615 259 3622 .
324 3575 390 3641 est,
415 3574 451 3628 et
482 3566 571 3630 bene
594 3568 726 3640 vivunt,
751 3575 980 3647 acceptantur
1002 3586 1024 3630 a
1048 3566 1220 3646 Domino;
1254 3576 1452 3647 agnoscunt

323 3661 430 3723 etiam
444 3659 556 3724 Deum
570 3681 673 3724 unum
687 3681 835 3742 persona
848 3671 883 3726 et
900 3662 1061 3738 essentia,
1075 3683 1176 3727 secus
1189 3682 1228 3726 ac
1242 3660 1449 3726 Christiani:

323 3767 360 3821 et
379 3776 515 3840 quoque
532 3758 690 3837 cogitant
710 3757 753 3819 de
770 3755 847 3820 Deo
862 3757 897 3821 in
913 3757 984 3821 vita
1000 3777 1080 3835 sua;
1106 3758 1199 3821 mala
1214 3759 1305 3822 enim
1320 3757 1451 3821 faciunt

323 3863 470 3935 peccata
487 3862 609 3915 contra
628 3852 751 3926 Deum,
772 3861 808 3914 et
832 3853 888 3935 qui
911 3851 976 3915 hoc
995 3852 1138 3930 iaciunt,
1158 3853 1207 3916 illi
1227 3854 1386 3935 cogitant
1405 3853 1451 3917 de

324 3949 401 4012 Deo
421 3951 454 4012 in
473 3948 544 4011 vita
563 3969 634 4011 sua.
680 3947 870 4030 Praecepta
887 3947 1064 4029 religionis
1083 3958 1162 4013 sunt
1180 3947 1384 4014 Christianis
1403 3969 1449 4012 ex

325 4044 453 4120 Verbo,
478 4042 540 4107 sed
570 4043 669 4126 pauci
695 4052 776 4106 sunt
805 4043 862 4125 qui
890 4043 1007 4127 aliqua
1031 4053 1217 4128 praecepta
1246 4046 1340 4108 vitae
1369 4045 1452 4109 inde

324 4142 483 4205 hauriunt
496 4162 504 4219 ;
552 4145 610 4207 [7.]
643 4136 813 4202 Pontificii
836 4158 906 4202 non
926 4139 1048 4223 legunt
1067 4139 1175 4220 illud;
1199 4150 1234 4206 et
1257 4140 1451 4204 Reformati

323 4239 379 4318 qui
406 4239 440 4300 in
464 4236 530 4300 fide
554 4245 715 4319 separata
738 4254 758 4297 a
781 4233 954 4300 charitate
982 4247 1074 4312 sunt,
1099 4256 1169 4300 non
1193 4238 1381 4301 attendunt
1404 4236 1450 4300 ad

322 4332 382 4394 illa
405 4333 450 4395 ibi
469 4353 557 4414 quae
577 4340 791 4394 concernunt
810 4331 931 4407 vitam,
951 4333 1013 4397 sed
1033 4330 1144 4396 solum
1157 4353 1244 4416 quae
1263 4331 1386 4410 fidem;
1411 4341 1450 4396 et

323 4449 429 4508 usque
448 4436 561 4491 totum
581 4424 735 4490 Verbum
759 4447 828 4490 non
858 4438 913 4492 est
941 4429 1006 4492 nisi
1036 4447 1138 4512 quam
1158 4424 1324 4493 Doctrina
1343 4428 1449 4492 vitae.

322 4522 605 4587 Christianismus
633 4532 687 4586 est
718 4523 823 4586 modo
853 4524 886 4586 in
911 4523 1060 4608 Europa,
1089 4524 1384 4589 Mahumedismus
1410 4535 1449 4589 et

320 4617 547 4683 Gentilismus
570 4628 624 4682 est
655 4620 688 4682 in
717 4618 815 4697 Asia,
841 4619 958 4696 lndiis,
983 4620 1101 4684 Africa
1128 4630 1164 4684 et
1194 4620 1377 4700 America;
1410 4630 1448 4684 et
