3410 5382
504 691 555 742 DE
575 691 712 742 DlVlNA
735 693 1093 742 PROVIDENTlA.-N.
1119 697 1186 762 123.
1332 767 1338 778 ¹
1372 711 1415 777 79

275 865 337 929 [2]
372 861 574 949 Antequam
605 862 691 927 haec
717 861 814 939 fiunt,
840 862 1035 947 supradicta
1060 865 1143 929 nihil
1172 865 1307 948 juvant,
1332 877 1414 933 sunt

274 957 370 1022 enim
380 958 436 1023 vel
450 959 624 1024 meritoria
634 959 690 1023 vel
703 959 920 1043 hypocritica
934 981 941 1039 ;
966 980 1005 1024 ac
1019 960 1069 1025 illi
1082 973 1252 1045 apparent
1265 965 1299 1027 in
1313 964 1414 1028 caelo

273 1073 393 1119 coram
413 1055 546 1138 angelis
569 1065 629 1120 aut
653 1056 742 1120 sicut
766 1058 968 1121 meretrices
985 1057 1150 1140 pulchrae
1176 1081 1222 1123 ex
1246 1061 1328 1125 tabe
1352 1081 1414 1126 sua

276 1151 368 1215 male
384 1151 541 1228 olentes;
565 1159 625 1215 aut
642 1151 730 1216 sicut
747 1151 907 1216 mulieres
924 1151 1096 1217 deformes
1113 1176 1159 1218 ex
1176 1154 1318 1221 inducto
1333 1157 1413 1223 fuco

273 1257 486 1329 apparentes
505 1247 696 1310 formosae:
725 1257 785 1311 aut
804 1249 895 1312 sicut
915 1250 1090 1330 personati
1111 1250 1234 1315 harioli
1258 1261 1293 1316 et
1316 1257 1411 1324 mimi

272 1361 378 1426 super
391 1342 559 1420 theatris;
583 1353 643 1407 aut
660 1344 749 1408 sicut
766 1343 885 1408 simiae
902 1344 935 1407 in
953 1346 1109 1409 vestibus
1125 1347 1295 1412 humanis.
1341 1348 1410 1413 Sed

271 1439 414 1522 quando
425 1438 517 1503 mala
526 1450 662 1502 remota
674 1448 766 1515 sunt,
779 1449 861 1503 tunc
875 1454 1173 1524 supramemorata
1186 1440 1270 1508 fiunt
1284 1447 1410 1510 amoris

271 1556 405 1613 eorum,
423 1545 459 1600 et
477 1534 527 1599 illi
546 1544 714 1617 apparent
735 1535 769 1598 in
789 1533 887 1599 caelo
904 1555 1019 1600 coram
1039 1537 1173 1620 angelis
1193 1548 1231 1604 ut
1250 1539 1409 1605 homines

274 1631 419 1715 pulchri,
437 1651 476 1696 ac
494 1641 532 1696 ut
551 1641 733 1697 consortes
752 1642 788 1696 ct
808 1633 962 1697 consocii
979 1653 1108 1698 eorum.

339 1741 429 1793 m.
462 1728 514 1792 At
530 1727 638 1811 probe
650 1728 828 1793 sciendum
845 1740 910 1805 est,
923 1731 1015 1814 quod
1030 1729 1137 1795 homo
1155 1732 1406 1813 paenitentiam

169 1849 170 1853 ¹
271 1819 411 1887 acturus
430 1824 474 1887 ad
495 1825 606 1888 solum
628 1822 815 1888 Dominum
833 1823 992 1908 spectare
1008 1825 1158 1903 debeat;
1182 1828 1210 1891 si
1230 1827 1273 1890 ad
1294 1827 1406 1892 solum

275 1918 388 1982 Deum
412 1918 550 1984 Patrem
575 1939 643 1983 non
670 1929 790 2003 potest
813 1919 981 2004 purificari
995 1943 1003 2001 ;
1039 1941 1102 1985 nec
1133 1923 1161 1984 si
1191 1921 1235 1984 ad
1266 1922 1406 1987 Patrem

272 2023 416 2098 propter
433 2014 557 2079 Filium
573 2036 581 2094 ;
606 2035 668 2079 nec
685 2017 713 2078 si
731 2017 776 2079 ad
797 2015 922 2080 Filium
943 2027 980 2081 ut
999 2017 1111 2081 solum
1130 2017 1325 2082 hominem:
1350 2029 1406 2086 est

270 2111 365 2174 enirn
390 2131 475 2175 unus
498 2109 603 2185 Deus,
628 2121 663 2175 et
688 2110 859 2175 Dominus
882 2121 937 2176 est
961 2111 1050 2190 Ille;
1079 2132 1159 2176 nam
1184 2111 1345 2177 Divinum
1369 2125 1405 2180 et

273 2204 474 2270 Humanum
499 2205 610 2288 Ipsius
632 2216 687 2271 est
710 2228 778 2271 una
802 2207 963 2282 Persona,
984 2217 1023 2271 ut
1045 2209 1079 2271 in
1103 2207 1268 2272 Doiirina
1285 2208 1405 2274 Novae

271 2299 525 2384 Hierosolymae
538 2300 580 2365 de
592 2300 745 2378 Domino,
759 2311 936 2366 ostensum
953 2313 1018 2367 est.
1060 2301 1111 2367 Ut
1125 2304 1268 2386 quisque
1285 2305 1405 2385 paeni·

269 2399 420 2462 tentiam
440 2393 577 2461 acturus
596 2394 731 2481 spectet
749 2398 795 2461 ad
815 2397 1001 2462 Dominum
1021 2397 1145 2471 solum,
1165 2399 1329 2462 instituta
1348 2409 1404 2464 est

269 2491 401 2558 Sanfta
413 2491 510 2557 Cena
521 2491 567 2556 ab
580 2491 672 2576 Ipso,
686 2513 774 2576 quae
787 2492 970 2558 confirmat
983 2493 1219 2557 remissionem
1236 2505 1403 2577 peccato·

269 2608 345 2653 rum
361 2588 451 2673 apud
467 2587 547 2652 illos
562 2589 619 2673 qui
639 2589 890 2671 paenitentiam
907 2598 1037 2671 agunt3
1061 2586 1256 2664 confirmat,
1272 2591 1351 2672 quia
1366 2591 1402 2655 in

268 2683 332 2749 illa
354 2684 450 2750 Cena
479 2705 540 2749 seu
568 2682 820 2748 Communione
844 2685 986 2768 quisque
1009 2692 1148 2748 tenetur
1171 2681 1329 2767 spectare
1356 2685 1403 2751 ad

268 2780 383 2845 solum
403 2781 602 2844 Dominum.

335 2889 428 2961 123.
452 2873 540 2958 (vii.)
577 2874 677 2954 Quod
694 2874 879 2939 continuum
900 2873 1047 2939 Divinae
1067 2873 1309 2939 Providentiae
1329 2875 1401 2940 Do-

269 2972 358 3037 mini
369 2971 427 3048 sit,
439 2981 477 3036 ut
490 2973 669 3056 conjicngat
682 2969 846 3035 hominem
859 2969 937 3036 Sibi
947 2991 987 3035 ac
1005 2969 1049 3035 Se
1063 2968 1126 3046 illi,
1140 2980 1178 3033 nt
1192 2971 1278 3034 dare
1287 2973 1403 3054 possit

267 3067 429 3150 eifelicia
446 3066 537 3131 vitae
553 3077 710 3131 aeternae
716 3088 732 3141 ‚⁰
754 3066 846 3150 quod
857 3087 922 3130 non
927 3066 1014 3152 fieri
1021 3074 1142 3147 potest,
1156 3065 1228 3129 nisi
1239 3077 1401 3148 quantum

268 3163 363 3229 mola
379 3183 451 3227 cum
469 3160 604 3226 illorum
621 3161 889 3244 concupiscentiis
908 3171 1035 3226 remota
1053 3172 1142 3226 sunt.
1188 3158 1291 3242 Quod
1315 3182 1400 3226 con·

268 3261 403 3326 tinuum
420 3257 567 3322 Divinae
584 3257 827 3322 Providentiae
843 3255 983 3320 Domini
998 3257 1045 3320 sit
1062 3254 1272 3337 conjungere
1287 3256 1399 3320 homi·

268 3377 351 3422 nem
368 3353 438 3419 Sibi
455 3362 493 3419 et
510 3351 555 3419 Se
570 3353 631 3430 illi,
645 3362 681 3417 et
697 3353 791 3439 quod
806 3351 867 3416 illa
880 3347 1074 3433 conjunftio
1091 3353 1136 3415 sit
1153 3371 1241 3434 quae
1254 3361 1401 3418 vocatur

267 3451 469 3519 reformatio
481 3460 518 3515 et
535 3450 766 3533 regeneratio,
779 3458 815 3514 ct
831 3447 924 3532 quod
940 3448 1019 3510 inde
1031 3446 1162 3510 homini
1178 3447 1223 3510 sit
1236 3445 1398 3526 salvatio,

267 3569 372 3633 supra
387 3546 435 3630 (n.
448 3545 580 3632 27-45,)
598 3555 776 3611 ostensum
792 3553 858 3609 est.
904 3540 989 3626 Quis
1005 3562 1074 3606 non
1090 3542 1198 3618 videt,
1210 3543 1302 3626 quod
1315 3563 1399 3607 con·

264 3642 397 3730 junftio
416 3665 493 3709 cum
512 3644 590 3708 Deo
608 3643 653 3707 sit
673 3642 747 3706 vita
766 3651 910 3705 aeterna
932 3649 968 3704 et
992 3637 1164 3702 salvatio?
1206 3636 1284 3703 Hoc
1304 3641 1400 3705 videt

268 3741 382 3805 omnis
401 3739 457 3822 qui
476 3738 598 3814 credit,
617 3735 711 3821 quod
728 3734 887 3800 homines
906 3755 927 3797 a
945 3734 1122 3798 creatione
1140 3733 1210 3796 sint
1229 3733 1399 3816 imagines

267 3847 306 3902 et
334 3835 578 3900 similitudines
608 3832 672 3898 Dei
702 3830 799 3914 (Gen.
822 3832 842 3895 i.
867 3831 918 3906 26,
943 3829 1013 3915 27),
1037 3837 1073 3893 et
1101 3829 1158 3912 qui
1189 3829 1288 3894 novit
1316 3830 1399 3913 quid

267 3933 387 4015 imago
410 3941 446 3996 et
473 3929 663 3995 similitudo
686 3927 761 3992 Dei.
806 3930 865 3992 [ι]
897 3923 983 4008 Quis
1012 3925 1066 3990 cui
1095 3943 1183 3988 sana
1208 3925 1302 3989 ratio
1331 3937 1398 4001 est,

267 4029 352 4095 dum
372 4049 418 4092 ex
437 4025 676 4092 rationalitate
695 4043 756 4087 sua
774 4021 921 4104 cogitat,
941 4031 978 4087 et
997 4041 1044 4085 ex
1064 4018 1227 4084 libertate
1243 4039 1305 4082 sua
1322 4017 1399 4083 vult

266 4125 439 4206 cogitare,
469 4131 590 4206 potest
618 4118 770 4194 credere,
800 4116 894 4202 quod
927 4126 999 4182 tres
1032 4115 1089 4180 Dii
1122 4115 1204 4191 sint,
1235 4114 1400 4198 aequales

268 4220 435 4295 essentia,
465 4237 506 4284 ac
538 4216 629 4303 quod
659 4214 823 4279 Divinum
856 4210 945 4277 Esse
978 4233 1039 4276 seu
1072 4209 1201 4275 Divina
1234 4208 1401 4275 Essentia

269 4315 382 4398 possit
406 4312 536 4380 dividi?
582 4309 685 4395 Quod
707 4308 850 4374 Trinum
873 4308 920 4372 sit
938 4308 974 4371 in
996 4326 1065 4371 uno
1084 4305 1172 4383 Deo,
1192 4304 1260 4369 hoc
1280 4314 1401 4389 potest

269 4412 420 4494 cogitari
442 4419 478 4476 et
502 4405 759 4490 comprehendi,
784 4405 873 4469 sicut
897 4403 1201 4488 comprehenditur
1225 4401 1341 4466 anima
1364 4411 1400 4467 et

268 4527 396 4574 cornus
421 4506 457 4571 in
487 4503 614 4587 angelo
636 4522 677 4567 ac
706 4502 741 4566 in
770 4500 922 4575 homine,
945 4518 986 4564 ac
1016 4497 1210 4584 procedens
1234 4498 1329 4562 vitae
1356 4496 1401 4562 ab

268 4601 349 4668 illis.
387 4600 436 4666 Et
452 4597 613 4685 quiahoc
628 4595 772 4662 Trinum
788 4595 822 4659 in
839 4593 920 4659 Uno
936 4592 1038 4658 datur
1052 4592 1165 4658 solum
1180 4592 1215 4656 in
1234 4591 1399 4670 Domino,

268 4699 425 4778 sequitur
442 4695 535 4778 quod
554 4689 748 4776 conjunctio
767 4692 832 4755 erit
852 4709 929 4754 curn
949 4689 1041 4774 Ipso.
1085 4687 1197 4755 Utere
1219 4688 1400 4755 rationali·
