3352 5374
435 703 485 754 oa
508 702 643 754 mvlno
667 702 811 764 anons,
836 703 928 752 enas
951 701 1079 752 1v.-u.
1100 701 1170 768 347.
1302 699 1360 768 153

243 875 404 940 cordibus
423 883 458 938 et
477 874 694 956 pulmonibus
711 872 911 952 afflantur,
934 893 974 936 ae
994 892 1136 955 regnum
1154 868 1360 954 vegetabile,

245 968 337 1051 quod
368 963 438 1048 ejus
468 963 620 1048 subjedta
651 967 798 1029 radicem
832 965 865 1027 in
899 975 990 1028 terra
1020 973 1137 1046 agant,
1170 963 1362 1046 producant

243 1058 388 1134 caulem,
421 1078 543 1134 ramos,
568 1058 657 1132 lolia,
687 1056 796 1132 flores,
821 1055 957 1132 lrudtus,
982 1058 1122 1120 semina.
1169 1055 1363 1138 Utrumque

245 1171 388 1234 regnum
404 1162 477 1214 tarn
494 1149 641 1213 animale
657 1169 758 1232 quam
771 1148 977 1230 vegetabile,
991 1149 1103 1232 quoad
1120 1145 1362 1230 productiones

243 1245 277 1306 in
301 1265 378 1306 suas
401 1244 526 1307 lormas
549 1242 592 1305 ab
615 1241 743 1305 influxu
766 1251 802 1306 et
826 1242 1025 1323 operatione
1049 1239 1216 1322 spirituali
1239 1259 1258 1302 e
1281 1236 1362 1302 Sole

243 1336 341 1409 caeli,
362 1335 419 1398 ubi
449 1345 501 1398 est
531 1333 709 1408 Dominus,
729 1333 872 1397 trahunt
891 1352 988 1396 suum
1008 1341 1131 1405 ortum,
1152 1342 1188 1394 et
1219 1349 1287 1394 non
1316 1350 1363 1394 ex

243 1427 372 1490 influxu
392 1438 427 1490 et
450 1427 650 1510 operatione
670 1435 812 1489 naturae
835 1447 853 1488 e
877 1425 951 1489 sole
967 1424 1049 1507 ejus,
1070 1433 1207 1505 praeter
1224 1421 1362 1486 fixatio·

246 1538 323 1582 nem
341 1538 468 1593 eorum,
486 1528 522 1581 ut
538 1537 639 1600 supra
655 1516 782 1580 dietum
799 1528 863 1582 est.
908 1514 1032 1582 Omnia
1047 1515 1217 1590 animalia,
1235 1513 1360 1596 majora

244 1621 279 1674 et
303 1612 445 1683 minora,
470 1609 610 1674 trahunt
634 1619 745 1672 ortum
769 1631 814 1674 ex
838 1609 1004 1691 spirituali
1034 1610 1067 1672 in
1096 1608 1216 1672 ultimo
1240 1606 1360 1688 gradu,

241 1703 298 1784 qui
322 1701 485 1765 naturalis
508 1713 671 1778 vocatur;
698 1701 791 1764 solus
814 1702 918 1766 homo
941 1701 985 1764 ab
1008 1701 1164 1764 omnibus
1187 1697 1360 1781 gradibus,

240 1794 298 1877 qui
314 1804 384 1858 tres
399 1803 490 1868 sunt,
508 1804 543 1858 et
562 1803 729 1856 vocantur
744 1793 915 1868 caelestis,
930 1792 1114 1874 spiritualis
1130 1800 1165 1854 et
1185 1789 1359 1857 naturalis.

241 1884 331 1966 Quia
353 1887 580 1968 unusquisque
604 1887 729 1968 gradus
752 1885 943 1950 altitudinis
966 1906 1026 1948 seu
1052 1885 1222 1948 discretus
1251 1904 1272 1946 a
1300 1901 1362 1948 suo

243 1975 395 2058 perfetio
414 1979 457 2040 ad
476 1989 573 2040 s'uum
593 1974 827 2059 imperfeftum
846 1978 1015 2041 decrescit
1035 1977 1123 2041 sicut
1141 1977 1201 2039 lux
1220 1976 1263 2039 ad
1286 1993 1361 2038 um·

241 2069 349 2144 bram,
369 2089 429 2152 per
453 2071 663 2145 continuum,
683 2070 733 2133 ita
755 2089 889 2153 quoque
907 2069 1079 2144 animalia,
1100 2089 1203 2151 quare
1226 2088 1272 2131 ex
1295 2065 1362 2130 illis

240 2161 368 2224 dantur
390 2160 550 2244 perfedta,
572 2162 681 2224 minus
704 2157 854 2243 perfetta
876 2171 911 2224 et
935 2158 1142 2243 imperfedta.
1187 2157 1363 2224 Animalia

241 2250 391 2334 perfetta
414 2265 492 2319 sunt
515 2253 732 2335 elephantes,
750 2254 882 2330 cameli,
903 2255 990 2336 equi,
1012 2253 1104 2328 muli,
1125 2252 1242 2326 boves,
1267 2271 1360 2326 oves,

241 2364 377 2428 caprae,
397 2356 433 2410 et
456 2345 587 2428 reliqua
604 2366 691 2428 quae
710 2355 790 2409 sunt
809 2345 865 2408 vel
883 2347 1031 2409 armenti
1049 2345 1106 2408 vel
1129 2345 1264 2426 gregis:
1297 2343 1359 2406 mi·

241 2453 304 2498 nus
320 2434 469 2519 perfetta
485 2448 564 2502 sunt
580 2437 756 2516 volatilia3
780 2447 815 2501 et
831 2435 1029 2520 imperfedia
1044 2445 1122 2500 sunt
1140 2437 1259 2518 pisces,
1277 2453 1360 2499 con·

241 2526 354 2605 chilia,
378 2549 464 2613 quae
487 2531 565 2612 quia
587 2540 666 2594 sunt
689 2530 804 2594 intima
826 2529 916 2593 illius
938 2530 1076 2612 gradus,
1096 2537 1176 2591 sunt
1205 2529 1293 2592 sicut
1325 2527 1360 2590 in

242 2619 371 2696 umbra,
397 2641 473 2685 curn
496 2621 555 2685 illa
583 2623 617 2686 in
644 2622 732 2686 luce.
778 2620 846 2685 Sed
874 2642 978 2703 usque
1006 2623 1084 2704 quia
1106 2621 1217 2684 solum
1240 2621 1360 2682 vivunt

239 2731 287 2774 ex
302 2712 424 2777 ultimo
440 2714 548 2795 gradu
564 2714 742 2797 spirituali,
755 2715 812 2796 qui
829 2713 992 2777 naturalis
1008 2721 1160 2786 vocatur,
1175 2732 1243 2775 non
1261 2730 1359 2794 spec-

239 2812 315 2867 tare
331 2815 474 2887 possunt
490 2806 649 2870 aliorsum
665 2825 765 2890 quam
784 2806 827 2870 ad
847 2815 984 2880 terram,
1002 2815 1038 2869 et
1057 2805 1100 2868 ad
1116 2801 1242 2868 viuum
1259 2803 1305 2867 ibi
1323 2813 1360 2868 et

238 2895 284 2958 ad
300 2899 479 2961 consocios
496 2909 636 2981 propter
651 2899 957 2980 propagationem3
981 2898 1095 2961 anima
1111 2897 1262 2960 omnium
1281 2895 1359 2961 illo·

239 3008 313 3050 rum
336 2998 389 3051 est
408 2988 542 3054 affedtio
566 2991 741 3066 naturalis,
765 3000 801 3054 et
824 2991 1009 3072 appetitus.
1065 2988 1181 3053 Simile
1205 2998 1258 3052 est
1282 3007 1359 3052 cum

239 3077 399 3160 subjediis
418 3083 514 3163 regni
533 3083 748 3164 vegetabilis,
768 3083 859 3165 quod
878 3083 947 3145 sint
967 3079 1128 3164 persedta,
1149 3082 1257 3145 minus
1281 3100 1358 3161 per·

240 3168 328 3234 setta
348 3183 382 3235 et
406 3171 625 3255 impersedta:
659 3171 809 3256 perlecta
831 3183 910 3237 sunt
934 3173 1072 3236 arbores
1090 3170 1227 3248 frudms,
1248 3172 1358 3236 minus

239 3261 390 3343 perfedta
413 3276 492 3328 sunt
512 3266 650 3330 arbores
668 3266 737 3329 vini
757 3275 792 3329 et
815 3266 975 3348 virgulta,
996 3286 1036 3328 ae
1059 3261 1257 3345 imperiedta
1278 3274 1358 3326 sunt

238 3358 415 3434 gramina:
451 3358 511 3420 sed
535 3357 746 3439 vegetabilia
769 3357 910 3422 trahunt
937 3379 982 3420 ex
1005 3356 1173 3442 spirituali
1203 3375 1248 3419 ex
1278 3374 1357 3438 quo,

237 3450 331 3529 quod
347 3450 416 3511 sint
432 3469 522 3524 usus,
540 3460 575 3514 et
592 3451 752 3513 animalia
771 3471 816 3513 ex
835 3447 1003 3533 spirituali
1020 3470 1066 3513 ex
1084 3468 1163 3532 quo,
1180 3447 1272 3532 quod
1288 3446 1358 3511 sint

157 3543 163 3556 '
237 3537 436 3604 aflediiones
456 3550 492 3604 et
511 3543 696 3622 appetitus,
717 3551 755 3606 ut
775 3539 902 3606 didlum
921 3550 986 3604 est.

302 3645 399 3715 347·
431 3629 550 3716 [(vii.)]
584 3632 681 3711 Quod
694 3642 836 3717 utraque
842 3633 973 3713 forma,
992 3630 1071 3696 dum
1088 3631 1215 3709 existit,
1228 3641 1357 3715 propa·

232 3723 386 3804 gationis
398 3725 508 3788 media
519 3722 814 3806 accipiat-Quod
830 3726 864 3789 in
877 3725 1034 3788 omnibus
1047 3723 1220 3807 productis
1232 3745 1277 3788 ex
1291 3723 1357 3789 tel-

238 3813 321 3890 lure,
339 3835 425 3899 quae
444 3826 481 3880 ut
498 3814 625 3881 distum
642 3827 708 3894 est,
726 3817 781 3880 vel
800 3819 843 3881 ad
863 3838 1006 3900 regnum
1022 3817 1220 3898 vegetabile
1238 3816 1294 3881 vel
1313 3816 1357 3881 ad

236 3925 382 3986 regnum
398 3908 545 3972 animale
561 3911 746 3992 pertinent,
760 3910 804 3975 sit
820 3910 933 3992 aliqua
948 3911 1062 3990 imago
1075 3910 1268 3983 creationis,
1284 3918 1356 3972 tum

235 4000 351 4083 aliqua
369 4001 485 4081 imago
504 4000 662 4077 hominis,
682 4011 719 4066 et
745 4022 877 4085 quoque
898 4001 1010 4085 aliqua
1029 4003 1144 4083 imago
1164 3999 1292 4065 Infiniti
1316 4020 1356 4064 ac

238 4090 395 4168 Aeterni,
413 4113 514 4174 supra
534 4090 582 4175 (n.
599 4091 759 4177 313-318)
779 4104 955 4157 ostensum
975 4103 1049 4172 est;
1076 4103 1112 4157 et
1131 4093 1220 4176 quod
1241 4094 1356 4174 imago

237 4184 364 4252 Infiniti
380 4196 416 4251 et
432 4187 578 4251 Aeterni
590 4188 723 4252 eluceat
740 4210 784 4252 ex
801 4209 852 4263 eo,
867 4190 957 4273 quod
974 4189 1155 4271 propagari
1172 4189 1305 4270 possint
1321 4189 1355 4252 in

235 4273 407 4346 infinitum
424 4292 462 4347 et
480 4283 514 4346 in
533 4292 721 4360 aeternum,
768 4283 853 4349 Inde
871 4294 926 4348 est
945 4285 1036 4367 quod
1052 4285 1167 4347 omnia
1183 4304 1354 4366 propaga-

234 4377 339 4440 tionis
357 4377 472 4441 media
491 4378 675 4459 accipiant,
689 4377 840 4462 subjedta
855 4380 951 4461 regni
971 4379 1128 4443 animalis
1146 4399 1205 4459 per
1223 4380 1355 4442 semina

233 4471 269 4534 in
289 4492 367 4546 ovo,
383 4471 439 4536 vel
455 4473 489 4537 in
508 4482 619 4549 utero,
636 4473 692 4536 vel
711 4493 772 4556 per
790 4476 987 4556 egestiones
1002 4495 1009 4552 ;
1034 4483 1069 4537 et
1089 4471 1241 4554 subjedta
1256 4475 1354 4556 regni

234 4566 440 4648 vegetabilis
459 4588 519 4651 per
537 4569 668 4632 semina
686 4569 720 4631 in
740 4572 850 4633 terris.
895 4569 950 4632 Ex
975 4569 1027 4632 his
1044 4580 1203 4632 constare
1223 4578 1352 4650 potest,

232 4662 325 4742 quod
356 4663 498 4726 tametsi
532 4662 692 4727 animalia
725 4674 760 4728 et
795 4664 1005 4746 vegetabilis
1034 4662 1284 4747 impersedliora
1316 4675 1351 4730 et
