3418 5368
301 669 367 718 210
641 667 845 718 SAPIENTIA
871 667 1068 718 ANGELICA

300 842 395 916 dum,
415 841 475 904 sed
495 842 570 925 quis
595 861 664 906 non
681 841 814 924 cogitat
840 840 883 905 de
902 862 944 904 eo
961 841 1051 925 quod
1072 841 1197 904 dicitur
1220 841 1433 909 credendum

300 956 398 1014 esse;
424 936 513 999 unde
537 936 664 1020 alioqui
688 937 822 1018 agnitio
841 957 928 1020 quae
945 945 999 1000 est
1019 933 1103 1000 fides
1127 935 1162 999 in
1179 957 1240 1000 sua
1256 939 1434 1002 essentia?

303 1031 434 1096 Annon
453 1053 498 1094 ex
515 1033 729 1113 cogitatione
748 1033 791 1097 de
811 1033 887 1096 Deo
904 1041 941 1096 ut
964 1031 1007 1095 de
1026 1032 1133 1095 tribus
1157 1031 1314 1095 Personis
1333 1043 1429 1098 ortus

300 1136 356 1190 est
386 1125 652 1191 Socinianismus
680 1137 716 1190 et
748 1127 976 1203 Arianismus,
998 1127 1055 1211 qui
1081 1126 1114 1191 in
1145 1128 1249 1192 corde
1283 1127 1427 1211 plurium

302 1233 461 1305 regnant,
475 1242 577 1306 quam
597 1222 730 1288 credis?
776 1222 879 1286 Fides
895 1224 994 1287 unius
1011 1222 1087 1299 Dei,
1102 1231 1139 1287 et
1157 1222 1248 1306 quod
1266 1243 1352 1286 unus
1369 1224 1427 1288 ille

302 1318 397 1381 Deus
413 1319 456 1383 sit
474 1319 651 1395 Dominus,
665 1319 747 1382 iacit
763 1318 956 1394 ecclesiam,
975 1319 1008 1381 in
1026 1317 1106 1399 ipso
1118 1320 1209 1382 enim
1228 1327 1284 1382 est
1303 1319 1428 1384 Divina

300 1412 473 1492 TrInitas;
498 1415 588 1499 quod
609 1416 660 1478 ita
683 1414 738 1490 sit,
756 1414 915 1479 videatur
937 1416 970 1478 in
986 1413 1151 1478 Dolirina
1172 1412 1290 1476 Novae
1305 1413 1426 1477 Hiero·

300 1508 446 1589 solymae
462 1511 504 1573 de
527 1509 680 1586 Domino,
706 1532 726 1574 a
748 1511 916 1595 principio
939 1510 981 1574 ad
1006 1509 1117 1573 finem.
1165 1521 1222 1585 [3.]
1253 1506 1322 1573 Sed
1346 1509 1426 1592 quid

300 1605 477 1686 cogitatur
494 1605 597 1669 hodie
621 1606 664 1670 de
690 1606 865 1671 DomInoi
911 1605 1139 1688 Cogitaturne
1156 1605 1247 1688 quod
1271 1605 1316 1668 sit
1333 1603 1427 1667 Deus

299 1708 336 1763 et
360 1699 487 1776 Homo,
513 1700 606 1765 Deus
630 1723 675 1766 ex
698 1702 856 1785 Jehovah
881 1702 990 1776 Patre,
1011 1720 1031 1762 a
1054 1721 1122 1783 quo
1145 1709 1336 1783 conceptus
1359 1711 1425 1774 est,

299 1805 336 1859 et
354 1795 471 1860 Homo
487 1818 533 1860 ex
549 1796 659 1861 Maria
670 1797 826 1880 Virgine,
840 1819 886 1862 ex
905 1817 971 1879 qua
990 1805 1092 1858 natus
1110 1795 1190 1859 est?
1227 1793 1313 1877 Quis
1329 1797 1425 1877 cogi·

300 1901 366 1965 tat,
386 1893 477 1974 quod
498 1891 592 1956 Deus
611 1902 646 1956 et
671 1891 788 1956 Homo
806 1894 839 1956 in
864 1893 956 1975 Ipso,
977 1913 1037 1955 seu
1055 1891 1216 1954 Divinum
1233 1899 1269 1954 et
1294 1889 1425 1956 Huma-

301 2005 381 2049 num
417 1987 536 2072 Ipsius,
566 1989 634 2052 sint
663 2008 729 2051 una
756 1989 917 2064 Persona,
946 1997 982 2052 et
1007 1987 1099 2076 quod
1117 1987 1186 2050 sint
1210 2007 1314 2050 unum
1338 1987 1426 2051 sicut

299 2083 414 2146 anima
433 2092 468 2146 et
492 2103 614 2164 corpus
637 2102 741 2147 unum
764 2084 870 2147 sunt?
914 2081 973 2146 An
1002 2084 1180 2165 quisquam
1210 2081 1276 2146 hoc
1304 2082 1425 2147 novit?

301 2176 483 2260 Interroga
506 2175 675 2242 Dostores
698 2178 877 2254 ecclesiae,
902 2199 941 2243 ac
966 2178 1084 2242 dicent
1105 2178 1197 2261 quod
1220 2197 1290 2242 non
1313 2179 1422 2242 scive-

298 2273 387 2350 rint;
423 2294 499 2336 cum
525 2285 640 2337 tamen
665 2284 720 2337 est
750 2295 795 2336 ex
819 2271 976 2338 doetrina
1005 2273 1173 2336 ecclesiae
1203 2273 1237 2336 in
1266 2273 1426 2336 universo

297 2367 495 2432 Christiano
511 2369 593 2432 orbe
609 2379 761 2451 recepta,
779 2390 867 2452 quae
887 2369 989 2433 talis:

354 2509 369 2529 ⁴·
380 2500 529 2558 Dominus
542 2515 645 2558 noster
656 2501 744 2575 Jesus
757 2501 895 2558 Christus
910 2501 1003 2556 Filius
1018 2501 1081 2562 Dei.
1096 2511 1142 2557 est
1156 2501 1238 2557 Deus
1251 2512 1282 2557 et
1303 2500 1421 2566 Hom03

296 2582 330 2626 et
349 2575 486 2644 quamvis
505 2585 551 2629 est
572 2572 654 2629 Deus
674 2583 705 2627 et
720 2573 831 2636 Homo,
844 2591 940 2645 usque
959 2590 1020 2628 non
1040 2582 1111 2626 sunt
1130 2573 1200 2635 duo,
1212 2574 1265 2628 sed
1285 2583 1332 2627 est
1344 2589 1422 2629 unus

299 2641 438 2700 Christus
449 2662 455 2706 ;
475 2656 521 2698 est
533 2662 618 2706 unus.
633 2645 704 2716 quia
717 2644 860 2700 Divinum
872 2645 1004 2714 suscepit
1016 2646 1054 2698 ad
1067 2659 1099 2698 se
1114 2643 1289 2698 Humanum
1301 2662 1307 2707 ;
1327 2644 1422 2700 Immo

297 2725 346 2768 est
356 2731 478 2785 prorsus
497 2733 585 2777 unus,
602 2728 648 2771 est
667 2715 747 2770 enim
770 2733 829 2771 una
850 2715 998 2776 Persona;
1017 2715 1159 2786 quoniam
1177 2715 1257 2770 sicut
1275 2716 1375 2770 anima
1389 2727 1421 2770 et

296 2801 409 2856 corpus
423 2785 494 2839 iacit
507 2803 598 2839 unum
614 2787 776 2850 hominem,
791 2787 834 2841 ita
846 2786 928 2841 Deus
940 2796 972 2840 et
984 2785 1077 2840 homo
1089 2793 1137 2840 est
1149 2801 1226 2840 unus
1239 2784 1379 2841 Christus
1390 2787 1415 2840 :''

297 2939 364 3005 hoc
382 2951 435 3004 est
453 2939 537 3004 Fide
554 2962 614 3004 seu
631 2941 790 3022 symbolo
806 2940 1001 3005 Athanasii.
1041 2939 1143 3023 Quod
1161 2960 1229 3005 non
1249 2942 1422 3016 sciverint,

295 3045 352 3100 est
372 3037 460 3118 quia,
481 3055 556 3099 cum
577 3036 735 3118 legerunt
754 3035 849 3111 iliud,
870 3057 938 3100 non
956 3039 1198 3119 cogitaverunt
1209 3037 1253 3102 de
1273 3035 1424 3101 Domino

298 3141 336 3195 ut
356 3131 442 3206 Deo,
464 3131 523 3194 sed
547 3132 658 3195 solum
675 3144 711 3195 ut
735 3131 778 3196 de
803 3131 963 3196 Homine.
1011 3146 1068 3207 [4.]
1101 3129 1136 3196 Si
1158 3132 1261 3197 iidem
1277 3133 1421 3197 interro·

297 3237 424 3309 gantur
456 3247 536 3290 num
567 3227 689 3302 sciant,
723 3240 743 3292 a
779 3249 846 3311 quo
874 3237 1066 3310 conceptus
1097 3237 1163 3302 est,
1192 3245 1272 3291 num
1299 3247 1319 3290 a
1346 3227 1422 3292 Deo

300 3323 409 3396 Patre,
427 3323 482 3386 vei
502 3343 581 3385 num
600 3343 620 3386 a
636 3343 696 3387 suo
713 3322 849 3400 Divino,
869 3331 905 3386 et
922 3323 1179 3403 respondebunt
1195 3323 1287 3407 quod
1306 3343 1326 3386 a
1346 3322 1422 3386 Deo

297 3419 410 3492 Patre,
428 3418 494 3482 hoc
514 3419 604 3482 enim
629 3428 682 3482 est
707 3420 894 3481 secundum
919 3416 1140 3498 Scripturam.
1185 3417 1315 3482 Annon
1339 3429 1420 3481 tunc

298 3514 401 3578 Pater
423 3523 459 3577 et
485 3513 563 3594 lpse
590 3533 693 3576 unum
721 3523 812 3588 sunt,
834 3514 921 3576 sicut
949 3514 1065 3576 anima
1092 3522 1128 3577 et
1165 3533 1288 3596 corpus
1318 3534 1420 3577 unum

297 3607 399 3674 sunt?
446 3606 530 3690 Quis
553 3617 670 3693 potest
694 3609 859 3690 cogitare,
884 3608 975 3693 quod
999 3608 1170 3674 aduobus
1187 3608 1318 3672 Divinis
1337 3629 1420 3672 con-

297 3716 417 3788 ceptus
440 3705 495 3781 sit,
516 3713 553 3768 et
575 3704 604 3769 si
632 3725 703 3778 suo,
736 3703 827 3788 quod
854 3703 938 3768 illud
968 3703 1056 3768 foret
1083 3705 1186 3769 Pater
1208 3703 1340 3788 Ipsius?
1386 3703 1421 3769 Si

295 3801 408 3865 adhuc
424 3800 631 3883 interrogas,
652 3799 751 3883 Quae
766 3810 883 3865 vestra
901 3800 978 3864 idea
994 3809 1047 3865 est
1064 3800 1107 3864 de
1124 3800 1250 3865 Divino
1269 3799 1420 3875 Domini,

295 3907 334 3963 et
353 3919 439 3982 quae
462 3899 506 3964 de
524 3897 686 3963 Humano
711 3898 844 3981 Ipsius?
868 3897 985 3962 dicent
1008 3896 1099 3980 quod
1124 3896 1284 3962 Divinum
1309 3897 1420 3980 Ipsius

294 3996 343 4060 sit
365 3995 409 4058 ab
427 3993 590 4060 Essentia
613 3995 734 4071 Patris,
751 4015 791 4058 ac
817 3993 1014 4058 Humanum
1036 3993 1081 4056 ab
1103 3992 1266 4058 Essentia
1288 3995 1420 4066 matris,

293 4101 333 4158 et
353 4093 446 4176 quod
470 4090 631 4156 Divinum
655 4092 764 4174 Ipsius
787 4091 832 4154 sit
854 4090 944 4174 apud
969 4089 1128 4154 Patrem:
1152 4100 1189 4155 et
1212 4089 1240 4154 si
1263 4099 1344 4154 tunc
1368 4091 1420 4152 in·

294 4188 624 4273 terrogas,UbInam
635 4188 744 4271 Ipsius
755 4183 953 4252 Humanum
966 4186 979 4248 i
994 4186 1124 4250 etnihii
1136 4185 1394 4270 respondebunt
1408 4183 1422 4247 ?

295 4296 458 4369 separant
483 4285 574 4350 enim
598 4285 631 4348 in
655 4285 732 4349 idea
754 4304 815 4349 sua
838 4283 998 4348 Divinum
1023 4292 1058 4347 et
1076 4282 1275 4346 Humanum
1299 4280 1419 4364 Ipsius,

295 4403 337 4448 ac
365 4382 525 4450 Divinum
550 4383 678 4450 faciunt
701 4381 845 4467 aequale
868 4381 996 4446 Divino
1020 4379 1139 4456 Patris,
1164 4388 1200 4444 et
1223 4377 1421 4442 Humanum

295 4479 407 4543 simile
431 4479 581 4544 humano
604 4480 745 4544 alterius
768 4478 938 4556 hominis;
962 4485 998 4541 et
1021 4494 1091 4539 non
1114 4475 1237 4551 sciunt,
1257 4471 1347 4557 quod
1371 4471 1419 4532 sIc

296 4576 404 4639 etiam
427 4585 588 4657 separent
615 4577 764 4640 animam
794 4584 830 4640 et
857 4593 1000 4656 corpus:
1037 4591 1100 4636 nec
1131 4572 1250 4636 vident
1282 4579 1421 4634 contra·

297 4667 495 4745 dictionem,
516 4671 607 4754 quod
626 4670 673 4733 sic
698 4681 799 4734 natus
822 4668 940 4733 suisset
962 4666 1141 4731 rationalis
1160 4666 1265 4731 homo
1283 4685 1328 4729 ex
1346 4662 1425 4727 sola
