3352 5374
313 631 373 712 164
669 642 873 694 sonsum
895 643 1091 694 suosmet

373 818 476 901 363·
501 814 553 899 (i.)
581 815 678 894 Quod
683 836 780 878 antor
790 824 824 878 et
837 814 1014 896 sapientia,
1028 826 1060 879 et
1074 816 1151 880 inde
1161 820 1316 881 voluntas
1331 827 1363 880 et
1378 817 1432 880 in·

310 915 468 990 telletius,
471 915 609 994 faciant
617 915 728 995 imam
739 914 846 977 vt'tam
855 912 1129 978 hominis—Vix
1142 914 1265 998 aliquis
1275 916 1340 980 scit
1351 916 1432 999 quid

311 1014 391 1076 vita.
437 1012 521 1077 Cum
538 1015 612 1096 quis
628 1014 764 1095 cogitat
782 1013 825 1075 de
841 1011 911 1089 illa,
924 1022 1069 1096 apparet
1087 1013 1176 1077 sicut
1194 1013 1239 1078 sit
1258 1014 1432 1097 quoddam

310 1108 463 1186 volatile,
482 1110 574 1192 cujus
590 1111 668 1175 idea
683 1130 752 1175 non
768 1110 880 1175 datur.
915 1110 1004 1174 ·Hoc
1020 1119 1175 1194 apparet,
1190 1112 1268 1194 quia
1281 1114 1434 1176 nescitur

310 1210 401 1293 quod
422 1209 513 1272 solus
533 1209 625 1274 Deus
644 1209 689 1273 sit
708 1207 803 1284 Vita,
823 1218 860 1273 et
883 1209 974 1292 quod
993 1207 1076 1272 Vita
1095 1208 1205 1290 Ipsius
1223 1210 1268 1273 sit
1288 1209 1435 1274 Divinus

311 1307 421 1370 Amor
440 1317 476 1371 et
497 1307 621 1371 Divina
639 1305 836 1390 Sapientia;
860 1308 939 1372 inde
958 1317 1057 1390 patet
1077 1308 1168 1390 quod
1187 1326 1257 1370 non
1275 1307 1369 1371 aliud
1387 1309 1432 1373 sit

311 1407 384 1468 vita
400 1405 490 1487 apud
508 1404 694 1481 hominem,
711 1414 747 1469 et
765 1406 857 1489 quod
876 1406 910 1469 in
929 1405 1037 1488 gradu
1053 1424 1121 1487 quo
1140 1405 1262 1487 recipit
1281 1406 1326 1469 sit
1341 1405 1433 1487 apud

311 1502 407 1566 illum
424 1505 504 1566 vita.
551 1501 680 1566 Notum
696 1512 762 1577 est,
779 1503 871 1585 quod
891 1523 912 1566 a
927 1503 999 1566 sole
1016 1503 1181 1584 procedat
1197 1502 1292 1566 calor
1307 1513 1343 1567 et
1360 1503 1432 1579 lux,

311 1609 346 1663 et
357 1601 447 1682 quod
461 1602 575 1663 omnia
586 1601 732 1664 universi
744 1601 813 1664 sint
825 1601 1035 1683 recipientia,
1047 1610 1082 1665 et
1095 1600 1188 1683 quod
1200 1601 1234 1663 in
1245 1602 1354 1683 gradu
1365 1621 1435 1683 quo

312 1699 479 1779 recipiunt
496 1699 706 1763 incalescant
723 1708 759 1763 et
773 1699 930 1762 luceant:
955 1699 1004 1762 ita
1021 1719 1154 1782 quoque
1171 1719 1191 1761 a
1207 1697 1287 1762 Sole
1304 1701 1360 1762 ubi
1379 1709 1433 1764 est

313 1795 490 1869 Dominus,
504 1818 525 1858 a
537 1817 604 1879 quo
615 1798 806 1878 procedens
819 1796 913 1860 calor
921 1807 974 1860 est
987 1796 1109 1870 Amor,
1118 1805 1154 1860 et
1167 1799 1359 1878 procedens
1373 1798 1433 1861 lux

313 1903 368 1958 est
387 1892 574 1974 Sapientia,
595 1905 632 1957 ut
652 1896 686 1958 in
705 1893 812 1958 Parte
830 1893 980 1959 secunda
998 1903 1174 1958 ostensum
1195 1905 1259 1958 est.
1305 1895 1361 1959 Ex
1381 1897 1436 1959 his

313 1991 445 2054 duobus
461 1994 587 2074 itaque,
605 2013 691 2076 quae
708 1994 899 2075 procedunt
915 2014 935 2055 a
955 1991 1104 2058 Domino
1120 2003 1158 2056 ut
1174 1991 1266 2068 Sole,
1280 2005 1333 2057 est
1350 1996 1432 2059 vita.

314 2087 417 2170 Quod
433 2110 529 2152 amor
544 2100 579 2153 et
599 2092 768 2173 sapientia
784 2111 805 2153 a
823 2091 973 2154 Domino
989 2092 1033 2154 sit
1049 2091 1131 2165 vita,
1149 2102 1311 2154 constare
1328 2094 1434 2155 etiam

312 2198 433 2270 potest
451 2208 496 2251 ex
515 2209 567 2263 eo,
588 2190 679 2270 quod
698 2188 803 2252 homo
822 2189 911 2252 sicut
930 2195 1026 2252 a'mor
1049 2188 1182 2253 recedit
1203 2189 1247 2251 ab
1269 2189 1341 2264 illo,
1362 2200 1432 2253 tor·

312 2296 444 2368 pescat,
464 2296 500 2350 et
519 2289 608 2350 sicut
627 2287 797 2369 sapientia
816 2287 958 2361 recedit,
978 2297 1167 2369 stupescat,
1188 2297 1223 2350 et
1246 2289 1274 2351 si
1297 2308 1437 2370 prorsus

313 2385 527 2460 recederent,
547 2386 838 2466 exstingueretur.
885 2383 972 2449 Sunt
992 2385 1088 2467 plura
1106 2387 1241 2462 amoris,
1262 2407 1349 2468 quae
1368 2386 1435 2450 alia

313 2484 454 2546 nomina
476 2484 600 2547 sortita
623 2491 712 2556 sunt,
733 2483 810 2565 quia
833 2494 913 2545 sunt
937 2483 1191 2559 derivationes;
1223 2485 1311 2546 sicut
1333 2483 1434 2547 affec·

314 2582 438 2656 tiones,
452 2581 639 2663 cupidines,
657 2582 842 2662 appetitus,
861 2590 895 2644 et
913 2599 1028 2643 eorum
1046 2581 1246 2662 voluptates
1262 2592 1297 2644 et
1314 2581 1434 2662 jucun·

314 2679 461 2743 ditates:
486 2689 522 2743 et
542 2689 622 2743 sunt
642 2679 737 2761 plura
753 2679 952 2762 sapientiae,
972 2679 1060 2741 sicut
1078 2679 1263 2761 perceptio,
1281 2678 1437 2757 reflexio,

314 2776 519 2852 recordatio,
540 2777 717 2857 cogitatio,
736 2777 883 2840 intentio
902 2777 945 2838 ad
965 2795 1055 2839 rem:
1081 2787 1117 2839 et
1136 2787 1216 2838 sunt
1236 2776 1332 2857 plura
1352 2777 1436 2840 utri-

315 2894 420 2956 usque
440 2884 512 2938 tam
532 2875 656 2936 amoris
676 2893 776 2956 quam
796 2875 997 2955 sapientiae,
1020 2885 1057 2937 ut
1076 2893 1274 2946 consensus,
1295 2875 1436 2938 conclu·

314 2973 377 3044 sio,
398 2981 433 3035 et
452 2971 697 3035 determinatio
720 2972 764 3033 ad
787 2968 912 3044 actum,
933 2983 1068 3052 praeter
1086 2971 1173 3034 alia:
1199 2982 1278 3034 sunt
1298 2974 1436 3055 quidem

315 3071 430 3133 omnia
440 3069 500 3132 illa
512 3071 696 3152 utriusque,
709 3071 769 3133 sed
780 3069 1046 3133 denominantur
1058 3090 1077 3131 a
1090 3071 1214 3150 potiori
1228 3079 1263 3133 et
1277 3072 1437 3153 propiori.

315 3167 372 3231 Ex
397 3168 464 3231 illis
487 3167 620 3231 duobus
643 3167 765 3230 ultimo
784 3168 981 3231 derivantur
1000 3168 1228 3241 sensationes,
1248 3188 1336 3250 quae
1355 3176 1436 3233 sunt

314 3268 417 3341 visus,
437 3267 585 3338 audituS,
606 3267 782 3340 odoratus,
803 3275 924 3348 gustus
947 3275 983 3329 et
1005 3263 1130 3338 tactus,
1151 3285 1227 3329 cum
1247 3286 1362 3329 earum
1382 3265 1437 3347 ju·

283 3355 293 3374 ⁶
308 3367 435 3433 cundis
448 3377 483 3429 et
498 3365 662 3428 amoenis.
708 3362 763 3428 Ex
775 3365 978 3446 apparentia
994 3375 1047 3427 est
1060 3364 1150 3446 quod
1164 3363 1282 3426 oculus
1297 3365 1412 3427 videat
1427 3384 1437 3442 3

315 3469 376 3532 sed
390 3460 587 3529 intellectus
600 3464 694 3526 videt
708 3482 769 3544 per
778 3462 912 3525 oculum
926 3483 934 3538 ;
953 3482 1056 3544 quare
1070 3461 1174 3524 etiam
1185 3461 1310 3525 dicitur
1321 3464 1439 3526 videre

316 3568 358 3629 de
378 3560 568 3627 intelledtu.
614 3560 830 3643 Apparentia
849 3571 913 3632 est,
934 3561 1024 3641 quod
1044 3561 1133 3622 auris
1151 3559 1280 3636 audiat,
1302 3560 1362 3623 sed
1385 3562 1438 3623 in·

317 3659 479 3726 tellectus
498 3661 593 3722 audit
618 3679 677 3740 per
700 3677 836 3733 aurem;
861 3678 965 3739 quare
984 3658 1090 3720 etiam
1111 3659 1228 3721 audire
1248 3659 1372 3722 dicitur
1394 3658 1440 3721 de

316 3758 512 3824 attentione
536 3767 572 3819 et
599 3756 852 3818 auscultatione
876 3775 962 3838 quae
986 3767 1039 3818 est
1063 3753 1269 3819 intellectus.
1315 3755 1439 3839 Appa-

318 3856 429 3920 rentia
445 3863 498 3918 est
515 3853 606 3936 quod
623 3872 722 3914 nares
738 3853 896 3926 odorent,
914 3861 949 3915 et
967 3853 1058 3936 quod
1079 3853 1195 3936 lingua
1211 3863 1330 3935 gustet
1345 3875 1353 3931 ;
1377 3852 1440 3917 sed

318 3950 517 4019 intellectus
540 3972 585 4014 ex
609 3971 669 4012 sua
692 3951 913 4033 perceptione
932 3951 1066 4026 odorat,
1087 3961 1122 4015 et
1147 3972 1281 4035 quoque
1300 3960 1440 4033 gustat;
1466 3949 1469 3955 ’

317 4073 422 4136 quare
445 4051 550 4114 etiam
573 4048 698 4111 dicitur
727 4046 769 4109 de
803 4049 1024 4130 perceptione
1046 4048 1191 4112 odorare
1221 4058 1257 4113 et
1287 4058 1439 4130 gustare.

318 4150 366 4215 Et
382 4150 429 4213 sic
445 4169 556 4230 porro.
595 4142 757 4210 Omnium
773 4145 894 4209 horum
913 4155 949 4209 et
966 4145 1101 4210 illorum
1118 4146 1231 4210 sontes
1248 4155 1328 4208 sunt
1345 4162 1442 4208 amor

318 4259 355 4312 et
374 4245 562 4328 sapientia:
587 4264 632 4308 ex
652 4265 719 4327 quo
737 4254 896 4308 constare
912 4252 1043 4328 potest,
1060 4244 1152 4327 quod
1170 4243 1256 4308 haec
1273 4243 1341 4306 duo
1357 4241 1440 4306 laci·

318 4356 379 4410 ant
399 4347 506 4408 vitam
526 4343 685 4406 hominis.

381 4443 483 4526 364.
515 4439 618 4522 Quod
647 4437 844 4504 intellectus
876 4439 921 4504 sit
954 4439 1210 4523 receptaculum
1238 4437 1441 4520 sapientiae,

319 4542 462 4624 quisque
480 4539 600 4619 videt;
624 4548 661 4603 at
679 4539 770 4623 quod
786 4538 947 4602 voluntas
966 4539 1011 4603 sit
1029 4536 1283 4620 receptaculum
1302 4534 1441 4610 amoris,

319 4638 417 4722 pauci
440 4637 570 4701 vident.
616 4635 727 4701 Causa
750 4646 804 4701 est
827 4637 905 4720 quia
927 4635 1088 4701 voluntas
1113 4636 1194 4700 nihil
1218 4636 1291 4717 agit
1315 4655 1360 4697 ex
1391 4652 1442 4707 se,
