3426 5382
488 711 539 761 oa
563 710 700 764 nrvrua
722 707 1078 760 Pnovrusurra.-u.
1102 693 1171 774 164.
1340 710 1395 757 111

336 881 436 966 163.
466 882 651 966 Quomodo
667 893 784 948 autem
805 881 974 947 Dominus
990 875 1084 945 ducit
1100 889 1136 945 et
1155 879 1261 946 docet
1276 900 1397 944 unum·

268 982 428 1065 quemvis
451 979 626 1044 hominem
656 1002 675 1043 e
706 979 804 1044 caelo
827 977 998 1061 angelico,
1023 977 1139 1060 paucis
1169 976 1312 1041 dicetur.
1358 979 1398 1041 In

271 1072 507 1139 transadiione
537 1075 589 1138 De
618 1073 743 1138 Divino
768 1074 897 1138 Amore
925 1082 957 1137 et
985 1071 1116 1137 Divina
1146 1071 1329 1154 Sapientia,
1358 1094 1398 1137 ac

270 1192 375 1256 supra
399 1173 433 1234 in
457 1172 522 1236 hac
553 1168 787 1236 transac'iione
813 1170 865 1233 De
892 1169 1021 1233 Divina
1045 1168 1293 1243 Providentia‚·
1325 1180 1398 1234 tum

269 1269 307 1333 in
331 1289 434 1352 opere
452 1268 505 1332 De
533 1267 634 1335 Caelo
655 1277 688 1331 et
709 1267 859 1350 Inferna,
881 1265 1040 1343 Londini,
1061 1286 1153 1330 anno
1181 1267 1271 1348 1758,
1291 1267 1398 1343 edito,

269 1385 319 1427 ex
346 1366 427 1430 visis
457 1375 493 1430 et
524 1366 650 1429 auditis
681 1376 804 1428 notum
835 1360 961 1427 fadium
989 1374 1054 1440 est,
1082 1365 1173 1448 quod
1205 1364 1399 1428 universum

268 1460 405 1524 caelum
424 1462 619 1543 angelicum
635 1471 803 1544 appareat
821 1478 937 1524 coram
957 1458 1108 1524 Domino
1131 1471 1297 1544 tanquam
1314 1479 1399 1523 unus

274 1555 402 1633 Homo,
417 1567 453 1622 et
469 1558 561 1641 quod
577 1558 736 1622 similiter
752 1558 959 1640 unaquaevis
972 1559 1123 1622 societas
1139 1556 1238 1632 caeli,
1255 1568 1291 1620 et
1308 1556 1400 1639 quod

272 1653 352 1716 inde
377 1654 423 1718 sit
446 1654 538 1737 quod
557 1655 787 1738 unusquisque
806 1654 951 1737 angelus
974 1664 1010 1718 et
1034 1654 1173 1737 spiritus
1191 1655 1226 1718 in
1250 1649 1400 1736 peried‘ta

272 1747 381 1812 forma
396 1750 440 1813 sit
456 1749 571 1814 homo.
616 1749 663 1813 Et
683 1771 816 1833 quoque
833 1751 866 1813 in
886 1748 1091 1832 supradietis
1110 1745 1399 1813 transadiionibus

268 1854 453 1908 ostensum
480 1855 546 1920 est,
571 1846 663 1929 quod
690 1846 824 1909 caelum
857 1866 925 1909 non
956 1846 1001 1908 sit
1024 1845 1157 1908 caelum
1187 1865 1232 1907 ex
1261 1845 1398 1927 proprio

268 1940 488 2022 angelorum,
508 1943 569 2005 sed
593 1963 638 2006 ex
662 1943 859 2025 receptione
883 1941 999 2004 Divini
1023 1939 1164 2004 Amoris
1188 1949 1224 2004 et
1253 1939 1398 2003 Divinae

269 2033 471 2121 Sapientiae
486 2059 508 2101 a
522 2038 674 2102 Domino
689 2037 734 2101 ab
750 2037 892 2119 angelis.
933 2035 1072 2100 Exinde
1088 2046 1250 2101 constare
1266 2044 1398 2118 potest,

268 2134 363 2215 quod
395 2133 563 2197 Dominus
586 2143 686 2216 regat
711 2133 906 2198 universum
930 2134 1064 2197 caelum
1090 2131 1285 2215 angelicum
1308 2133 1397 2195 sicut

269 2247 377 2292 unum
401 2227 608 2308 Hominem3
646 2239 682 2292 et
713 2229 804 2312 quod
835 2229 970 2293 caelum
997 2228 1093 2303 illud,
1117 2230 1195 2311 quia
1219 2229 1254 2290 in
1281 2248 1318 2290 se
1341 2238 1397 2292 est

271 2321 400 2400 Homo,
420 2325 465 2388 sit
483 2325 559 2407 ipsa
579 2325 695 2408 imago
711 2335 747 2389 et
763 2325 837 2407 ipsa
856 2323 1044 2389 similitudo
1062 2323 1221 2402 Domini;
1249 2332 1285 2387 et
1304 2323 1396 2406 quod

269 2420 349 2502 Ipse
367 2419 535 2484 Dominus
557 2431 657 2503 regat
681 2419 815 2485 caelum
832 2420 928 2496 illud,
945 2422 1034 2484 sicut
1051 2421 1165 2484 anima
1187 2421 1277 2501 regit
1299 2439 1396 2482 suum

265 2534 412 2597 corpus:
452 2526 488 2580 et
518 2517 597 2598 quia
631 2518 825 2580 universum
859 2536 968 2598 genus
998 2516 1186 2579 humanum
1216 2515 1347 2598 regitur
1375 2535 1396 2578 a

270 2609 433 2687 Domino,
460 2612 552 2697 quod
582 2631 652 2675 non
682 2621 821 2694 regatur
850 2632 911 2696 per
938 2610 1082 2687 caelum,
1111 2611 1172 2674 sed
1202 2631 1221 2674 e
1253 2610 1351 2673 caelo
1375 2630 1397 2673 a

270 2706 433 2784 Domino,
457 2716 712 2791 consequenter
741 2728 787 2771 ex
818 2705 873 2782 Se,
897 2708 977 2790 quia
1006 2706 1086 2788 lpse
1109 2715 1164 2771 est
1187 2705 1332 2780 caelum,
1357 2715 1396 2769 ut

267 2799 399 2867 dicium
422 2813 487 2868 est.

334 2896 433 2981 164.
462 2897 530 2963 Sed
554 2900 633 2983 quia
652 2899 717 2962 hoc
737 2908 791 2962 est
810 2917 973 2962 arcanum
992 2898 1184 2980 sapientiae
1203 2895 1394 2979 angelicae,

266 3013 339 3058 non
363 3004 481 3075 potest
505 2995 751 3079 comprehendi
774 2993 819 3057 ab
841 2993 992 3069 homine,
1013 2994 1076 3056 nisi
1100 2993 1153 3056 cui
1177 3011 1274 3056 mens
1296 2993 1395 3074 spiri·

267 3089 372 3154 tualis
394 3100 516 3172 aperta
538 3099 604 3166 est,
625 3089 679 3154 hic
702 3091 794 3153 enim
813 3110 859 3153 ex
878 3085 1118 3171 conjundiione
1142 3107 1220 3152 cum
1244 3087 1396 3154 Domino

264 3194 322 3248 est
342 3185 510 3267 angelus3
544 3184 589 3248 ab
615 3185 675 3250 illo
705 3185 845 3249 homine
873 3206 919 3248 ex
951 3185 1147 3268 praemissis
1171 3194 1316 3265 possunt
1339 3206 1395 3247 se·

265 3282 411 3365 quentia
440 3281 686 3364 comprehendi
700 3278 817 3364 :-(1.)
851 3278 953 3362 Quod
984 3299 1105 3343 omnes
1135 3288 1209 3342 tam
1237 3279 1395 3343 homines

265 3396 371 3460 quam
394 3376 510 3460 angeli
532 3378 602 3440 sint
626 3378 660 3441 in
684 3377 836 3441 Domino
859 3387 895 3441 et
920 3376 1088 3440 Dominus
1110 3375 1145 3437 in
1169 3374 1247 3449 illis,
1271 3395 1395 3440 secun·

266 3472 351 3536 dum
375 3470 651 3554 conjunctionem
675 3492 753 3537 cum
777 3472 869 3555 Ipso,
890 3493 950 3536 seu
969 3472 1061 3557 quod
1082 3471 1185 3546 idern,
1207 3471 1395 3538 secundum

266 3569 503 3651 receptionem
519 3569 646 3632 amoris
664 3579 700 3633 et
720 3568 912 3651 sapientiae
931 3567 975 3632 ab
995 3567 1086 3651 lpso.
1127 3564 1188 3650 (2.)
1213 3571 1271 3632 [2.]
1292 3565 1395 3648 Quod

266 3665 410 3747 quisque
432 3685 477 3728 ex
500 3664 554 3727 his
578 3664 741 3729 sortiatur
764 3663 878 3729 locum
905 3663 940 3728 in
970 3662 1131 3738 Domino,
1155 3663 1205 3727 ita
1227 3661 1261 3726 in
1285 3663 1394 3742 caelu,

267 3761 457 3826 secundum
493 3759 594 3842 quale
631 3756 892 3841 conjunctionis.
927 3779 987 3823 seu
1023 3759 1232 3841 receptionis
1274 3756 1394 3841 Ipsius.

269 3855 332 3939 (3.)
366 3860 423 3922 [3.]
448 3854 551 3938 Quod
571 3857 714 3940 quisque
737 3857 771 3920 in
795 3876 857 3920 suo
881 3855 959 3920 loco
982 3855 1111 3921 lrabeat
1134 3874 1232 3919 suurn
1262 3863 1394 3919 statum

267 3974 288 4018 a
307 3965 401 4018 statu
420 3954 564 4018 aliorum
588 3953 808 4034 distinctum3
842 3964 878 4019 et
901 3955 993 4037 quod
1016 3975 1062 4020 ex
1085 3954 1259 4018 communi
1277 3953 1395 4018 trahat

267 4070 365 4114 suum
382 4070 527 4120 oensum
542 4053 731 4116 secundum
751 4071 850 4116 suum
868 4052 983 4128 situm,
1001 4071 1098 4116 suam
1116 4047 1340 4124 functionem,
1356 4059 1394 4116 et

266 4167 365 4211 suam
395 4150 654 4226 necessitatem,
682 4170 821 4233 prorsus
850 4149 939 4213 sicut
969 4149 1149 4233 quodlibet
1179 4149 1212 4210 in
1242 4145 1394 4211 humano

266 4261 423 4326 corpore.
453 4242 514 4327 (4.)
537 4250 594 4311 [⁴.]
611 4243 713 4328 Quod
725 4246 953 4329 unusquisque
965 4245 1071 4310 homo
1083 4245 1237 4310 initietur
1249 4243 1282 4306 in
1296 4260 1393 4307 suum

269 4337 382 4403 locum
402 4361 422 4403 a
439 4341 591 4406 Domino
617 4343 805 4407 secundum
825 4363 921 4407 suam
940 4345 1058 4408 vitam.
1106 4341 1169 4426 (5.)
1204 4348 1262 4409 [a]
1290 4337 1394 4422 Quod

267 4438 498 4520 unusquisque
531 4438 637 4504 homo
667 4439 711 4502 ab
743 4439 887 4504 infantia
923 4440 1131 4506 immittatur
1163 4440 1197 4503 in
1230 4435 1394 4501 Divinum

265 4529 362 4595 illum
392 4530 591 4610 Hominem,
612 4533 705 4614 cujus
731 4535 847 4599 anima
876 4545 913 4599 et
941 4536 1013 4599 vita
1044 4547 1098 4602 est
1130 4535 1317 4610 Dominus;
1357 4541 1394 4597 et

265 4626 358 4708 quod
382 4627 529 4693 ducatur
544 4639 579 4694 et
596 4628 761 4694 doceatur
781 4652 826 4693 ex
849 4630 975 4694 Divino
991 4631 1102 4713 lpsius
1122 4631 1254 4695 Amore
1271 4649 1394 4693 secun·

263 4722 346 4785 dum
367 4721 530 4787 Divinam
561 4723 673 4808 Ipsius
703 4723 929 4808 Sapientiam,
954 4728 988 4792 in
1015 4727 1098 4810 Ipso
1127 4737 1164 4793 et
1195 4746 1265 4790 non
1293 4736 1395 4789 extra
