3358 5384
310 647 349 712 16
659 655 863 710 sumnum
885 655 1084 709 auonucn

305 831 467 912 aethere;
491 839 551 896 aut
567 829 656 895 sicut
679 830 722 895 de
742 826 910 895 exhalato
928 830 973 895 ab
991 830 1108 915 aliquo
1125 828 1211 911 tali3
1236 839 1273 896 et
1291 832 1352 895 vix
1371 831 1435 896 ali·

265 987 267 992 .
307 930 381 1012 quis
401 928 534 1012 cogitat
553 925 645 1011 quod
669 927 739 992 sint
761 926 903 993 realiter
921 935 958 992 et
978 923 1161 992 adtualiter
1179 926 1376 992 substantia
1399 936 1436 994 et

306 1023 424 1089 forma.
470 1022 526 1087 Illi
548 1023 605 1107 qui
628 1022 760 1100 vident,
783 1023 877 1107 quod
900 1023 1098 1087 substantia
1119 1032 1156 1087 et
1185 1021 1304 1099 forma,
1329 1042 1436 1105 usque

307 1120 499 1202 percipiunt
518 1137 671 1183 amorem
691 1128 727 1184 et
746 1118 952 1202 sapientiam
969 1127 1071 1184 extra
1085 1115 1280 1201 subjeetum
1298 1128 1335 1183 ut
1356 1139 1435 1201 pro·

306 1216 447 1281 fluentia
465 1237 511 1278 ex
531 1214 616 1294 illo;
641 1224 678 1279 et
697 1216 789 1298 quod
808 1224 912 1279 extra
930 1212 1122 1297 subjedlum
1143 1224 1180 1279 ut
1200 1213 1371 1297 profluens
1392 1214 1437 1278 ab

306 1312 366 1376 illo
385 1312 590 1394 percipiunt,
606 1311 749 1376 tametsi
769 1319 807 1375 ut
826 1309 969 1375 volatile
987 1320 1024 1376 et
1043 1309 1163 1386 fluens,
1182 1311 1288 1374 etiam
1306 1319 1435 1374 vocant

305 1409 537 1472 substantiam
558 1416 594 1472 et
613 1407 779 1485 formam;
803 1428 873 1471 non
892 1409 1045 1472 scientes
1060 1407 1153 1490 quod
1173 1427 1270 1472 amor
1289 1416 1325 1470 et
1344 1407 1435 1490 sapi-

308 1505 402 1568 entia
426 1504 494 1568 sint
517 1505 628 1586 ipsum
652 1500 854 1584 subjedlum,
874 1513 911 1568 et
933 1503 1026 1586 quod
1050 1503 1085 1568 id
1109 1503 1200 1587 quod
1224 1509 1327 1566 extra
1349 1501 1434 1565 illud

304 1601 492 1682 percipitur
506 1610 545 1664 ut
561 1597 706 1663 volatile
724 1608 761 1664 et
779 1597 900 1675 fluens,
918 1599 963 1662 sit
980 1599 1085 1663 modo
1101 1599 1304 1681 apparentia
1319 1608 1436 1662 status

305 1693 449 1777 subjecti
468 1696 503 1759 in
522 1715 569 1758 se.
617 1693 760 1771 Causae,
778 1694 871 1778 quod
889 1693 956 1759 hoc
977 1713 1047 1758 non
1063 1693 1230 1758 hastenus
1247 1694 1356 1758 visum
1377 1695 1435 1769 sit,

305 1801 386 1854 sunt
405 1787 557 1874 ¹¹¹plures.
602 1789 699 1854 inter
721 1789 799 1854 illas
822 1799 888 1866 est,
908 1791 1001 1875 quod
1024 1791 1249 1873 apparentiae
1272 1789 1342 1852 sint
1367 1789 1433 1870 pri·

306 1906 385 1950 mae
405 1906 451 1949 ex
470 1885 591 1969 quibus
611 1904 709 1949 mens
727 1884 878 1949 humana
896 1885 1021 1950 format
1038 1905 1136 1949 suum
1152 1881 1380 1958 intelledtum,
1398 1893 1435 1948 et

306 1981 399 2066 quod
419 1981 591 2045 discutere
615 1979 694 2044 illas
718 1989 867 2063 nequeat
886 1981 949 2044 nisi
973 2001 1019 2045 ex
1042 1980 1268 2062 indagatione
1288 1999 1433 2059 causae;

304 2087 342 2142 et
361 2077 389 2140 si
409 2095 513 2140 causa
530 2075 603 2141 alte
623 2075 724 2152 latet,
741 2074 837 2139 illam
854 2076 1020 2158 indagare
1039 2077 1170 2158 nequit,
1191 2076 1255 2139 nisi
1271 2074 1433 2139 intellec·

306 2182 379 2237 tum
399 2181 520 2237 teneat
539 2171 596 2234 diu
619 2171 654 2235 in
678 2169 754 2236 luce
773 2171 952 2254 spirituali,
971 2173 1006 2234 in
1030 2190 1096 2253 qua
1115 2170 1212 2235 illum
1234 2171 1292 2234 diu
1316 2181 1436 2236 tenere

306 2269 425 2352 nequit
448 2277 591 2351 propter
621 2266 733 2331 lucem
757 2267 949 2331 naturalem
980 2286 1067 2351 quae
1091 2268 1254 2331 continue
1277 2268 1436 2333 retrahit.

305 2363 447 2428 Veritas
468 2382 574 2447 usque
598 2371 664 2440 est,
685 2362 778 2446 quod
802 2381 900 2427 amor
922 2371 959 2426 et
984 2363 1155 2445 sapientia
1178 2363 1248 2429 sint
1272 2362 1374 2426 realis
1397 2372 1436 2427 et

304 2457 448 2524 adlualis
471 2460 667 2524 substantia
690 2469 726 2523 et
752 2459 873 2536 sorma,
898 2479 985 2543 quae
1012 2457 1141 2522 iaciunt
1168 2459 1278 2541 ipsum
1299 2459 1434 2541 subjec-

305 2565 390 2620 tum.

367 2666 436 2734 41.
468 2648 537 2715 Sed
556 2649 622 2715 hoc
642 2651 722 2733 quia
740 2659 863 2715 contra
882 2651 1121 2733 apparentiam
1141 2658 1206 2725 est,
1227 2651 1334 2714 videri
1354 2660 1433 2732 pot·

305 2755 359 2810 est
388 2747 479 2810 sicut
502 2766 572 2811 non
596 2765 732 2811 merens
755 2745 870 2824 fidem,
892 2747 957 2810 nisi
985 2747 1265 2824 demonstretur;
1297 2755 1334 2809 et
1365 2748 1431 2812 hoc

304 2842 534 2907 demonstrari
560 2862 631 2906 non
655 2850 774 2925 potest
798 2842 861 2906 nisi
884 2862 987 2925 quam
1011 2862 1072 2924 per
1099 2841 1184 2906 talia
1211 2862 1298 2924 quae
1328 2842 1436 2908 homo

304 2939 480 3021 percipere
497 2947 616 3020 potest
636 2959 683 3002 ex
701 2957 804 3002 sensu
823 2938 873 3002 sui
892 2939 1069 3021 corporis3
1093 2959 1198 3021 quare
1218 2959 1278 3022 per
1294 2937 1353 3001 illa
1372 2938 1432 3002 de·

304 3033 566 3098 monstrabitur.
611 3031 700 3098 Sunt
723 3032 853 3097 homini
880 3033 1030 3117 quinque
1060 3054 1180 3097 sensus
1206 3034 1355 3108 externi,
1377 3033 1434 3115 qui

303 3137 474 3192 vocantur
497 3126 621 3205 tadlus,
642 3138 777 3212 gustus,
798 3126 955 3205 olsadlus,
976 3128 1113 3192 auditus
1136 3139 1173 3192 et
1196 3129 1298 3192 visus.
1345 3125 1432 3190 Sub·

299 3221 430 3308 jedtum
446 3221 560 3289 taetus
580 3233 635 3288 est
658 3225 758 3301 cutis,
773 3244 839 3308 qua
858 3224 965 3288 homo
984 3221 1245 3288 circumcinetus
1260 3234 1333 3301 est;
1358 3224 1440 3304 ipsa*

303 3320 498 3383 substantia
528 3329 565 3383 et
594 3318 704 3383 forma
734 3319 824 3384 cutis
848 3318 977 3383 iaciunt
1008 3329 1046 3382 ut
1075 3319 1204 3383 sentiat
1235 3317 1430 3402 applicata:

304 3436 425 3480 sensus
442 3413 556 3480 tadlus
579 3435 649 3479 non
668 3424 722 3480 est
742 3416 776 3479 in
796 3414 863 3478 illis
880 3435 968 3498 quae
991 3415 1218 3498 applicantur,
1239 3414 1300 3478 sed
1319 3426 1374 3479 est
1397 3417 1433 3478 in

304 3512 500 3575 substantia
526 3520 563 3575 et
589 3510 700 3575 forma
726 3512 825 3588 cutis,
845 3530 933 3593 quae
956 3521 1037 3574 sunt
1064 3508 1274 3593 subjeetum
1309 3529 1435 3574 sensus

303 3605 361 3670 ille
381 3616 436 3670 est
460 3605 565 3669 modo
583 3602 717 3669 affeetio
740 3605 812 3687 ejus
835 3606 879 3668 ab
902 3605 1093 3688 applicatis.
1138 3605 1256 3670 Simile
1275 3615 1329 3671 est
1352 3625 1432 3670 cum

303 3711 428 3783 gustu:
454 3700 509 3765 hic
527 3721 646 3764 sensus
663 3711 717 3765 est
734 3702 839 3765 modo
855 3699 990 3766 affediio
1007 3702 1221 3766 substantiae
1237 3711 1273 3766 et
1289 3702 1431 3778 formae,

303 3818 390 3879 quae
410 3806 490 3860 sunt
510 3795 670 3878 linguae;
696 3796 814 3878 lingua
829 3806 883 3860 est
900 3793 1101 3876 subjedtum.
1146 3794 1264 3863 Simile
1280 3808 1334 3862 est
1353 3817 1432 3861 cum

303 3887 451 3954 olfactu:
487 3891 580 3973 quod
604 3890 692 3954 odor
714 3889 842 3954 afficiat
863 3911 964 3954 nares
984 3902 1019 3955 et
1039 3891 1131 3974 quod
1155 3891 1201 3955 sit
1224 3893 1258 3955 in
1281 3891 1432 3966 naribus,

303 3995 339 4049 et
359 3985 451 4069 quod
471 3985 516 4049 sit
535 3982 669 4050 affectio
687 3985 821 4050 illarum
845 3987 890 4050 ab
913 3986 1090 4050 odoriferis
1113 3987 1350 4069 tangentibus,
1368 4008 1432 4052 no·

305 4093 379 4147 tum
405 4090 467 4146 est.
513 4078 632 4145 Simile
656 4091 711 4145 est
735 4101 813 4146 cum
838 4083 976 4146 auditu:
1012 4091 1156 4165 apparet
1180 4083 1268 4147 sicut
1292 4084 1434 4148 auditus

303 4180 349 4242 sit
368 4179 401 4241 in
421 4176 501 4240 loco
520 4177 577 4240 ubi
601 4197 706 4240 sonus
729 4177 881 4252 inchoat,
903 4177 963 4241 sed
986 4178 1124 4241 auditus
1147 4187 1201 4244 est
1224 4177 1259 4241 in
1281 4199 1373 4254 aure,
1394 4189 1433 4244 et¹

303 4282 357 4338 est
372 4269 507 4337 affectio
526 4273 741 4337 substantiae
761 4283 797 4336 et
813 4273 942 4337 formae
959 4272 1050 4355 ejus3
1073 4273 1165 4356 quod
1181 4272 1319 4338 auditus
1335 4276 1379 4338 sit
1395 4276 1432 4339 in

303 4369 472 4433 distantia
494 4367 539 4430 ab
561 4388 654 4444 aure,
675 4377 729 4432 est
753 4368 966 4451 apparentia.
1013 4367 1131 4433 Simile
1155 4379 1210 4434 est
1233 4388 1311 4433 cum
1335 4372 1429 4436 visu:

303 4473 447 4546 apparet
464 4464 545 4526 dum
562 4463 667 4528 homo
682 4463 779 4528 videt
798 4462 934 4546 objed'ta
948 4463 991 4528 ad
1009 4463 1212 4529 distantiam
1232 4466 1321 4531 sicut
1339 4467 1433 4530 visus

303 4561 349 4624 ibi
368 4558 424 4636 sit,
445 4559 507 4623 sed
530 4580 636 4643 usque
658 4570 713 4624 est
732 4561 765 4623 in
785 4560 887 4625 oculo
904 4561 960 4644 qui
983 4569 1038 4624 est
1061 4558 1262 4643 subjectum,
1281 4571 1317 4627 et
1336 4563 1429 4626 simi·

304 4654 383 4719 liter
405 4665 459 4720 est
483 4652 618 4720 affediio
637 4654 727 4737 ejus:
759 4655 890 4720 distans
914 4665 968 4721 est
992 4655 1103 4719 solum
1128 4677 1173 4719 ex
1194 4655 1322 4738 judicio
1346 4678 1431 4721 con·
