3434 5364
457 663 507 714 ns
531 663 666 712 mvmo
690 663 834 724 aniona,
857 663 948 714 anns
974 662 1085 712 v.-u.
1104 667 1177 730 400.
1320 652 1378 732 187

395 833 476 899 (xxi.)
505 832 589 902 Quod
597 849 680 886 amar
692 833 860 901 spt'raualis
874 839 902 886 e!
910 833 1084 886 caelestissit
1098 851 1182 886 amar
1194 851 1263 905 erga
1272 836 1378 903 praxi-

574 921 652 956 mum
662 911 781 956 elamor
794 907 826 955 in
839 905 1019 958 Dominum:
1037 905 1149 973 elquad
1158 921 1241 958 amar
1253 911 1379 957 natura·

573 975 612 1027 lis
623 980 651 1028 et
661 975 803 1027 sensualis
814 977 854 1027 sit
868 991 953 1028 amar
966 977 1072 1030 mundi
1081 983 1109 1028 et
1121 993 1205 1028 amar
1215 980 1272 1030 sui.

388 1044 481 1112 (xxii.)
510 1046 595 1114 Quod
606 1046 701 1098 srim'le
715 1048 755 1098 sil
769 1061 834 1098 cum
853 1046 999 1099 charitate
1013 1053 1040 1100 et
1050 1047 1119 1115 fide,
1132 1053 1159 1099 et
1173 1064 1237 1100 cum
1256 1049 1378 1102 illarum

574 1117 775 1186 conjunllrane,
791 1122 823 1170 ut
841 1123 882 1169 est
899 1133 963 1170 cum
982 1118 1131 1170 voluntate
1142 1123 1170 1170 et
1188 1118 1338 1179 intelletlu,
1352 1121 1382 1171 et

574 1204 638 1240 cum
651 1187 755 1240 Icariam
768 1187 970 1258 conjunfflaae.

319 1324 424 1392 399.
450 1309 500 1391 (i.)
529 1305 625 1384 Quod
637 1331 733 1372 amor
748 1331 804 1372 seu
816 1308 970 1374 voluntas
983 1311 1031 1374 sit
1047 1309 1124 1392 ipsa
1136 1311 1208 1375 vita
1223 1311 1382 1388 hominis,

257 1405 409 1485 sequitur
428 1425 447 1466 a
467 1406 772 1486 correspondentia
791 1405 904 1467 cordis
923 1424 1000 1468 cum
1020 1405 1212 1480 voluntate,
1236 1405 1294 1488 (de
1314 1427 1382 1490 qua

257 1519 368 1581 supra,
390 1519 421 1560 n.
443 1499 618 1581 378-381,)
639 1518 719 1562 nam
739 1501 826 1563 sicut
850 1520 909 1564 cor
928 1502 1002 1581 agit
1022 1501 1055 1563 in
1075 1521 1229 1583 corpore,
1250 1503 1299 1566 ita
1318 1523 1378 1565 vo-

257 1593 372 1657 luntas
391 1596 425 1656 in
445 1605 582 1672 mente;
613 1606 649 1659 et
673 1596 760 1658 sicut
785 1597 898 1659 omnia
917 1598 1070 1678 corporis
1090 1599 1245 1679 pendent
1265 1599 1381 1680 quoad

257 1691 482 1753 existentiam
505 1700 541 1754 et
565 1691 678 1773 quoad
703 1700 835 1755 motum
859 1711 879 1754 a
902 1691 1018 1768 corde,
1042 1693 1090 1756 ita
1114 1695 1228 1756 omnia
1252 1695 1382 1756 mentis

256 1786 369 1868 quoad
390 1788 614 1850 existentiam
639 1797 674 1850 et
699 1787 810 1870 quoad
831 1789 938 1851 vitam
963 1809 982 1850 a
1006 1787 1199 1852 voluntate.
1245 1789 1380 1852 Dicitur

255 1902 278 1942 a
300 1879 476 1956 voluntate,
502 1881 561 1944 sed
593 1881 800 1965 intelligitur
822 1884 866 1947 ab
888 1903 1017 1958 amore,
1039 1883 1116 1965 quia
1139 1883 1301 1947 voluntas
1325 1893 1379 1947 est

257 1978 510 2059 receptaculum
523 1979 659 2054 amoris,
673 1987 709 2041 et
726 1998 822 2040 amor
837 1987 891 2041 est
907 1980 981 2061 ipsa
994 1980 1066 2043 vita
1081 1977 1254 2062 (videatur
1266 2000 1377 2061 supra,

256 2093 288 2134 n.
316 2071 409 2154 1-3);
444 2083 479 2136 et
503 2093 599 2136 amor
622 2075 678 2157 qui
701 2082 755 2136 est
779 2075 853 2155 ipsa
875 2075 958 2150 vita,
978 2084 1032 2138 est
1064 2095 1084 2137 a
1114 2074 1190 2138 solo
1215 2074 1375 2137 Domino.

257 2165 358 2250 Quod
376 2189 421 2230 ex
441 2168 544 2231 corde
567 2178 603 2231 et
627 2167 698 2249 ejus
718 2169 932 2249 expansione
956 2171 989 2232 in
1009 2189 1132 2252 corpus
1155 2189 1215 2252 per
1234 2171 1381 2233 arterias

255 2274 291 2327 et
321 2283 439 2337 venas,
460 2264 537 2326 sciri
564 2265 674 2345 possit
701 2263 792 2346 quod
824 2283 919 2326 amor
948 2285 1008 2328 seu
1038 2264 1200 2327 voluntas
1231 2265 1275 2327 sit
1306 2266 1380 2327 vita

255 2360 414 2433 hominis,
445 2367 499 2422 est
531 2359 609 2441 quia
631 2357 691 2422 illa
714 2379 801 2442 quae
831 2358 893 2421 sibi
924 2361 1195 2441 correspondent
1223 2359 1382 2422 similiter

255 2463 375 2536 agunt,
395 2473 473 2516 cum
489 2453 684 2516 discrimine
704 2454 794 2536 quod
811 2471 915 2516 unum
935 2455 980 2517 sit
1000 2454 1156 2518 naturale
1176 2464 1211 2518 et
1230 2453 1380 2516 alterum

255 2549 443 2633 spirituale.
489 2547 675 2631 Quomodo
694 2568 753 2612 cor
773 2551 847 2631 agit
870 2550 904 2612 in
929 2569 1083 2632 corpore,
1104 2557 1202 2632 patet
1226 2569 1271 2612 ex
1295 2566 1380 2609 ana·

255 2647 374 2720 tomis,
396 2653 433 2708 ut
456 2645 545 2728 quod
566 2664 668 2708 omne
692 2645 725 2708 id
749 2646 854 2719 vivat,
875 2653 934 2706 aut
955 2645 988 2707 in
1013 2645 1106 2707 vitae
1130 2644 1295 2726 obsequio
1318 2643 1380 2718 sit,

255 2741 311 2805 ubi
331 2762 390 2805 cor
408 2761 468 2824 per
486 2760 569 2803 vasa
591 2761 611 2802 a
634 2760 670 2802 se
694 2740 821 2802 emissa
843 2739 929 2822 agit,
949 2749 985 2802 et
1009 2739 1101 2822 quod
1124 2759 1226 2802 omne
1250 2738 1283 2801 id
1308 2757 1379 2800 non

253 2834 360 2912 irivat,
375 2836 430 2900 ubi
448 2856 505 2898 cor
520 2855 581 2918 per
597 2855 679 2897 vasa
695 2855 755 2898 sua
772 2854 840 2897 non
858 2835 940 2916 agit.
987 2833 1034 2898 Et
1055 2843 1231 2915 praeterea
1248 2854 1306 2897 cor
1323 2843 1379 2896 est

254 2933 400 3014 primum
417 2939 451 2994 et
472 2928 640 3004 ultimum,
659 2929 750 3012 quod
773 2930 807 2992 in
832 2949 973 3012 corpore
997 2931 1091 3010 agit:
1124 2929 1215 3012 quod
1240 2929 1283 2992 sit
1308 2929 1377 3010 pri-

255 3045 358 3101 mum,
374 3034 512 3089 constat
524 3045 569 3088 ex
581 3024 835 3105 embryonibus‚
847 3033 883 3088 et
894 3024 984 3106 quod
999 3025 1042 3086 sit
1056 3025 1225 3098 ultimum,
1237 3033 1379 3086 constat

254 3143 300 3184 ex
325 3119 571 3195 morientibus;
606 3128 640 3182 et
664 3119 755 3200 quod
780 3120 909 3202 absque
934 3120 1180 3199 cooperatione
1205 3117 1376 3200 pulmonis

254 3226 348 3298 agat,
374 3224 514 3278 constat
538 3235 582 3276 ex
608 3213 793 3289 suffocatis,
818 3223 853 3276 et
883 3235 927 3276 ex
955 3214 1133 3296 deliquiis:
1166 3213 1245 3275 inde
1269 3213 1377 3275 videri

254 3320 384 3395 potest,
412 3310 502 3393 quod
533 3311 619 3372 sicut
642 3311 714 3371 vita
737 3311 890 3390 corporis
919 3310 1175 3373 succenturiata
1204 3309 1332 3389 pendet
1356 3327 1376 3371 a

255 3407 330 3471 solo
352 3407 466 3478 corde,
491 3406 540 3467 ita
563 3404 719 3468 similiter
741 3405 814 3467 vita
837 3405 962 3467 mentis
986 3424 1006 3466 a
1033 3403 1106 3466 sola
1128 3403 1320 3476 voluntate,
1340 3411 1376 3466 et

254 3503 345 3585 quod
368 3501 529 3564 voluntas
553 3499 709 3562 similiter
735 3501 829 3563 vivat
854 3508 1015 3562 cessante
1039 3499 1264 3580 cogitatione,
1289 3498 1377 3561 sicut

255 3618 314 3660 cor
337 3605 496 3661 cessante
516 3595 754 3677 respiratione,
776 3605 812 3657 ut
836 3615 970 3678 quoque
990 3603 1088 3677 patet
1111 3615 1156 3657 ex
1180 3595 1375 3675 embryoni-

253 3693 328 3767 bus‚
346 3691 581 3764 morientibus,
599 3689 773 3752 suffocatis
790 3699 826 3752 et
842 3689 1008 3771 deliquiis.
1055 3689 1111 3751 Ex
1128 3691 1247 3773 quibus
1264 3692 1375 3775 sequi·

254 3798 320 3862 tur,
340 3787 430 3872 quod
449 3806 545 3850 amor
563 3806 623 3848 seu
642 3783 802 3847 voluntas
826 3786 871 3847 sit
890 3786 963 3866 ipsa
983 3784 1055 3847 vita
1074 3785 1231 3849 hominis

317 3897 423 3964 411⁰.
447 3879 543 3963 [(ii.)]
571 3878 668 3957 Quod
682 3901 778 3942 amar
796 3899 852 3942 seu
873 3879 1028 3942 voluntas
1051 3879 1085 3942 in
1104 3879 1286 3943 humanam
1295 3880 1374 3959 sar-

254 3998 344 4040 mam
355 3976 503 4041 continm
512 3975 651 4050 nitatur,
663 3984 696 4038 et
709 3973 744 4037 in
757 3974 867 4037 amnia
878 3995 962 4056 quae
971 3973 1138 4038 humanae
1139 3975 1277 4054 formae
1286 3985 1374 4050 sunt,

254 4082 353 4155 patet
370 4093 390 4135 a
405 4071 711 4154 correspondentia
727 4070 838 4133 cordis
858 4089 934 4132 cum
951 4069 1144 4145 voluntate,
1158 4090 1236 4133 nam
1255 4078 1375 4133 notum

253 4176 320 4242 est,
339 4167 428 4250 quod
448 4168 563 4232 omnia
581 4167 734 4248 corporis
749 4166 936 4229 formentur
954 4165 988 4227 in
1008 4173 1118 4240 utero,
1136 4175 1171 4228 et
1193 4165 1284 4248 quod
1308 4165 1375 4228 lor·

254 4273 391 4326 mentur
413 4283 474 4345 per
499 4259 601 4326 fibras
631 4284 650 4327 e
679 4260 839 4336 cerebris,
859 4269 895 4323 et
924 4278 1090 4341 pervasa
1112 4261 1300 4342 sanguinea
1330 4283 1375 4324 ex

253 4359 371 4432 corde,
392 4367 428 4422 et
447 4358 538 4442 quod
558 4366 790 4422 contexturae
809 4356 960 4420 omnium
980 4374 1187 4437 organorum
1206 4365 1241 4418 et
1265 4357 1374 4419 visce-

253 4474 327 4519 rum
345 4477 389 4518 ex
407 4454 475 4518 illis
486 4454 576 4519 binis
593 4454 695 4518 fiant:
720 4473 766 4516 ex
782 4472 850 4534 quo
866 4461 976 4534 patet,
991 4453 1082 4534 quod
1100 4453 1215 4515 omnia
1230 4451 1375 4515 hominis

252 4571 300 4613 ex
318 4552 390 4613 vita
408 4551 609 4624 voluntatis,
627 4569 713 4632 quae
733 4558 786 4611 est
804 4568 910 4622 amor,
927 4569 947 4610 a
967 4548 1139 4630 principiis
1156 4549 1223 4610 suis
1243 4569 1260 4609 e
1281 4568 1374 4610 cere-

254 4645 324 4709 bris
347 4667 407 4728 per
429 4645 530 4709 fibras
554 4646 718 4720 existant,
743 4654 779 4708 et
810 4643 899 4727 quod
925 4644 1040 4706 omnia
1063 4645 1213 4724 corporis
1237 4641 1307 4718 ejus
1332 4665 1373 4704 ex
