3418 5368
314 667 371 748 198
662 677 865 729 sarianum
887 675 1085 727 susurres

309 854 415 915 etiam
434 851 547 937 quoad
568 851 722 915 membra
741 859 778 915 et
796 871 928 934 organa
946 849 1093 928 interna,
1113 870 1202 935 quae
1220 849 1318 935 plura
1340 862 1437 930 sunt,

309 957 382 1011 tum
402 949 507 1011 etiam
524 947 637 1030 quoad
656 959 765 1023 cutes,
786 949 1016 1022 membranas,
1037 947 1259 1030 cartilagines
1274 956 1311 1012 et
1330 967 1437 1028 ossa;

309 1055 346 1108 at
370 1045 454 1108 haec
479 1056 515 1108 et
539 1045 598 1107 illa
622 1045 655 1107 in
680 1043 830 1108 Homine
853 1045 922 1108 isto
947 1065 1015 1108 non
1041 1053 1120 1106 sunt
1144 1043 1348 1120 materialia,
1371 1044 1438 1108 sed

310 1150 390 1203 sunt
409 1140 621 1222 spiritualia:
651 1149 687 1204 et
718 1142 891 1221 provisum
914 1151 969 1204 est
997 1161 1017 1203 a
1048 1139 1211 1216 Domino,
1231 1151 1268 1203 ut
1297 1161 1434 1224 quoque

308 1237 368 1312 illi,
393 1237 437 1300 ad
467 1257 552 1319 quos
581 1235 810 1318 Evangelium
842 1257 910 1299 non
941 1237 1054 1320 potuit
1081 1237 1209 1312 venire,
1234 1237 1294 1300 sed
1322 1236 1436 1300 solum

309 1333 441 1416 religio,
466 1333 571 1396 etiam
596 1332 710 1396 locum
741 1334 774 1394 in
803 1331 929 1395 Divino
952 1331 1012 1395 illo
1038 1331 1200 1407 Homine,
1219 1333 1287 1396 hoc
1311 1344 1378 1409 est,
1398 1335 1433 1396 in

309 1429 418 1506 caelo,
442 1429 570 1493 habere
601 1439 756 1511 possent,
777 1429 1023 1492 constituendo
1055 1427 1124 1503 illa,
1150 1449 1236 1510 quae
1266 1440 1439 1495 vocantur

309 1534 415 1602 cutes,
436 1526 669 1600 membranae,
686 1523 909 1606 cartilagines
928 1533 965 1588 et
984 1544 1083 1602 ossa;
1108 1533 1144 1587 et
1165 1524 1258 1606 quod
1277 1524 1437 1590 similiter

308 1641 347 1684 ac
374 1621 430 1684 alii
459 1621 494 1686 in
521 1621 666 1686 caelesti
689 1620 817 1704 gaudio
839 1629 976 1684 essent:
1009 1638 1089 1683 nam
1113 1639 1183 1683 non
1205 1619 1320 1696 refert,
1345 1620 1373 1684 si
1399 1622 1437 1686 in

308 1717 435 1798 gaudio
451 1717 552 1802 quale
568 1727 622 1781 est
638 1717 773 1798 angelis
789 1717 938 1798 supremi
953 1715 1051 1792 caeli,
1066 1735 1126 1780 seu
1142 1715 1176 1778 in
1192 1717 1318 1798 gaudio
1333 1716 1437 1800 quale

308 1822 364 1876 est
382 1813 516 1895 angelis
531 1812 643 1877 ultimi
658 1810 765 1891 caeli;
790 1829 869 1875 nam
887 1813 1029 1894 quisque
1047 1811 1103 1895 qui
1122 1812 1157 1874 in
1177 1809 1311 1875 caelum
1326 1813 1437 1892 venit,

308 1908 342 1972 in
362 1927 531 1972 summum
550 1908 602 1972 sui
621 1908 735 1972 cordis
753 1907 915 1990 gaudium
934 1908 1051 1986 venit;
1076 1927 1146 1970 non
1165 1907 1315 1971 sustinet
1332 1928 1436 1990 supe·

308 2004 389 2079 rius,
406 2004 439 2066 in
455 2003 521 2067 hoc
537 2005 630 2068 enim
647 2003 879 2067 suffocaretur.
924 2008 984 2069 [4.]
1012 2002 1078 2066 Est
1091 2003 1329 2084 comparative
1345 2004 1437 2069 sicut

308 2098 463 2180 agricola
473 2108 509 2163 et
522 2119 604 2162 rex:
625 2099 779 2181 agricola
788 2109 906 2182 potest
917 2100 952 2161 in
966 2117 1101 2163 summo
1113 2099 1240 2182 gaudio
1252 2120 1342 2174 esse,
1356 2117 1435 2164 cum

308 2195 438 2258 incedit
457 2205 556 2258 veste
576 2214 665 2257 nova
684 2215 729 2258 ex
749 2194 822 2257 rudi
842 2194 932 2270 lana,
953 2204 989 2258 et
1008 2195 1182 2259 accumbit
1201 2193 1246 2256 ad
1265 2213 1434 2271 mensam,

308 2311 409 2372 super
432 2310 499 2374 qua
521 2300 576 2355 est
595 2310 676 2353 caro
694 2289 804 2365 suilla,
824 2289 968 2353 frustum
988 2291 1096 2365 bovis,
1118 2308 1250 2365 caseus,
1269 2291 1438 2354 cerevisia

308 2396 345 2450 et
369 2387 485 2450 vinum
510 2386 693 2466 adustum;
725 2385 779 2450 hic
804 2397 1049 2467 angustaretur
1071 2385 1186 2462 corde,
1207 2386 1236 2449 si
1259 2386 1347 2450 sicut
1370 2388 1435 2451 rex

308 2482 505 2545 indueretur
518 2502 674 2565 purpura,
688 2483 809 2558 serico,
822 2503 906 2546 auro
922 2491 958 2545 et
975 2491 1134 2564 argento,
1148 2490 1184 2545 et
1202 2492 1439 2564 apponeretur

308 2579 339 2642 ei
355 2597 484 2654 mensa,
496 2599 596 2659 super
612 2599 678 2661 qua
695 2576 848 2642 lautitiae
864 2597 904 2642 ac
917 2578 1080 2660 opiparae
1093 2577 1200 2660 dapes
1213 2577 1313 2640 multi
1326 2597 1434 2659 gene·

307 2674 353 2736 ris
363 2692 440 2736 cum
451 2675 531 2736 vino
541 2673 658 2735 nobili.
700 2672 757 2735 Ex
774 2683 962 2756 quopatet,
974 2673 1065 2756 quod
1080 2672 1207 2736 ultimis
1217 2673 1305 2736 sicut
1316 2673 1437 2755 primis

308 2769 353 2831 sit
370 2768 518 2832 felicitas
536 2768 708 2843 caelestis,
729 2769 835 2832 cuivis
854 2768 888 2832 ln
907 2789 969 2830 suo
988 2769 1118 2850 gradu;
1143 2769 1193 2833 ita
1211 2790 1346 2852 quoque
1365 2770 1436 2833 illis

250 2933 254 2940 ,
308 2865 365 2946 qui
388 2873 490 2926 extra
506 2860 741 2927 Christianum
761 2865 879 2927 orbem
899 2874 992 2939 sunt,
1010 2865 1115 2928 modo
1133 2862 1267 2946 fugiant
1287 2864 1378 2928 mala
1397 2875 1436 2930 ut

308 2970 456 3042 peccata
472 2969 594 3022 contra
612 2957 735 3034 Deum,
753 2959 831 3040 quia
849 2969 973 3022 contra
992 2959 1208 3041 religionem.
1254 2965 1311 3025 [tl-l
1344 2958 1435 3025 Sunt

308 3055 419 3137 pauci,
440 3055 497 3138 qui
520 3073 658 3136 prorsus
682 3054 842 3136 ignorant
867 3053 998 3118 Deum:
1031 3055 1122 3138 quod
1145 3055 1192 3131 hi,
1214 3056 1241 3118 si
1265 3057 1433 3121 moralem

307 3151 415 3214 vitam
435 3160 592 3232 egerunt,
618 3161 698 3232 post
728 3159 877 3214 mortem
907 3151 1122 3215 instruantur
1151 3151 1196 3214 ab
1225 3152 1371 3233 angelis,
1395 3161 1435 3216 et

306 3247 340 3310 in
358 3246 479 3310 morali
495 3267 556 3310 sua
571 3247 643 3311 vita
660 3247 828 3328 recipiant
841 3246 1031 3326 spirituale,
1045 3247 1204 3310 videatur
1220 3247 1254 3310 in
1267 3245 1435 3311 Doc‘irina

307 3341 425 3407 Novae
445 3340 697 3423 Irlti’rosolymae
714 3340 755 3403 de
774 3340 957 3421 Scriptura
976 3340 1084 3405 Sacra
1101 3340 1148 3423 (n.
1173 3340 1259 3424 116).
1305 3339 1433 3406 Simili·

306 3448 361 3502 ter
375 3439 432 3521 qui
448 3437 558 3501 solem
576 3447 611 3501 et
629 3437 743 3499 lunam
760 3435 916 3510 adorant,
930 3445 966 3500 et
983 3436 1127 3500 credunt
1146 3437 1193 3500 ibi
1208 3457 1285 3500 esse
1298 3435 1433 3518 Deum3

307 3553 375 3596 non
399 3533 512 3597 sciunt
535 3533 638 3606 aliud,
660 3551 763 3615 quare
787 3530 821 3594 id
845 3550 914 3595 non
937 3529 1006 3595 illis
1029 3552 1093 3615 pro
1115 3541 1263 3614 peccato
1280 3532 1433 3614 imputa·

306 3640 374 3702 tur,
394 3647 474 3691 nam
494 3629 578 3691 dicit
597 3626 777 3703 Dominus,

353 3755 367 3778 '⁶
378 3751 405 3803 Si
423 3751 694 3885 Cchlelsetislnhoe
711 3749 797 3812 est,'si
815 3768 871 3804 non
889 3754 1003 3813 sciretis,
1018 3755 1097 3804 “non
1115 3735 1249 3804 haberetis
1268 3749 1431 3818 peceatum*

473 3835 560 3868 0.rx.
572 3832 623 3880 41.

306 3937 424 4000 Plures
442 3946 557 4000 autem
576 3946 668 4012 sunt,
689 3937 745 4020 qui
764 3937 883 4001 colunt
902 3937 995 4001 idola
1013 3947 1049 4002 et
1068 3937 1252 4018 sculptilia,
1270 3937 1376 4000 etiam
1396 3934 1431 4000 in

306 4031 504 4096 Christiano
523 4032 616 4096 orbe.
663 4031 740 4096 Hoc
760 4033 898 4116 quidem
917 4043 971 4097 est
990 4033 1257 4108 idololatricum,
1277 4032 1338 4095 sed
1359 4051 1429 4094 non

304 4127 395 4209 apud
424 4148 567 4206 omnes;
595 4137 675 4190 sunt
699 4128 790 4190 enim
813 4127 935 4209 quibus
954 4127 1128 4210 sculptilia
1146 4129 1336 4192 inserviunt
1367 4146 1432 4208 pro

305 4223 420 4286 medio
439 4223 619 4286 excitandi
635 4224 885 4306 cogitationem
913 4223 955 4285 de
983 4222 1080 4299 De0;
1106 4244 1151 4286 ex
1180 4221 1309 4286 influxu
1337 4225 1430 4287 enim

304 4340 324 4383 e
348 4318 445 4382 caelo
465 4330 531 4394 est,
552 4328 590 4382 ut
620 4319 676 4402 qui
696 4317 808 4382 Deum
825 4319 985 4400 agnoscit
1004 4319 1089 4382 velit
1107 4318 1225 4381 videre
1244 4317 1372 4400 ipsum,
1392 4326 1428 4381 et

304 4413 339 4478 hi
355 4415 434 4497 quia
449 4435 519 4477 non
536 4425 682 4496 possunt
698 4414 835 4478 elevare
852 4425 1005 4478 mentem
1023 4435 1125 4497 super
1139 4412 1322 4488 sensualia,
1339 4415 1431 4477 sicut

305 4511 487 4574 interiores
503 4509 708 4593 spirituales,
725 4510 805 4574 ideo
824 4531 869 4572 ex
889 4509 1040 4593 sculptili
1059 4530 1119 4573 seu
1138 4510 1289 4592 imagine
1305 4529 1428 4573 exsus-

304 4603 416 4668 citant
436 4604 530 4668 illud.
577 4603 631 4668 llli
658 4605 714 4688 'qui
743 4603 809 4668 hoc
833 4603 972 4679 faciunt,
993 4614 1029 4668 et
1054 4625 1122 4669 non
1146 4605 1292 4668 adorant
1316 4605 1427 4686 ipsum

304 4699 465 4784 sculptile
485 4710 523 4765 ut
542 4700 665 4777 Deum,
683 4701 710 4764 si
728 4701 833 4765 etiam
855 4722 900 4765 ex
919 4701 1086 4783 religione
1101 4701 1222 4766 vivunt
1241 4708 1431 4784 praecepta
