3424 5368
366 657 427 738 164
717 668 921 720 seersum
943 667 1141 718 ηηοηηιοη

362 841 568 923 angelicam,
595 861 721 926 perque
745 839 946 904 libertatem
971 839 1004 901 in
1028 857 1182 903 amorem
1207 859 1276 902 non
1300 838 1493 905 absimilem

361 938 469 1000 amori
500 937 680 1020 angelico:
720 935 781 999 sed
816 956 922 1018 usque
956 933 1065 1016 qualis
1098 943 1152 998 est
1186 953 1293 1009 amor,
1325 935 1406 998 talis
1439 947 1493 1001 est

362 1034 553 1116 sapientia;
588 1033 615 1094 si
635 1051 731 1095 amor
754 1040 808 1094 est
830 1028 993 1094 caelestis
1016 1039 1052 1094 et
1076 1029 1274 1112 spiritualis,
1293 1028 1332 1093 fit
1355 1033 1492 1114 sapien-

361 1131 410 1192 tia
433 1148 568 1211 quoque
592 1126 756 1191 caelestis
780 1136 815 1189 et
840 1125 1048 1209 spiritualis;
1088 1135 1231 1189 atvero
1261 1125 1290 1189 si
1317 1145 1414 1190 amor
1437 1139 1492 1192 est

361 1224 551 1287 diabolicus
571 1243 610 1286 ac
630 1221 815 1295 infernalis,
836 1231 892 1285 est
915 1243 1049 1304 quoque
1073 1221 1244 1303 sapientia
1263 1222 1436 1286 diabolica
1454 1237 1491 1287 et

361 1321 556 1400 infernalis;
591 1320 675 1384 haec
696 1320 833 1402 quidem
857 1329 938 1382 ωηο
962 1328 1082 1402 potest
1105 1339 1270 1401 apparere
1289 1320 1322 1382 in
1342 1330 1492 1385 externa

359 1417 478 1491 forma,
500 1416 603 1480 etsie
624 1434 740 1479 coram
763 1415 850 1490 aliis,
871 1416 960 1479 sicut
979 1414 1140 1478 caelestis
1156 1425 1191 1477 et
1212 1415 1410 1495 spiritualis,
1428 1418 1489 1480 sed

358 1515 393 1577 in
413 1516 550 1577 interna
568 1513 687 1587 forma,
705 1533 792 1595 quae
812 1522 866 1575 est
886 1513 960 1594 ipsa
976 1512 1128 1575 essentia
1147 1509 1229 1592 ejus,
1247 1521 1301 1575 est
1319 1512 1489 1578 diabolica

358 1619 394 1673 et
430 1608 617 1684 infernalis,
643 1628 712 1671 non
746 1618 849 1672 extra
883 1607 989 1683 illum,
1015 1607 1076 1670 sed
1109 1607 1200 1671 intra
1232 1606 1338 1670 illum.
1384 1605 1486 1690 Quod

358 1705 437 1769 talis
460 1705 518 1780 sit,
539 1724 607 1768 non
631 1713 777 1786 apparet
800 1703 1007 1776 hominibus,
1027 1704 1106 1786 quia
1128 1700 1287 1766 homines
1310 1704 1487 1768 naturales

357 1810 450 1876 sunt,
470 1821 510 1864 ac
535 1799 739 1863 naturaliter
763 1799 883 1861 vident
906 1808 942 1862 et
965 1799 1118 1872 audiunt,
1142 1807 1179 1861 et
1205 1797 1314 1860 forma
1338 1809 1486 1862 externa

357 1907 413 1960 est
445 1895 632 1958 naturalis:
673 1895 734 1957 sed
761 1893 853 1977 quod
877 1894 958 1956 talis
982 1895 1038 1968 sit,
1063 1903 1208 1975 apparet
1237 1892 1382 1974 angelis,
1407 1897 1486 1976 quia

357 1991 472 2074 angeli
492 1989 688 2072 spirituales
711 2000 802 2062 sunt,
820 2010 860 2052 ac
884 1989 1107 2070 spiritualiter
1126 1988 1246 2051 vident
1269 1997 1305 2050 et
1328 1988 1484 2066 audiunt,

356 2096 393 2149 et
413 2087 521 2149 forma
540 2087 676 2148 interna
700 2095 754 2148 est
778 2083 973 2166 spiritualis.
1021 2089 1078 2150 [2.]
1112 2082 1168 2146 Ex
1188 2083 1241 2146 his
1261 2093 1372 2164 patet,
1393 2086 1482 2166 quod

357 2180 463 2244 homo
481 2181 622 2243 immitti
642 2181 750 2262 possit
775 2182 808 2242 in
832 2179 1036 2261 sapientiam
1057 2198 1168 2241 rerum
1188 2178 1426 2261 spiritualium,
1447 2189 1482 2245 et

354 2298 492 2360 quoque
517 2279 550 2339 in
574 2295 726 2339 amorem
751 2275 896 2349 illarum,
922 2283 957 2337 et
981 2295 1086 2356 usque
1118 2295 1186 2337 non
1210 2274 1396 2349 reformari,
1421 2276 1481 2339 sed

355 2383 437 2437 ωηο
470 2372 580 2436 solum
616 2374 648 2434 in
680 2390 832 2434 amorem
860 2370 994 2433 illarum
1029 2370 1231 2445 naturalem,
1263 2389 1331 2433 non
1366 2381 1480 2435 autem

355 2469 390 2531 in
413 2487 565 2532 amorem
590 2466 723 2529 illarum
751 2465 975 2548 spiritualem.
1022 2464 1134 2529 Causa
1165 2477 1230 2540 est,
1255 2466 1346 2548 quod
1376 2467 1481 2531 homo

354 2573 466 2627 semet
491 2563 601 2647 possit
625 2563 813 2625 immittere
836 2562 870 2624 in
894 2579 1046 2624 amorem
1070 2561 1275 2637 naturalem,
1300 2563 1361 2624 sed
1388 2563 1480 2627 solus

357 2657 525 2721 Dominus
548 2659 580 2720 in
604 2677 756 2719 amorem
776 2656 1008 2739 spiritualem;
1040 2666 1075 2719 et
1095 2657 1150 2738 qui
1173 2657 1206 2719 in
1230 2657 1319 2721 hunc
1339 2659 1479 2724 immissi

354 2763 446 2826 sunt,
465 2753 512 2815 illi
532 2751 778 2828 reformantur3
806 2760 842 2814 at
859 2751 914 2834 qui
933 2751 967 2813 in
986 2749 1082 2814 illum
1098 2751 1209 2814 solum
1226 2752 1368 2815 immissi
1387 2765 1478 2830 sunt,

354 2869 424 2912 non
450 2849 699 2924 reformantur;
734 2848 769 2910 hi
792 2849 882 2911 enim
912 2857 992 2910 sunt
1022 2847 1174 2931 plerique
1206 2848 1417 2930 hypocritae,
1443 2861 1478 2914 et

354 2944 468 3026 plures
489 2965 532 3006 ex
552 2941 671 3006 ordine
689 2941 867 3025 Jesuitico,
888 2944 944 3026 qui
967 2943 1108 3006 interius
1128 2964 1196 3006 non
1216 2943 1343 3026 aliquid
1363 2944 1478 3009 Divini

353 3039 510 3113 credunt,
531 3038 592 3101 sed
611 3039 764 3102 exterius
784 3059 861 3102 cum
881 3038 1014 3101 Divinis
1033 3039 1120 3101 sicut
1141 3038 1262 3102 harioli
1282 3038 1414 3104 ludunt.

417 3149 511 3217 223.
542 3135 604 3197 Per
634 3134 778 3197 multam
809 3134 1059 3216 experientiam
1090 3134 1123 3196 in
1154 3135 1283 3198 mundo
1313 3137 1477 3218 spirituali

353 3231 473 3295 datum
498 3240 551 3292 est
575 3230 672 3303 scire,
693 3229 784 3312 quod
811 3229 916 3292 homo
942 3229 977 3291 in
1004 3249 1041 3292 se
1072 3231 1249 3311 possideat
1276 3231 1475 3298 facultatem

352 3325 570 3406 intelligendi
605 3345 731 3388 arcana
763 3326 964 3407 sapientiae,
998 3325 1086 3388 sicut
1119 3327 1183 3406 ipsi
1216 3327 1341 3408 angeli.
1387 3328 1475 3394 Nam

352 3424 421 3486 vidi
445 3420 603 3485 diabolos
627 3421 765 3502 ignitos,
790 3421 949 3502 quidum
973 3441 1097 3483 arcana
1124 3423 1314 3504 sapientiae
1337 3425 1475 3488 audive-

352 3528 443 3592 runt,
473 3515 563 3599 quod
599 3535 667 3577 non
702 3516 805 3577 modo
834 3515 1073 3579 intellexerint
1105 3515 1174 3592 illa,
1203 3518 1264 3581 sed
1295 3519 1400 3582 etiam
1430 3542 1475 3585 ex

351 3611 588 3677 rationalitate
612 3631 674 3674 sua
697 3609 804 3674 locuti
827 3612 896 3675 sint
920 3611 989 3686 illa,
1014 3621 1050 3676 at
1074 3621 1112 3675 ut
1135 3615 1280 3696 primurn
1304 3615 1476 3681 redierunt

350 3709 395 3772 ad
418 3724 570 3771 amorem
595 3724 692 3769 suum
716 3706 934 3782 diabolicum,
956 3728 1024 3771 non
1048 3707 1309 3784 intellexerunt,
1330 3711 1392 3774 sed
1415 3733 1476 3794 pro

348 3802 418 3870 illis
436 3802 619 3877 contraria,
640 3822 728 3884 quae
752 3812 851 3866 erant
873 3803 1038 3878 insaniae,
1059 3812 1095 3867 et
1118 3803 1207 3868 hanc
1227 3815 1309 3869 tunc
1329 3827 1476 3872 vocave-

349 3908 430 3964 runt
454 3898 679 3980 sapientiam:
711 3898 818 3963 immo
839 3898 961 3963 datum
990 3910 1044 3963 est
1074 3900 1202 3976 audire,
1226 3901 1318 3983 quod
1341 3921 1418 3966 cum
1441 3904 1475 3967 in

349 4003 447 4060 statu
465 3993 656 4075 sapientiae
675 4004 787 4070 erant,
805 3994 958 4059 riderent
978 4013 1074 4057 suam
1093 3995 1272 4071 insaniam,
1293 4007 1328 4060 et
1348 4017 1425 4062 cum
1441 4000 1475 4063 in

348 4101 445 4157 statu
467 4090 620 4153 insaniae
643 4099 753 4166 erant,
777 4090 930 4154 riderent
953 4090 1169 4173 sapientiam.
1216 4089 1333 4156 Homo
1359 4094 1414 4176 qui
1441 4094 1474 4157 in

350 4186 479 4252 mundo
499 4185 579 4249 talis
598 4186 718 4262 luerat,
739 4197 820 4270 post
840 4196 988 4250 mortem
1008 4205 1085 4250 cum
1108 4183 1146 4250 fit
1169 4186 1319 4269 spiritus,
1337 4197 1377 4253 ut
1400 4189 1473 4272 plu·

349 4284 471 4346 rimum
488 4282 638 4346 mittitur
656 4282 689 4345 in
709 4292 841 4345 statum
857 4282 1030 4346 alternum
1047 4282 1238 4364 sapientiae
1256 4290 1293 4347 et
1312 4283 1473 4361 insaniae,

350 4388 387 4444 ut
407 4377 526 4443 videat
544 4377 634 4442 hanc
658 4376 702 4441 ab
725 4376 793 4441 illa.
840 4375 909 4443 Sed
931 4377 1074 4442 tametsi
1097 4397 1143 4442 ex
1167 4378 1338 4460 sapientia
1356 4379 1474 4445 vident

349 4495 387 4540 se
405 4475 565 4550 insanire,
585 4494 691 4556 usque
709 4473 791 4536 dum
814 4473 882 4537 illis
905 4474 1007 4538 datur
1024 4474 1132 4556 optio,
1152 4473 1244 4557 quod
1263 4472 1302 4538 fit
1321 4475 1473 4552 cuilibet,

349 4571 544 4635 immittunt
562 4591 600 4634 se
622 4571 656 4634 in
677 4579 809 4634 statum
828 4569 992 4646 insaniae,
1012 4579 1049 4634 et
1067 4569 1164 4634 illum
1183 4579 1316 4648 amant,
1336 4580 1373 4636 et
1392 4580 1473 4636 tunc

349 4675 481 4729 statum
500 4665 693 4748 sapientiae
716 4664 796 4729 odio
818 4663 968 4730 habent:
995 4674 1184 4741 causaest,
1204 4666 1283 4749 quia
1301 4666 1473 4731 internum
