3358 5384
715 651 917 707 SAPIENTlA
940 657 1135 708 ANGELICA

776 1209 891 1309 aas
916 1211 1068 1293 dona

359 1584 473 1667 Quou
514 1601 556 1652 m
597 1602 736 1653 nunno
773 1601 990 1654 smm‘runrn
1029 1601 1115 1652 smr
1152 1603 1478 1670 nruosrunanna,

487 1698 616 1763 sonna
646 1699 694 1749 ar
724 1699 889 1760 rannac,
921 1699 1228 1764 Quaunuuoouu
1262 1700 1304 1750 m
1337 1700 1480 1753 uuuoo

485 1793 707 1860 nnrunsn13
744 1795 813 1843 sao
837 1793 943 1860 ouon
967 1793 1083 1844 mana
1107 1793 1194 1844 sun*
1216 1794 1478 1860 summulam,

486 1887 566 1938 usa
590 1887 722 1939 sunau
745 1888 983 1940 unrunnnas.

420 2072 512 2143 173.
543 2057 645 2141 Quod
677 2059 822 2122 mundus
856 2059 1040 2142 spiritualis
1069 2069 1105 2124 et
1135 2061 1282 2124 mundus
1311 2061 1477 2126 naturalia

356 2154 484 2217 similes
507 2157 587 2231 sint,
612 2174 688 2217 cum
712 2155 786 2219 sola
809 2155 1010 2230 differentia,
1031 2157 1123 2240 quod
1146 2156 1261 2220 omnia
1282 2165 1319 2220 et
1341 2155 1477 2238 singula

355 2250 473 2314 mundi
489 2249 671 2333 spiritualis
683 2251 752 2314 sint
765 2251 962 2333 spiritualia,
977 2271 1016 2314 ac
1034 2251 1150 2316 omnia
1161 2261 1197 2315 et
1210 2250 1345 2333 singula
1358 2251 1476 2313 mundi

354 2347 520 2410 naturalis
542 2347 611 2411 sint
634 2346 813 2422 naturalia,
837 2348 871 2410 in
894 2348 1180 2412 antecedentibus
1204 2345 1331 2411 did'tum
1355 2357 1419 2421 est,
1439 2355 1474 2411 et

354 2443 388 2506 in
407 2463 510 2524 opere
528 2441 580 2505 De
597 2441 695 2507 Caelo
709 2452 742 2505 et
758 2441 899 2522 Inferna
916 2454 1104 2507 ostensum.
1150 2440 1322 2526 Quoniam
1336 2442 1405 2506 duo
1423 2443 1473 2506 illi

354 2539 470 2602 mundi
499 2537 626 2600 similes
649 2547 739 2610 sunt,
764 2538 843 2600 ideo
865 2538 898 2600 in
922 2539 1072 2622 utrisque
1096 2549 1175 2604 sunt
1199 2539 1474 2620 atmosphaerae,

353 2653 461 2715 aquae
472 2642 507 2696 et
519 2641 641 2709 terrae,
656 2653 742 2716 quae
755 2642 835 2696 sunt
848 2636 1053 2709 communia,
1068 2655 1128 2716 per
1138 2655 1224 2717 quae
1240 2644 1275 2698 et
1295 2655 1340 2698 ex
1353 2634 1475 2717 quibus

352 2728 467 2791 omnia
485 2735 521 2790 et
540 2727 674 2809 singula
693 2747 769 2790 cum
788 2727 920 2792 infinita
937 2729 1105 2792 varietate
1124 2729 1290 2793 existunt.

415 2834 507 2906 174.
538 2819 640 2902 Quod
664 2822 935 2904 atmosphaeras,
956 2844 1042 2908 quae
1065 2823 1224 2887 aetheres
1243 2833 1281 2897 et
1298 2844 1395 2888 aeres
1410 2845 1470 2887 vo·

352 2928 484 2990 cantur,
505 2919 644 2994 attinet,
665 2929 745 2981 sunt
768 2918 847 2982 illae
867 2920 900 2982 in
919 2929 1065 3003 utroque
1089 2919 1228 2994 mundo,
1246 2920 1412 3000 spirituali
1435 2928 1471 2983 et

351 3012 509 3090 naturali,
530 3013 667 3090 similes,
689 3034 764 3078 cum
785 3014 985 3089 differentia,
1003 3015 1094 3098 quod
1114 3015 1193 3079 illae
1209 3015 1241 3077 in
1259 3015 1387 3079 mundo
1403 3015 1472 3097 spi·

350 3107 463 3171 rituali
480 3110 548 3173 sint
564 3110 768 3192 spirituales,
782 3121 818 3176 et
835 3111 912 3174 illae
929 3113 962 3174 in
979 3112 1107 3174 mundo
1124 3110 1271 3174 naturali
1287 3112 1355 3175 sint
1372 3123 1472 3175 natu·

349 3205 448 3268 rales.
495 3203 697 3289 Spirituales
721 3217 811 3282 sunt,
833 3208 911 3288 quia
929 3227 948 3270 a
968 3204 1059 3282 Sole,
1077 3207 1132 3289 qui
1152 3215 1206 3270 est
1225 3207 1369 3287 primum
1392 3226 1470 3288 pro·

348 3302 476 3365 cedens
513 3301 625 3365 Divini
664 3303 803 3367 Amoris
836 3313 872 3365 et
906 3302 1051 3366 Divinae
1086 3300 1282 3384 Sapientiae
1316 3301 1468 3378 Domini,

348 3398 515 3473 existunt,
533 3408 569 3462 et
588 3398 632 3462 ab
648 3398 728 3479 Ipso
744 3399 909 3480 recipiunt
927 3399 959 3460 in
976 3418 1013 3461 se
1034 3397 1193 3461 Divinum
1210 3398 1324 3478 ignem
1341 3398 1397 3478 qui
1416 3404 1470 3460 est

348 3512 454 3568 amor,
473 3503 507 3556 et
533 3493 692 3556 Divinam
716 3492 826 3556 lucem
846 3513 932 3574 quae
956 3503 1009 3555 est
1033 3492 1212 3572 sapientia,
1233 3503 1268 3555 et
1288 3501 1470 3575 utrumque

348 3587 503 3651 deserunt
519 3587 562 3650 ad
583 3587 698 3650 caelos
714 3587 769 3650 ubi
785 3598 864 3650 sunt
880 3587 1016 3668 angeli3
1040 3596 1075 3649 et
1094 3587 1222 3650 faciunt
1239 3588 1468 3669 praesentiam

350 3679 440 3746 Solis
460 3682 547 3745 illius
570 3683 603 3744 in
628 3683 787 3744 maximis
811 3693 845 3745 et
870 3683 902 3744 in
927 3683 1073 3744 minimis
1090 3680 1145 3744 ibi.
1190 3679 1469 3762 Atmosphaerae

347 3777 539 3860 spirituales
556 3789 635 3840 sunt
651 3778 863 3840 substantiae
880 3778 1059 3850 discretae,
1074 3797 1134 3839 seu
1149 3777 1309 3839 minimae
1325 3775 1467 3854 formae,

347 3872 508 3935 oriundae
527 3893 547 3935 a
565 3869 665 3951 Sole;
689 3883 724 3935 et
744 3875 820 3955 quia
839 3872 1040 3954 singillatim
1056 3872 1223 3954 recipiunt
1243 3869 1369 3946 Solem,
1387 3873 1468 3937 inde

347 3969 435 4050 ignis
454 3967 542 4033 Solis
559 3970 591 4030 in
612 3978 666 4032 tot
686 3970 897 4033 substantias
913 3989 972 4032 seu
988 3969 1115 4033 formas
1131 3968 1268 4043 divisus,
1286 3975 1321 4030 et
1338 3967 1382 4030 ab
1400 3967 1467 4031 illis

346 4066 441 4147 quasi
459 4065 642 4138 involutus,
663 4084 702 4128 ac
722 4084 782 4146 per
800 4063 1030 4128 involutiones
1052 4074 1276 4147 temperatus,
1297 4061 1335 4127 fit
1358 4063 1464 4140 calor,

346 4159 556 4242 adaequatus
569 4161 709 4223 tandem
726 4161 831 4224 amori
848 4160 1048 4242 angelorum
1061 4161 1095 4224 in
1109 4159 1216 4233 eaelo,
1230 4178 1269 4222 ac
1286 4158 1465 4240 spirituum

346 4255 408 4318 sub
432 4255 546 4318 caelo:
580 4255 734 4319 similiter
758 4255 819 4318 lux
842 4252 942 4319 Solis.
988 4254 1265 4336 Atmosphaerae
1291 4252 1465 4316 naturales

346 4353 379 4414 in
400 4372 441 4415 eo
460 4361 539 4414 sunt
562 4353 690 4417 similes
713 4351 963 4433 atmosphaeris
986 4351 1230 4434 spiritualibus,
1247 4350 1338 4433 quod
1358 4351 1463 4413 etiam

346 4449 414 4510 sint
439 4448 652 4512 substantiae
675 4450 844 4512 discretae
864 4459 899 4512 et
923 4450 1083 4511 minimae
1101 4447 1240 4518 formae,
1261 4445 1463 4510 oriundaea

346 4541 419 4605 sole
446 4544 562 4606 mundi
593 4542 766 4618 naturalis,
791 4563 877 4627 quae
908 4563 1040 4626 quoque
1069 4541 1271 4624 singillatim
1296 4541 1463 4623 recipiunt

345 4635 464 4710 solem,
483 4647 517 4700 et
538 4639 653 4720 ignem
670 4636 740 4720 ejus
759 4639 792 4701 in
813 4659 849 4701 se
865 4639 1067 4714 recondunt,
1085 4658 1124 4700 ac
1141 4638 1236 4700 illum
1254 4643 1462 4717 temperant,
