3358 5384
430 671 481 721 oo
504 667 641 720 mvmo
664 668 809 732 anona,
831 668 924 719 rans
946 668 1065 718 11.-u.
1087 669 1154 737 135·
1315 669 1354 737 53

226 847 324 916 dens,
339 846 387 906 ita
408 844 514 906 etiam
533 843 566 905 in
587 843 678 906 omni
698 842 923 906 conversione
940 842 1092 922 corporis
1108 861 1247 920 eorum;
1273 860 1354 904 nam

228 953 266 1005 ut
287 942 375 1022 prius
395 937 524 1002 di8tum
544 948 609 1012 est,
627 956 747 1000 omnes
767 937 889 1020 plagae
909 939 941 1001 in
962 938 1090 1000 mundo
1106 936 1274 1020 spirituali
1293 936 1354 1000 de·

225 1039 436 1102 terminatae
461 1044 539 1097 sunt
563 1035 607 1096 ab
629 1035 761 1096 oriente
774 1054 782 1111 ;
813 1053 916 1115 quare
940 1032 999 1108 illi,
1018 1033 1140 1114 quibus
1163 1033 1276 1096 oriens
1299 1041 1353 1098 est

225 1145 310 1198 ante
330 1131 459 1205 oculos,
484 1131 517 1192 in
537 1131 618 1211 ipsis
638 1130 749 1211 plagis
768 1140 859 1204 sunt,
880 1130 985 1192 immo
1004 1138 1083 1193 sunt
1108 1129 1170 1210 ipsi
1189 1130 1353 1192 determi-

226 1231 386 1294 nationes
399 1227 552 1302 illarum;
572 1244 651 1287 nam
666 1223 719 1307 (ut
736 1244 847 1306 supra,
862 1245 893 1288 n.
909 1226 1063 1303 124-128,
1079 1235 1255 1288 ostensum
1269 1224 1352 1307 est,)

227 1327 353 1410 plagae
370 1344 438 1386 non
459 1332 576 1385 sunta
595 1321 745 1385 Domino
765 1332 801 1385 ut
821 1319 913 1396 Sole,
934 1322 995 1384 sed
1015 1322 1058 1385 ab
1077 1321 1212 1402 angelis
1231 1341 1353 1385 secun-

225 1424 310 1487 dum
327 1420 571 1501 receptionem.

292 1531 387 1599 133·
419 1513 518 1577 Nunc
538 1513 615 1595 quia
634 1512 768 1576 caelum
788 1523 842 1576 est
859 1533 904 1576 ex
923 1512 1068 1595 angelis,
1086 1523 1121 1576 et
1138 1512 1253 1594 angeli
1273 1523 1353 1577 sunt
1444 1561 1446 1566 -

224 1612 327 1686 tales,
346 1611 498 1693 sequitur
513 1610 605 1692 quod
623 1610 817 1672 universum
835 1608 966 1672 caelum
983 1618 1097 1672 vertat
1114 1629 1151 1672 se
1170 1609 1213 1671 ad
1231 1608 1351 1672 Domi·

223 1726 320 1780 num.
341 1715 377 1770 et
401 1705 493 1788 quod
517 1704 648 1768 caelum
679 1724 740 1786 per
762 1705 856 1768 illam
883 1706 1142 1768 conversionem
1170 1714 1310 1786 regatur
1333 1724 1354 1767 a

229 1805 379 1870 Domino
402 1812 439 1867 ut
463 1822 549 1864 unus
570 1801 698 1878 Homo,
718 1801 1007 1884 quemadmodum
1032 1802 1137 1865 etiam
1161 1802 1293 1865 caelum
1318 1802 1352 1864 in

223 1898 416 1982 conspectu
433 1898 572 1962 Domini
589 1909 654 1963 est.
689 1896 791 1981 Quod
809 1897 941 1960 caelum
958 1897 991 1960 in
1008 1894 1195 1979 conspeetu
1213 1897 1351 1960 Domini

224 1999 273 2063 sit
292 1999 380 2061 sicut
399 2015 485 2058 unus
506 1994 622 2058 Homo
639 1995 795 2058 videatur
813 1995 847 2057 in
868 2014 971 2076 opere
986 1993 1039 2056 De
1056 1991 1155 2060 Caelo
1168 2003 1201 2058 et
1215 1993 1353 2075 Inserno

225 2092 277 2178 (n.
298 2089 426 2175 59-87).
472 2090 557 2154 Inde
577 2091 684 2154 etiam
702 2099 782 2154 sunt
799 2089 923 2171 plagae
944 2089 1040 2153 caeli.

291 2201 387 2271 134.
417 2184 588 2269 Quoniam
605 2185 730 2269 plagae
749 2187 799 2250 ita
816 2194 896 2249 sunt
913 2184 1050 2267 angelo,
1071 2194 1107 2251 et
1126 2206 1260 2270 quoque
1276 2187 1350 2250 uni·

222 2303 325 2348 verso
338 2282 446 2358 caelo,
457 2283 554 2366 quasi
566 2282 762 2362 inscriptae,
776 2281 854 2345 ideo
866 2281 1011 2364 angelus
1023 2281 1089 2345 scit
1103 2281 1242 2345 domum
1256 2301 1351 2345 suam

221 2387 262 2444 et
281 2377 534 2442 habitationem
553 2396 660 2453 suam,
678 2377 870 2459 ubicunque
890 2377 997 2452 vadit,
1015 2397 1114 2442 secus
1133 2397 1173 2440 ac
1191 2376 1297 2440 homo
1316 2377 1350 2440 in

223 2475 365 2538 mundo.
410 2473 522 2538 Causa
537 2474 629 2556 quod
645 2473 751 2538 homo
767 2493 837 2538 non
853 2474 940 2537 sciat
956 2474 1095 2537 domum
1112 2483 1147 2536 et
1164 2472 1350 2537 habitatio·

223 2588 305 2634 uem
322 2590 368 2633 ex
384 2569 489 2652 plaga
507 2570 541 2633 in
561 2589 609 2646 se,
626 2578 681 2633 est
697 2570 776 2651 quia
792 2569 926 2652 cogitat
941 2589 987 2633 ex
1003 2569 1128 2651 spatio,
1145 2570 1195 2632 ita
1212 2589 1257 2632 ex
1275 2569 1350 2651 pla-

221 2665 279 2748 gis
292 2664 459 2729 naturalis
475 2665 602 2740 mundi,
616 2685 705 2747 quae
722 2684 790 2728 non
806 2683 988 2728 commune
1004 2663 1135 2728 habent
1147 2683 1225 2728 cum
1238 2664 1350 2747 plagis

223 2761 344 2825 mundi
354 2759 551 2843 spiritualis.
586 2759 638 2824 At
651 2780 757 2842 usque
769 2760 887 2823 avibus
900 2770 937 2825 et
949 2759 1153 2825 animalibus
1166 2761 1256 2824 inest
1270 2759 1351 2823 talis

222 2859 383 2932 scientia,
401 2857 469 2920 illis
485 2857 577 2921 enim
596 2857 736 2921 insitum
752 2866 806 2921 est
826 2857 912 2921 scire
928 2857 1051 2920 domos
1068 2867 1103 2920 et
1119 2855 1350 2921 habitationes

221 2973 305 3017 suas
324 2974 369 3016 ex
389 2973 436 3028 se,
451 2963 489 3016 ut
508 2963 629 3016 notum
648 2963 703 3017 est
722 2973 768 3017 ex
784 2952 895 3017 multa
911 2955 1127 3034 experientia
1138 2973 1147 3033 ;
1175 2954 1348 3028 indicium,

222 3049 319 3132 quod
340 3047 411 3112 tale
430 3049 475 3113 sit
494 3049 528 3112 in
548 3049 715 3131 spirituali
735 3048 883 3128 mundo;
915 3069 995 3113 nam
1015 3050 1131 3113 omnia
1150 3070 1238 3133 quae
1256 3049 1350 3113 exis-

221 3154 306 3208 tunt
319 3145 352 3207 in
363 3144 511 3208 naturali
524 3145 652 3208 mundo
662 3154 742 3209 sunt
753 3141 904 3222 effectus,
915 3155 952 3209 et
963 3145 1080 3209 omnia
1091 3166 1179 3228 quae
1192 3145 1350 3210 existunt

222 3239 260 3302 in
280 3239 448 3322 spirituali
469 3241 596 3304 mundo
616 3250 696 3303 sunt
716 3238 895 3304 effefluum
915 3240 1051 3304 illorum
1070 3260 1215 3304 causae:
1247 3249 1348 3304 natu·

221 3334 297 3398 rale
313 3335 406 3417 quod
423 3355 490 3398 non
507 3334 615 3399 trahit
631 3353 770 3400 causam
787 3357 832 3399 ex
848 3335 1028 3418 spirituali,
1046 3355 1116 3400 non
1131 3335 1262 3400 existit.

223 3618 342 3702 Quoo
366 3633 494 3685 omna
518 3634 734 3685 mnamoaa
756 3635 838 3686 rau
863 3635 1007 3687 uanus
1029 3635 1139 3700 quau
1162 3619 1350 3690 coxeo'ms

305 3729 546 3782 auosuoauu
561 3730 614 3780 ao
629 3717 821 3781 Donmun
834 3731 884 3783 ur
900 3715 1032 3783 Soron
1046 3732 1169 3783 vunsa
1179 3732 1277 3784 smr.

290 3917 386 3986 135.
417 3901 481 3966 Est
502 3901 635 3985 angelis
659 3901 855 3968 intelle8tus
874 3914 910 3968 et
929 3905 1100 3980 voluntas,
1121 3915 1157 3970 et
1176 3914 1230 3969 est
1244 3904 1349 3970 iacies

221 4007 263 4062 et
279 4018 422 4080 corpus;
447 4009 482 4062 et
500 4019 635 4081 quoque
652 4010 731 4062 sunt
748 4001 910 4063 interiora
927 3997 1125 4064 intellectus
1138 4011 1173 4064 et
1187 3999 1348 4065 volunta·

221 4097 282 4170 tis,
300 4106 373 4158 tum
391 4095 489 4158 faciei
509 4105 544 4158 et
562 4098 725 4177 corporis.
771 4095 939 4159 Interiora
956 4093 1154 4160 intellectus
1170 4107 1205 4160 et
1225 4096 1348 4160 volun-

222 4191 322 4266 tatis,
339 4200 421 4254 sunt
437 4210 524 4273 quae
543 4191 713 4255 interioris
730 4212 847 4255 eorum
864 4190 1052 4256 aisefflonis
1072 4203 1108 4257 et
1125 4193 1349 4274 cogitationis

222 4297 327 4364 sunt;
359 4288 522 4351 interiora
545 4286 643 4351 faciei
667 4298 747 4352 sunt
766 4287 929 4367 cerebra;
953 4309 993 4352 ac
1013 4289 1179 4353 interiora
1197 4289 1350 4370 corporis

223 4392 306 4446 sunt
323 4382 466 4457 viscera,
483 4401 626 4464 quorum
645 4385 803 4465 primaria
819 4393 900 4448 sunt
916 4404 977 4448 cor
994 4391 1030 4448 et
1049 4383 1178 4468 pulmo.
1216 4382 1347 4457 Verbo,

222 4491 306 4542 sunt
331 4477 465 4560 angelis
489 4479 604 4542 omnia
622 4490 658 4543 et
682 4478 818 4561 singula
841 4501 928 4562 quae
951 4479 1146 4543 hominibus
1168 4481 1203 4543 in
1227 4481 1348 4557 terris;

221 4595 272 4640 ex
299 4574 369 4638 illis
393 4583 448 4638 est
477 4575 569 4659 quod
596 4575 713 4657 angeli
743 4577 813 4640 sint
840 4576 1008 4640 homines.
1053 4574 1213 4640 Externa
1239 4575 1349 4640 forma

157 4733 161 4740 ,
220 4670 355 4756 absque
369 4669 514 4735 internis
530 4669 598 4735 illis
614 4691 683 4736 non
702 4671 785 4737 lacit
802 4682 840 4737 ut
856 4672 925 4736 sint
938 4669 1107 4752 homines,
1121 4671 1181 4738 sed
1199 4680 1351 4738 externa
