3418 5368
497 707 563 759 -DE
585 707 722 761 DlVINA
745 709 1099 764 exorantium-N.
1124 717 1191 784 190.
1358 721 1409 785 131

289 888 536 964 agnoscerent,
554 881 633 964 quia
652 881 712 945 lux
729 883 895 948 naturalis
913 884 957 948 ab
976 884 1061 948 infra
1077 884 1221 951 influens
1239 887 1333 952 illico
1352 909 1415 952 ex·

291 979 487 1061 stingueret
507 977 618 1040 lucem
638 979 851 1059 spiritualem
870 981 1015 1063 desuper
1034 981 1244 1048 influentem.

356 1071 455 1154 189.
487 1072 604 1137 Homo
626 1075 682 1156 qui
705 1076 889 1155 spiritualis
908 1073 1017 1139 lactus
1040 1087 1094 1143 est
1117 1100 1177 1160 per
1199 1081 1415 1162 agnitionem

291 1169 369 1246 Dei,
386 1181 422 1232 et
438 1171 576 1252 sapiens
595 1189 655 1250 per
672 1167 888 1251 rejectionem
904 1173 1041 1255 proprii,
1058 1173 1093 1236 in
1112 1175 1271 1240 universo
1287 1178 1416 1240 mundo

290 1285 331 1329 ac
349 1266 382 1329 in
399 1265 556 1329 omnibus
571 1274 607 1328 et
624 1265 767 1348 singulis
779 1266 850 1348 ejus
863 1268 959 1332 videt
973 1267 1134 1333 Divinam
1147 1271 1414 1336 Providentiam.

291 1359 327 1424 Si
351 1357 486 1442 spectat
511 1361 681 1424 naturalia
702 1362 798 1425 videt
820 1361 915 1426 illam
928 1385 936 1442 ;
972 1365 1000 1427 si
1023 1363 1158 1448 spectat
1181 1367 1295 1430 civilia
1319 1368 1415 1430 videt

289 1455 406 1534 illam3
437 1457 465 1520 si
491 1454 628 1541 spectat
652 1458 840 1539 spiritualia
864 1459 958 1523 videt
981 1459 1099 1540 illam;
1134 1469 1169 1524 et
1195 1462 1260 1526 hoc
1285 1463 1416 1526 tamin

290 1551 505 1615 simultaneis
523 1573 625 1636 quam
648 1555 682 1617 in
706 1555 907 1618 successivis
925 1576 1048 1631 rerum,
1064 1558 1099 1620 in
1123 1557 1256 1634 finibus,
1277 1559 1311 1622 in
1334 1579 1414 1622 cau·

289 1648 348 1722 sis,
368 1648 402 1710 in
422 1644 607 1723 effectibus,
628 1650 661 1712 in
682 1649 806 1725 usibus,
824 1651 858 1712 in
882 1650 1009 1726 formis,
1026 1653 1060 1715 in
1080 1655 1214 1736 magnis
1233 1663 1268 1718 et
1289 1655 1413 1736 parvis,

289 1742 385 1806 videt
410 1742 528 1806 illam:
563 1745 727 1826 imprimis
757 1745 792 1808 in
823 1744 1021 1811 Salvatione
1044 1746 1232 1824 hominum,
1258 1761 1296 1812 ut
1323 1750 1414 1831 quod

286 1837 445 1920 Jehovah
464 1838 598 1903 dederit
615 1839 779 1917 Verbum,
798 1843 910 1922 perid
928 1844 1084 1907 docuerit
1103 1844 1182 1908 illos
1201 1845 1244 1908 de
1263 1844 1350 1918 Deo,
1372 1846 1414 1910 de

289 1934 388 1998 caelo
406 1943 442 1997 et
461 1933 603 2010 inferno,
620 1936 663 1998 de
679 1936 749 1998 vita
764 1947 917 2015 aeterna,
934 1948 969 2001 et
988 1939 1078 2022 quod
1098 1938 1177 2022 Ipse
1195 1941 1230 2003 in
1249 1942 1414 2004 mundum

287 2031 433 2103 venerit,
452 2039 490 2092 ut
506 2029 662 2093 homines
678 2033 862 2096 redimeret
878 2043 914 2097 et
933 2033 1092 2097 salvaret.
1139 2034 1235 2099 Haec
1252 2045 1288 2099 et
1305 2034 1415 2117 plura,

287 2133 324 2188 et
355 2124 517 2187 Divinam
548 2125 802 2190 Providentiam
832 2130 867 2192 in
897 2129 974 2204 illis,
1005 2130 1100 2193 videt
1127 2129 1232 2194 homo
1260 2151 1307 2195 ex
1338 2131 1416 2195 luce

286 2219 458 2302 spirituali
475 2221 510 2282 in
530 2219 606 2284 luce
625 2222 783 2286 naturali.
830 2223 882 2287 At
906 2223 1011 2288 homo
1030 2245 1121 2288 mere
1141 2227 1306 2290 naturalis
1330 2227 1413 2291 nihil

285 2337 333 2381 ex
348 2317 402 2380 his
414 2317 520 2380 videt.
567 2323 624 2382 [2.]
647 2317 712 2382 Est
729 2320 818 2384 sicut
828 2323 883 2403 qui
897 2321 992 2385 videt
1005 2321 1222 2403 magnificum
1233 2322 1412 2404 templum,

284 2421 324 2479 et
341 2413 439 2477 audit
458 2413 730 2494 praedicatorem
753 2417 786 2478 in
812 2415 944 2480 Divinis
966 2417 1187 2493 illustratum,
1206 2418 1287 2480 dicit
1307 2418 1412 2496 domi,

283 2509 377 2592 quod
398 2528 468 2573 non
487 2509 611 2572 viderit
631 2510 694 2572 nisi
711 2530 813 2592 quam
833 2510 972 2574 domum
992 2532 1146 2586 saxeam,
1167 2523 1202 2576 et
1222 2533 1291 2576 non
1314 2515 1411 2578 audi·

282 2605 372 2669 verit
389 2605 453 2669 nisi
469 2624 571 2688 quam
585 2625 706 2668 sonum
720 2606 961 2669 articulatum:
987 2617 1045 2670 aut
1063 2608 1152 2671 sicut
1165 2628 1287 2690 myops
1303 2610 1412 2673 intrat

282 2699 424 2765 hortum
447 2701 618 2784 insignem
642 2699 804 2765 fructibus
829 2704 939 2766 omnis
963 2705 1109 2785 generis,
1135 2715 1171 2766 et
1205 2705 1283 2768 dein
1314 2707 1411 2769 venit

282 2797 424 2860 domum
448 2806 485 2862 et
516 2806 632 2860 narrat
656 2798 746 2880 quod
771 2799 896 2861 viderit
919 2799 1031 2862 solum
1056 2799 1176 2862 silvam
1201 2811 1238 2864 et
1260 2802 1411 2866 arbores.

282 2891 388 2956 Tales
412 2895 517 2958 etiam
545 2904 625 2976 post
648 2904 796 2957 mortem
823 2891 903 2957 sacti
927 2896 1076 2977 spiritus,
1103 2915 1179 2958 cum
1211 2899 1243 2959 in
1276 2897 1409 2961 caelum

280 2988 478 3071 angelicum
495 2989 685 3066 elevantur,
706 2990 762 3053 ubi
782 2991 898 3053 omnia
916 2991 950 3053 in
970 2988 1085 3053 formis
1104 2994 1410 3074 repraesentativis

281 3087 409 3150 amoris
433 3099 468 3150 et
493 3088 685 3168 sapientiae
708 3097 799 3164 sunt,
820 3108 888 3151 non
912 3088 1031 3151 vident
1054 3088 1246 3170 quicquam,
1268 3109 1310 3152 ne
1335 3091 1408 3172 qui·

280 3181 362 3245 dem
381 3183 472 3265 quod
492 3185 559 3246 sint
575 3206 582 3260 ;
607 3194 645 3247 ut
664 3180 789 3247 factum
809 3184 878 3247 vidi
894 3202 970 3246 cum
990 3183 1153 3264 pluribus,
1171 3185 1227 3265 qui
1239 3183 1407 3249 ¹Divinam

280 3275 539 3342 Providentiam
557 3279 697 3342 Domini
716 3288 940 3360 negaverunt.

345 3388 447 3454 19⁰.
480 3373 567 3437 Sunt
591 3374 689 3456 plura
706 3375 916 3447 constantia,
937 3394 1025 3456 quae
1044 3385 1161 3438 creata
1180 3385 1271 3449 sunt,
1293 3385 1331 3439 ut
1353 3377 1405 3439 in·

279 3470 480 3532 constantia
496 3471 628 3550 possint
648 3469 808 3534 existere.
854 3468 1059 3534 Constantia
1081 3479 1161 3533 sunt
1180 3479 1294 3533 statae
1314 3471 1408 3536 vices

280 3575 377 3626 ortus
397 3574 432 3626 et
452 3585 594 3628 occasus
613 3564 696 3629 solis
712 3574 746 3628 et
764 3564 876 3639 lunae,
896 3575 932 3629 et
951 3586 1086 3648 quoque
1106 3565 1302 3645 stellarum;
1327 3577 1407 3632 sunt

280 3661 542 3726 obscurationes
561 3662 696 3726 illorum
716 3684 760 3726 ex
780 3663 1109 3745 interpositionibus,
1130 3683 1217 3747 quae
1236 3675 1406 3729 vocantur

278 3757 428 3838 eclipses
442 3779 449 3835 ;
473 3768 554 3823 sunt
567 3759 700 3824 calores
713 3769 747 3823 et
763 3759 857 3823 luces
873 3780 918 3823 ex
935 3758 1022 3836 illis;
1046 3769 1125 3823 sunt
1141 3770 1299 3842 tempora
1311 3763 1403 3840 anni,

278 3875 366 3937 quae
383 3865 552 3919 vocantur
563 3876 633 3932 ver,
647 3866 774 3932 aestas,
788 3865 969 3919 autumnus
986 3876 1026 3919 ac
1043 3855 1172 3935 hiems;
1196 3867 1231 3920 et
1247 3866 1404 3939 tempora

277 3951 355 4027 diei,
373 3973 459 4036 quae
479 3963 558 4016 sunt
574 3973 684 4030 mane,
702 3954 872 4030 meridies,
889 3975 1033 4038 vespera
1047 3963 1084 4018 et
1103 3963 1197 4034 nox,
1221 3963 1302 4019 sunt
1317 3976 1402 4037 quo·

277 4067 344 4129 que
356 4049 634 4131 atmosphaerae,
647 4071 766 4132 aquae,
781 4059 892 4113 terrae
905 4050 937 4113 in
954 4072 991 4115 se
1003 4047 1183 4132 spectatae
1198 4071 1206 4130 ;
1229 4059 1283 4115 est
1294 4049 1402 4114 facul·

277 4153 333 4206 tas
357 4146 556 4226 vegetativa
579 4145 612 4208 in
636 4165 744 4226 regno
767 4145 967 4227 vegetabili,
986 4157 1022 4211 et
1045 4154 1100 4211 est
1123 4145 1184 4210 illa
1206 4154 1242 4211 et
1265 4166 1401 4230 quoque

276 4238 431 4320 prolifica
460 4243 493 4303 in
519 4261 627 4321 regno
650 4241 810 4318 animali;
845 4252 918 4305 tum
943 4263 1030 4325 quae
1053 4263 1099 4308 ex
1122 4243 1174 4307 his
1198 4251 1402 4308 constanter

275 4333 372 4410 fiunt,
398 4336 477 4399 dum
502 4336 691 4400 secundum
714 4336 811 4418 leges
840 4337 968 4400 ordinis
1001 4339 1035 4401 in
1066 4335 1180 4401 adium
1204 4339 1398 4402 mittuntur.

277 4429 376 4494 Haec
399 4443 436 4494 et
467 4431 564 4514 plura
582 4432 649 4496 alia
679 4454 699 4495 a
726 4432 902 4496 creatione
925 4443 1016 4508 sunt,
1037 4435 1174 4517 provisa
1200 4444 1237 4498 ut
1267 4433 1400 4498 infinita

273 4527 370 4591 varia
393 4528 546 4592 existere
570 4529 722 4610 possint:
754 4529 848 4593 varia
872 4531 962 4592 enim
987 4549 1055 4592 non
1080 4538 1225 4611 possunt
1248 4529 1400 4593 existere

274 4624 339 4686 nisi
359 4625 392 4686 ln
413 4625 664 4698 constantibus,
685 4626 788 4688 statis
808 4635 843 4688 et
863 4627 975 4688 certis
1022 4635 1080 4698 [2.]
1111 4623 1178 4688 Sed
1198 4624 1283 4689 haec
1302 4623 1397 4688 illus·

272 4727 367 4782 trent
385 4721 557 4803 exempla.
603 4720 847 4801 Vegetationis
866 4721 960 4784 varia
977 4720 1194 4784 non'dantur
1214 4722 1277 4784 nisi
1302 4730 1399 4783 ortus
