3358 5384
407 669 458 720 nn
481 667 617 718 mvruo
640 667 784 730 narona,
805 665 898 716 nans
921 666 1056 716 111.-u.
1081 667 1147 733 177.
1315 653 1359 734 69

233 863 274 907 ac
294 852 333 906 ut
351 840 502 906 calorem
521 839 675 906 deferunt
696 839 740 904 ad
764 838 924 904 tellurem
944 839 1000 903 ubi
1018 849 1098 904 sunt
1120 839 1296 918 homines;
1320 847 1357 903 et

234 938 393 1002 similiter
416 935 538 1000 lucem.

299 1047 392 1118 175.
421 1031 622 1096 Differentia
636 1032 726 1098 inter
737 1039 997 1121 atmosphaeras
1009 1029 1204 1114 spirituales
1216 1040 1251 1096 et
1266 1031 1356 1095 inter

232 1127 495 1211 atmosphaeras
511 1127 684 1192 naturales
700 1141 765 1209 est,
779 1134 869 1217 quod
885 1128 1147 1212 atmosphaerae
1164 1127 1356 1208 spirituales

232 1229 304 1290 sint
319 1223 538 1308 receptacula
554 1223 667 1288 Divini
683 1226 771 1308 ignis
785 1238 821 1292 et
839 1229 983 1292 Divinae
1000 1225 1094 1299 lucis,
1115 1224 1164 1286 ita
1179 1224 1303 1286 amoris
1319 1232 1355 1287 et

232 1321 434 1402 sapientiae,
448 1321 540 1382 intus
553 1320 644 1383 enim
661 1321 694 1383 in
711 1341 748 1385 se
763 1321 823 1386 illa
838 1323 1039 1387 continent:
1064 1330 1117 1383 ast
1134 1318 1354 1400 atmosphae-

231 1437 290 1479 rae
307 1413 480 1480 naturales
500 1434 568 1477 non
588 1426 667 1479 sunt
683 1416 900 1500 receptacula
917 1416 1031 1480 Divini
1048 1415 1136 1496 ignis
1155 1423 1191 1478 et
1209 1414 1354 1477 Divinae

233 1511 328 1586 lucis,
342 1510 402 1575 sed
422 1520 502 1574 sunt
521 1511 739 1593 receptacula
758 1512 846 1594 ignis
862 1521 898 1577 et
918 1511 1002 1575 lucis
1021 1511 1072 1573 sui
1088 1509 1181 1584 solis,
1193 1510 1248 1592 qui
1264 1510 1297 1572 in
1317 1530 1354 1574 se

230 1616 285 1669 est
299 1615 463 1682 mortuus,
478 1614 516 1669 ut
531 1625 633 1687 supra
645 1615 821 1670 ostensum
835 1617 907 1685 est;
925 1628 1028 1690 quare
1041 1607 1134 1669 intus
1151 1605 1185 1668 in
1204 1605 1271 1669 illis
1284 1625 1353 1670 non

232 1711 288 1766 est
308 1700 436 1785 aliquid
460 1721 504 1764 ex
528 1697 608 1764 Sole
632 1701 748 1764 mundi
771 1702 968 1784 spiritualis,
985 1703 1046 1766 sed
1070 1720 1175 1784 usque
1198 1700 1352 1764 ambiun-

233 1808 290 1861 tur
308 1796 352 1860 ab
374 1796 626 1878 atmosphaeris
649 1797 880 1877 spiritualibus
904 1818 990 1880 quae
1015 1795 1139 1860 exilio
1162 1793 1243 1859 Sole
1262 1805 1353 1860 sunt.

231 1889 335 1974 Quod
351 1891 437 1956 haec
454 1891 644 1955 differentia
659 1893 703 1956 sit
722 1895 812 1958 inter
827 1891 1088 1974 atmosphaeras
1104 1890 1297 1973 spirituales
1317 1900 1353 1956 et

231 1989 321 2051 inter
336 1986 596 2068 atmosphaeras
612 1987 785 2051 naturales
804 1997 858 2052 est
875 2009 920 2052 ex
937 1987 1106 2069 sapientia
1118 1985 1284 2068 angelica.

295 2083 391 2167 176.
421 2080 524 2164 Quod
557 2081 819 2164 atmosphaerae
853 2085 921 2147 sint
952 2085 985 2146 in
1016 2083 1144 2146 mundo
1172 2080 1350 2164 spirituali,

232 2198 338 2263 aeque
361 2197 401 2241 ac
424 2179 458 2240 in
481 2177 608 2241 mundo
631 2177 787 2255 naturali,
808 2188 967 2243 constare
986 2188 1104 2259 potest
1123 2198 1169 2240 ex
1188 2197 1239 2252 e0,
1260 2178 1351 2261 quod

231 2272 346 2355 angeli
364 2281 400 2337 et
419 2273 557 2355 spiritus
572 2293 679 2357 aeque
695 2275 874 2356 respirent,
888 2286 961 2338 tum
980 2293 1088 2356 aeque
1104 2272 1297 2355 loquantur,
1315 2284 1351 2338 et

231 2389 365 2453 quoque
381 2368 522 2433 audiant
540 2369 628 2433 sicut
644 2367 801 2434 homines
819 2370 853 2433 in
868 2369 996 2433 mundo
1013 2368 1171 2443 naturali,
1188 2388 1227 2432 ac
1244 2370 1351 2451 respi-

230 2464 318 2528 ratio
337 2462 375 2528 fit
395 2483 455 2547 per
473 2462 751 2546 atmosphaeram
775 2464 931 2529 ultimam
950 2485 1036 2548 quae
1056 2485 1114 2528 aer
1132 2473 1284 2540 vocatur,
1304 2466 1350 2528 si-

231 2559 358 2624 militer
385 2558 522 2643 loquela
551 2567 587 2623 et
616 2559 772 2623 auditus:
807 2568 881 2622 tum
908 2579 954 2622 ex
983 2579 1035 2635 eo,
1059 2559 1150 2642 quod
1175 2558 1290 2640 angeli
1314 2570 1351 2625 et

230 2655 370 2737 spiritus
393 2675 500 2739 aeque
518 2653 671 2731 videant,
691 2655 778 2718 sicut
802 2652 958 2717 homines
976 2655 1010 2717 in
1029 2654 1157 2718 mundo
1181 2655 1349 2735 naturali;

230 2771 271 2814 ac
287 2752 379 2814 visus
395 2771 465 2814 non
481 2749 584 2814 datur
599 2750 663 2813 nisi
679 2769 782 2834 quam
797 2770 858 2833 per
873 2749 1150 2832 atmosphaeram
1166 2771 1244 2813 aere
1261 2752 1350 2830 puri·

230 2865 345 2910 orem:
371 2855 444 2910 tum
463 2866 508 2910 ex
532 2864 585 2921 eo,
606 2844 698 2928 quod
721 2845 836 2927 angeli
855 2854 891 2908 et
910 2844 1048 2926 spiritus
1066 2864 1174 2928 aeque
1194 2846 1351 2927 cogitent

229 2952 266 3004 et
285 2941 476 3006 afficiantur
494 2942 582 3005 sicut
600 2939 757 3005 homines
776 2942 809 3003 in
829 2941 957 3004 mundo
977 2939 1134 3015 naturali,
1155 2960 1194 3004 ac
1213 2942 1350 3024 cogita·

229 3039 280 3101 tio
299 3047 334 3102 ct
353 3035 487 3102 affedtio
505 3055 574 3101 non
598 3035 723 3101 dantur
742 3037 804 3099 nisi
823 3037 945 3099 mediis
965 3036 1215 3118 atmosphaeris
1237 3037 1350 3102 adhuc

231 3132 439 3213 purioribus:
463 3140 499 3196 et
518 3131 660 3196 tandem
684 3152 729 3194 ex
753 3153 805 3207 eo,
823 3132 914 3214 quod
938 3132 1052 3195 omnia
1071 3133 1223 3213 corporis
1243 3152 1349 3214 ange·

229 3227 339 3292 lorum
362 3236 397 3290 et
420 3228 610 3309 spirituum,
630 3235 703 3289 tam
727 3237 873 3290 externa
898 3246 999 3308 quam
1026 3227 1171 3303 interna,
1192 3228 1348 3290 contine·

228 3334 329 3387 antur
348 3325 380 3386 in
405 3343 508 3396 nexu,
528 3332 673 3385 externa
691 3323 735 3384 ab
754 3321 996 3404 atmosphaera
1020 3341 1130 3394 aerea,
1151 3341 1189 3385 ac
1213 3323 1349 3385 interna

228 3420 273 3481 ab
302 3418 551 3499 atmosphaeris
574 3417 754 3481 aethereis.
801 3417 902 3498 Quod
926 3417 1055 3498 absque
1078 3416 1211 3480 illarum
1235 3427 1348 3482 atmo-

228 3514 448 3594 sphaerarum
478 3514 780 3595 circumpressione
810 3522 845 3574 et
872 3509 1008 3574 alitione
1038 3511 1167 3576 formae
1196 3513 1348 3594 corporis

228 3610 408 3672 interiores
424 3617 459 3673 ct
475 3611 666 3672 exteriores
680 3606 884 3680 diffluerent,
898 3618 1006 3688 patet.
1052 3603 1220 3688 Quoniam
1234 3607 1348 3690 angeli

228 3713 307 3767 sunt
324 3703 527 3786 spirituales,
545 3723 584 3766 ac
604 3705 719 3766 omnia
735 3713 770 3766 et
787 3702 920 3784 singula
937 3703 1089 3784 corporis
1105 3721 1221 3766 eorum
1238 3703 1347 3767 conti·

229 3810 353 3863 nentur
372 3801 405 3863 in
424 3819 526 3874 nexu,
544 3799 652 3862 forma
672 3811 706 3861 et
727 3800 844 3861 ordine
864 3819 924 3880 per
942 3798 1214 3879 atmosphaeras,
1234 3797 1347 3880 sequi-

228 3905 283 3958 tur
295 3897 385 3977 quod
403 3893 664 3975 atmosphaerae
680 3894 759 3956 illae
776 3895 843 3956 sint
860 3893 1074 3975 spirituales;
1097 3913 1137 3957 ac
1153 3891 1347 3974 spirituales

228 4001 320 4065 sunt,
342 3993 420 4073 quia
442 3991 596 4053 oriuntur
614 4010 633 4051 a
653 3986 734 4052 Sole
753 3989 931 4070 spirituali,
951 3990 1007 4071 qui
1030 3998 1083 4053 est
1107 3989 1249 4069 primum
1269 4007 1346 4070 pro-

228 4087 356 4150 cedens
373 4086 485 4149 Divini
506 4083 644 4147 Amoris
664 4095 699 4147 et
720 4084 864 4147 Divinae
885 4083 1082 4167 Sapientiae
1098 4082 1248 4146 Domini.
1329 4117 1332 4124 .

292 4191 381 4262 177.
411 4178 513 4261 Quod
537 4181 571 4242 in
595 4179 723 4242 mundo
746 4179 912 4260 spirituaii
943 4180 1047 4241 etiarn
1077 4197 1184 4260 aquae
1211 4177 1290 4252 sint,
1310 4186 1346 4240 et

229 4295 362 4358 quoque
379 4283 490 4338 terrae
507 4275 585 4348 sint,
600 4276 687 4336 sicut
703 4274 737 4336 in
754 4275 880 4336 mundo
893 4272 1050 4348 naturali,
1065 4292 1141 4335 cum
1158 4270 1347 4335 differentia

229 4369 319 4452 quod
348 4390 455 4452 aquae
478 4379 513 4433 et
537 4380 649 4432 terrae
680 4367 796 4430 mundi
826 4368 1012 4449 spiritualis
1041 4367 1111 4431 sint
1140 4363 1345 4448 spirituales,

228 4485 330 4546 supra
354 4462 480 4528 didtum
504 4476 568 4541 est,
590 4473 625 4527 ct
648 4465 681 4526 in
705 4461 807 4545 opere
831 4464 881 4526 De
901 4462 1000 4528 Caelo
1021 4471 1053 4525 et
1072 4459 1209 4542 Inferna
1228 4469 1345 4523 osten-

228 4579 323 4638 sum;
347 4580 434 4643 quae
450 4560 528 4642 quia
544 4561 737 4641 spirituales
754 4569 843 4628 sunt,
859 4556 1038 4622 adluantur
1057 4567 1092 4620 et
1109 4555 1348 4620 modificantur

228 4673 288 4737 per
300 4654 450 4719 calorem
466 4664 502 4719 et
521 4655 631 4718 lucem
649 4652 738 4718 Solis
758 4655 941 4736 spiritualis
961 4653 1080 4716 mediis
1098 4650 1348 4734 atmosphaeris
