3426 5382
502 671 553 722 DE
576 670 714 721 DlVlNA
738 667 1095 720 Pnovruuttrra-m
1121 673 1180 736 144
1370 669 1410 734 97

284 843 396 908 solum
416 843 687 928 cogitationibus
707 844 749 908 de
770 842 858 920 Deo,
879 841 977 907 caelo
1000 851 1036 906 et
1059 841 1183 918 salute,
1204 841 1266 904 sed
1283 839 1326 904 de
1345 839 1410 903 hac

284 961 320 1005 re
344 939 426 1006 alibi
449 940 557 1022 plura.
603 930 718 1021 Quare
737 939 852 1015 iidem,
874 941 902 1002 si
926 959 994 1002 non
1018 948 1100 1003 ante
1125 937 1281 1002 morbum
1305 935 1410 1001 refor-

286 1039 370 1101 mati
394 1046 485 1112 sunt,
506 1044 585 1119 post
610 1035 718 1113 illurn,
743 1036 771 1099 si
801 1037 1003 1112 moriuntur,
1027 1032 1114 1099 fiunt
1134 1033 1254 1116 quales
1277 1033 1412 1097 luerunt

286 1143 365 1196 ante
396 1132 575 1196 morbum:
611 1153 714 1214 quare
746 1151 872 1196 vanum
903 1141 957 1196 est
988 1132 1156 1213 cogitare,
1186 1131 1278 1214 quod
1309 1129 1414 1213 aliqui

285 1232 417 1310 possint
437 1230 687 1312 paenitentiam
707 1249 822 1312 agere,
839 1237 899 1292 aut
918 1227 1067 1311 aliquam
1087 1227 1189 1292 fidem
1209 1228 1361 1309 recipere
1377 1229 1414 1289 in

287 1325 436 1405 morbis;
461 1343 539 1388 nam
560 1324 643 1388 nihil
663 1321 809 1389 actionis
828 1325 934 1390 estin
953 1323 1012 1388 illa
1031 1325 1257 1406 paenitentia,
1275 1334 1310 1388 et
1328 1321 1415 1386 nihil

286 1418 464 1484 charitatis
484 1421 518 1484 in
539 1420 598 1484 illa
617 1419 704 1501 fide;
728 1441 832 1504 quare
852 1429 907 1486 est
926 1440 1028 1484 omne
1047 1420 1114 1484 oris
1134 1429 1169 1484 et
1194 1419 1277 1483 nihil
1300 1419 1416 1484 cordis

285 1517 319 1578 in
340 1526 490 1599 utraque.

352 1625 447 1694 143.
479 1611 581 1694 Quod
602 1632 705 1676 nemo
724 1611 928 1678 reformetur
946 1612 980 1676 in
1000 1622 1094 1676 statu
1112 1612 1338 1693 agnorantiae,
1359 1621 1415 1674 est

285 1709 364 1790 quia
381 1709 491 1771 omnis
510 1707 710 1772 reformatio
729 1706 767 1772 fit
786 1728 847 1792 per
862 1729 943 1772 vera
962 1718 999 1771 et
1017 1708 1205 1789 pervitam
1225 1707 1412 1769 secundum

287 1802 356 1876 illa,
374 1824 478 1884 quare
495 1803 543 1867 illi
564 1803 619 1886 qui
637 1822 707 1868 non
726 1803 840 1867 sciunt
856 1823 949 1880 vera,
971 1823 1040 1866 non
1056 1812 1202 1887 possunt
1217 1801 1411 1866 reformari:

287 1898 349 1960 sed
369 1899 395 1959 si
414 1899 613 1964 desiderant
632 1898 692 1963 illa
711 1920 757 1962 ex
778 1895 956 1964 affectione
973 1897 1121 1975 illorum,
1138 1898 1363 1963 reformantur
1378 1897 1412 1961 in

287 1995 415 2056 mundo
432 1995 597 2076 spirituali
614 2005 694 2078 post
711 2003 867 2059 mortem.

350 2101 447 2170 144.
482 2088 583 2172 Quod
603 2110 665 2155 nec
683 2090 806 2173 aliquis
826 2091 1001 2156 reformari
1020 2099 1125 2174 queat
1144 2091 1178 2154 in
1195 2099 1288 2154 statu
1306 2109 1412 2152 occae-

285 2183 425 2248 catiom's
441 2184 634 2250 intelle-tius.
675 2185 723 2250 Hi
739 2207 874 2270 quoque
887 2207 956 2251 non
969 2187 1082 2251 sciunt
1096 2207 1188 2262 vera,
1202 2194 1239 2250 et
1251 2185 1331 2249 inde
1348 2203 1415 2248 nec

286 2282 405 2353 vitam,
425 2300 502 2343 nam
520 2279 717 2346 intellectus
734 2282 875 2346 docebit
892 2281 961 2356 illa,
978 2303 1018 2346 ac
1035 2281 1197 2346 voluntas
1212 2279 1317 2346 faciet
1332 2278 1417 2358 illa;

286 2385 323 2440 et
339 2395 415 2439 cum
429 2380 590 2441 voluntas
604 2377 686 2441 facit
703 2379 794 2460 quod
810 2373 1008 2442 intellectus
1021 2378 1128 2452 docit,
1144 2387 1226 2442 tunc
1243 2375 1281 2440 fit
1297 2377 1328 2440 ei
1341 2376 1417 2439 vita

287 2471 475 2536 secundum
498 2493 588 2536 vera.
640 2471 726 2537 Cum
750 2483 866 2538 autem
891 2469 1088 2537 intellectus
1116 2483 1322 2537 occaecatus
1346 2480 1413 2548 est,
1532 2487 1534 2492 ’

287 2567 393 2631 etiam
410 2566 571 2632 voluntas
588 2568 753 2634 obturata
769 2578 834 2644 est,
852 2578 888 2633 et
907 2588 977 2633 non
1001 2569 1075 2651 agit
1098 2589 1144 2632 ex
1164 2566 1272 2632 libero
1291 2586 1414 2631 secun·

287 2662 368 2726 dum
399 2663 568 2726 rationem
593 2683 688 2727 suam
712 2663 804 2728 aliud
832 2683 933 2748 quam
961 2664 1087 2728 malum
1115 2662 1356 2728 confirmatum
1378 2663 1417 2725 in

287 2755 475 2835 intelled'tu¹
499 2759 591 2842 quod
616 2769 670 2824 est
694 2759 829 2824 falsum.
876 2759 1016 2824 Praeter
1039 2760 1283 2842 ignorantiam,
1307 2761 1417 2823 etiam

287 2851 503 2918 intellectum
534 2864 697 2919 occaecat
723 2853 845 2937 religio
874 2875 962 2938 quae
987 2856 1092 2920 docet
1122 2854 1223 2919 fidem
1251 2873 1415 2918 caecam:

288 2958 360 3014 tum
381 2946 539 3013 doetrina
562 2949 660 3031 falsi;
685 2970 765 3014 nam
789 2952 878 3016 sicut
901 2971 983 3016 vera
1005 2951 1163 3035 aperiunt
1186 2946 1415 3028 intellectum,

288 3045 335 3109 sic
352 3045 438 3109 falsa
454 3045 641 3111 occludunt
658 3046 754 3110 illum
770 3068 776 3108 :
800 3045 986 3111 occludunt
1000 3048 1163 3129 superius,
1177 3045 1239 3110 sed
1255 3046 1414 3128 aperiunt

288 3139 382 3204 illum
402 3140 557 3219 inferius;
582 3150 617 3205 et
635 3139 830 3206 intellectus
850 3141 961 3206 solum
981 3142 1064 3205 infra
1081 3153 1231 3223 apertus,
1250 3162 1318 3205 non
1336 3151 1414 3225 pot·

288 3247 343 3302 est
362 3238 478 3302 videre
501 3258 594 3314 vera,
619 3238 680 3304 sed
705 3238 809 3302 modo
834 3238 1036 3302 confirmare
1055 3237 1215 3321 quicquid
1238 3237 1323 3312 vult,
1349 3238 1413 3301 im·

289 3334 404 3416 primis
427 3333 560 3397 falsum.
608 3331 811 3399 Intellectus
835 3337 939 3399 etiam
968 3344 1173 3398 occaecatur
1197 3353 1267 3416 per¹
1282 3334 1413 3416 cupidi-

289 3440 382 3493 tates
399 3428 501 3506 mali;
525 3431 686 3513 quamdiu
701 3429 865 3493 voluntas
882 3431 914 3492 in
934 3429 1002 3494 illis
1021 3440 1087 3505 est,
1108 3430 1181 3511 agit
1200 3424 1414 3493 intellectum

288 3525 331 3588 ad
351 3524 622 3590 confirmandum
641 3524 740 3605 illas;
765 3537 800 3590 et
825 3537 991 3609 quantum
1015 3525 1261 3590 confirmantur
1283 3525 1414 3606 cupidi·

288 3635 382 3690 tates
409 3623 500 3701 mali,
526 3636 662 3693 tantum
686 3629 847 3694 voluntas
871 3649 940 3693 non
964 3635 1083 3710 potest
1106 3645 1182 3688 esse
1205 3624 1238 3686 in
1263 3620 1414 3688 affectio-

289 3721 388 3785 nibus
411 3723 504 3799 boni,
525 3733 560 3788 et
585 3747 630 3790 ex
653 3725 721 3790 illis
740 3726 855 3790 videre
879 3745 972 3801 vera,
993 3733 1028 3787 et
1052 3723 1100 3786 sic
1124 3719 1310 3814 reformari.
1357 3727 1416 3790 [2.]

290 3817 341 3884 Ut
360 3838 422 3901 pro
445 3820 628 3903 exemplo:
653 3824 708 3906 qui
732 3824 764 3886 in
790 3822 981 3907 cupiditate
1003 3817 1160 3884 adulterii
1177 3825 1243 3896 est,
1263 3816 1334 3900 ejus
1352 3837 1414 3882 vo·

289 3915 416 3992 luntas,
437 3936 523 3998 quae
547 3927 612 3993 est,
632 3919 666 3982 in
682 3918 834 4001 jucundo
853 3921 979 3984 amoris
1002 3917 1084 3998 ejus,
1105 3916 1178 3999 agit
1198 3910 1413 3979 intellectum

289 4033 386 4077 suum
410 4013 453 4076 ad
476 4012 747 4078 confirmandum
771 4015 867 4092 illud,
888 4015 1046 4091 dicendo,
1068 4011 1159 4096 Quid
1183 4009 1414 4074 adulterium?

291 4109 381 4173 Num
401 4110 434 4173 in
454 4109 515 4173 illo
533 4109 671 4192 aliquod
692 4111 843 4175 malum?
887 4111 999 4177 Estne
1019 4110 1129 4175 simile
1145 4110 1235 4173 inter
1254 4107 1413 4171 maritum

288 4203 415 4286 eteius
434 4204 603 4269 uxorem?
648 4205 813 4272 Potestne
832 4229 877 4272 ex
900 4209 1071 4275 adulterio
1093 4229 1201 4293 aeque
1221 4206 1316 4270 nasci
1336 4228 1413 4290 pro-

290 4298 366 4365 les?
417 4301 583 4366 Potestne
606 4302 727 4367 mulier
755 4303 942 4370 admittere
966 4304 1080 4389 plures
1106 4305 1234 4388 absque
1262 4304 1415 4369 damno?

290 4394 381 4478 Quid
398 4416 581 4461 commune
593 4396 699 4462 habet
717 4399 894 4482 spirituale
911 4421 987 4465 cum
1007 4401 1096 4466 hoc?
1135 4402 1190 4467 Ita
1205 4398 1413 4474 intellectus,

289 4493 345 4576 qui
364 4502 447 4557 tunc
466 4502 521 4557 est
541 4503 692 4557 scortum
712 4494 915 4570 voluntatis,
935 4498 1081 4580 cogitat,
1102 4519 1142 4564 ac
1166 4509 1238 4564 tam
1258 4498 1415 4580 stupidus

289 4586 397 4654 factus
428 4610 473 4652 ex
504 4598 624 4670 stupro
655 4611 731 4654 cum
759 4592 952 4666 voluntate,
982 4604 1018 4657 ut
1046 4614 1115 4658 non
1142 4596 1258 4659 videre
1292 4595 1413 4678 possit,

287 4686 379 4770 quod
399 4704 496 4750 amor
520 4684 722 4768 coniugialis
746 4688 790 4751 sit
815 4689 887 4770 ipse
911 4689 1097 4771 spiritualis
1121 4690 1283 4757 caelestis
1306 4711 1414 4767 amor,
