3422 5380
532 575 583 626 ΒΕ
606 575 1213 648 ntvruaasownnttr1A.-u.333.
1375 579 1439 649 ²95

312 745 554 814 Providentiae
569 757 623 812 est
641 749 676 812 in
690 750 917 832 vegetatione
932 760 968 816 et
984 751 1248 834 regeneratione
1264 750 1438 826 arborum,

311 855 479 911 constans
507 846 648 910 omnino
671 847 737 911 erit
766 847 800 910 in
832 849 1079 912 reformatione
1108 856 1145 912 et
1173 849 1439 932 regeneratione

311 941 501 1020 hominum,
524 944 581 1028 qui
604 943 781 1008 arboribus
805 945 952 1010 multum
976 947 1251 1029 praestantiores
1270 954 1362 1022 sunt,
1382 966 1438 1010 se·

311 1042 461 1108 cundum
477 1041 562 1107 haec
582 1042 722 1107 Domini
737 1044 857 1109 verba:

362 1201 483 1253 “Nonne
501 1203 618 1268 quinque
636 1218 761 1266 passeres
778 1205 934 1255 venduntur
944 1206 1056 1254 assertis
1073 1205 1187 1263 duobus,
1205 1217 1276 1254 unus
1293 1212 1385 1254 tamen
1403 1219 1439 1256 ex

443 1269 496 1319 illis
507 1285 562 1319 non
572 1281 613 1318 est
622 1270 753 1318 oblivioni
762 1270 842 1320 datus
851 1285 942 1320 coram
956 1271 1032 1321 Deo?
1048 1270 1102 1334 jam
1114 1285 1178 1319 vero
1190 1271 1271 1320 etiam
1286 1269 1332 1334 pili
1342 1270 1439 1332 capitis

443 1337 525 1384 vestri
543 1350 640 1385 omnes
658 1337 790 1384 numerati
809 1347 879 1393 sunt,
898 1337 959 1385 ideo
977 1351 1011 1384 ne
1032 1337 1132 1394 timete,
1151 1337 1263 1386 multum
1283 1337 1438 1398 passeribus

442 1402 594 1464 praestatis,
611 1439 666 1451 ....
684 1402 751 1464 Quis
764 1412 904 1463 praeterea
915 1417 949 1451 ex
966 1404 1043 1451 vobis
1056 1403 1186 1452 sollicitus
1199 1411 1288 1464 potest
1300 1415 1438 1464 apponere

442 1468 476 1516 ad
489 1478 619 1516 staturam
630 1482 706 1516 suam
716 1469 834 1517 cubitum
845 1483 881 1526 ..;
900 1469 923 1517 si
935 1483 1000 1530 ergo
1013 1483 1047 1517 ne
1060 1469 1201 1517 minimum
1212 1468 1334 1530 potestis,
1344 1481 1391 1516 cur
1403 1467 1438 1516 de

443 1533 551 1596 reliquis
564 1533 671 1583 solliciti
686 1535 770 1583 estis?
804 1533 943 1582 Attendite
958 1534 991 1582 ad
1009 1534 1065 1583 lilia
1077 1534 1212 1596 quomodo
1230 1542 1354 1582 crescunt
1364 1550 1369 1581 :
1381 1569 1386 1581 .
1397 1569 1403 1582 .
1414 1567 1437 1582 ..

442 1600 512 1664 quod
525 1599 547 1649 si
560 1613 672 1662 gramen
686 1599 713 1648 in
723 1613 790 1662 agro
799 1600 870 1662 quod
882 1599 964 1648 hodie
975 1610 1024 1654 est,
1034 1613 1094 1648 cras
1106 1609 1196 1648 sutem
1209 1599 1236 1647 in
1249 1598 1384 1647 clibanum
1398 1599 1439 1647 in·

441 1665 538 1794 {ilcitun
554 1665 627 1779 Detgs
640 1666 678 1714 ita
689 1667 778 1794 vesti)t,
790 1674 892 1730 quanto
904 1665 991 1729 magis
1003 1679 1060 1723 vos,
1072 1680 1090 1714 o
1103 1679 1201 1729 parvae
1214 1664 1274 1713 fidei
1287 1664 1413 1713 homines
1422 1661 1439 1684 ’'

477 1747 514 1780 uc.
532 1731 581 1780 xil:
617 1769 622 1789 .
637 1743 659 1791 7,
672 1732 772 1792 25-28.

372 1915 474 1983 333.
503 1900 638 1964 Dicitur
660 1901 753 1984 quod
776 1903 934 1985 operatio
954 1902 1100 1966 Divinae
1129 1900 1371 1966 Providentiae
1392 1899 1439 1964 ad

310 1996 514 2062 salvandum
533 1997 709 2062 hominem
732 1999 872 2063 inchoet
894 2021 914 2064 a
937 2001 1124 2064 nativitate
1147 1999 1220 2082 ejus
1243 2009 1279 2064 et
1302 2007 1438 2082 perstet

310 2096 476 2178 usquead
496 2095 599 2159 linem
618 2098 711 2161 vitae
723 2097 805 2180 ejus.
850 2095 953 2180 Quod
969 2107 1007 2162 ut
1020 2096 1246 2180 intelligatur,
1260 2098 1438 2160 sciendum

310 2202 376 2268 est,
397 2193 488 2277 quod
512 2193 681 2257 Dominus
700 2195 828 2272 videat,
845 2195 955 2278 qualis
973 2196 1080 2259 homo
1095 2205 1162 2270 est,
1182 2214 1221 2258 ac
1239 2194 1439 2276 praevideat

310 2289 421 2375 qualis
439 2291 515 2355 vult
534 2313 622 2368 esse,
642 2294 692 2357 ita
710 2292 821 2375 qualis
841 2293 972 2356 iuturus
990 2303 1068 2370 est;
1093 2303 1129 2356 et
1153 2291 1296 2355 liberum
1315 2291 1438 2354 volun·

310 2389 395 2450 tatis
407 2387 477 2468 ejus
494 2406 562 2449 non
575 2397 694 2468 potest
709 2387 840 2464 auferri,
854 2398 892 2452 ut
904 2391 949 2452 sit
960 2388 1065 2453 homo
1077 2398 1114 2452 et
1128 2388 1207 2451 inde
1220 2386 1439 2462 immortalia,

310 2494 349 2548 ut
373 2485 463 2566 prius
486 2483 604 2547 multis
627 2494 806 2548 ostensum
830 2496 906 2564 est3
930 2507 1033 2569 quare
1061 2485 1229 2549 Dominus
1257 2485 1438 2566 praevidet

310 2591 441 2645 statum
454 2579 526 2663 ejus
539 2591 619 2664 post
632 2592 793 2658 mortem,
807 2593 844 2647 et
859 2583 956 2646 illum
969 2584 1126 2666 providet
1139 2602 1159 2646 a
1172 2582 1355 2646 nativitate
1368 2579 1441 2663 ejus

311 2681 477 2764 usquead
497 2679 599 2743 finem
618 2681 722 2745 vitae.
768 2680 873 2764 Apud
893 2681 1004 2745 malos
1023 2682 1182 2764 providet
1201 2679 1441 2763 permittendo

311 2789 347 2844 et
360 2779 523 2844 continue
535 2779 740 2844 abducendo
752 2801 772 2844 a
783 2781 881 2844 malis
893 2802 901 2857 ;
924 2781 1015 2863 apud
1028 2781 1138 2843 bonos
1151 2789 1267 2843 autem
1280 2778 1440 2861 providet

311 2877 471 2943 ducendo
493 2879 537 2941 ad
560 2879 698 2943 bonum.
744 2879 800 2942 Ita
817 2878 943 2942 Divina
963 2879 1181 2942 Providentia
1200 2886 1255 2939 est
1277 2877 1441 2940 continue

310 2976 345 3039 in
364 2977 566 3058 operatione
585 2976 742 3040 salvandi
760 2977 958 3055 hominem;
982 2978 1132 3040 sednon
1151 2975 1277 3037 salvari
1295 2983 1440 3056 possunt

310 3073 425 3157 plures
441 3094 542 3156 quam
556 3074 682 3137 salvari
698 3073 833 3149 volunt,
847 3094 887 3137 ac
904 3073 953 3138 illi
969 3073 1091 3138 volunt
1107 3072 1244 3146 salvari,
1258 3073 1314 3155 qui
1328 3070 1440 3135 Deum

310 3182 517 3254 agnoscunt,
542 3181 579 3236 et
601 3172 646 3235 ab
669 3172 750 3254 ipso
774 3172 968 3250 ducuntur;
991 3181 1027 3237 et
1060 3171 1109 3235 illi
1133 3190 1202 3233 non
1227 3170 1357 3242 volunt,
1383 3169 1441 3251 qui

310 3269 423 3334 Deum
440 3290 508 3334 non
521 3281 727 3352 agnoscunt,
745 3281 780 3334 et
798 3282 909 3335 semet
925 3272 1075 3347 ducunt;
1099 3267 1133 3332 hi
1150 3269 1239 3330 enim
1258 3287 1326 3330 non
1344 3269 1440 3349 cogi·

310 3377 389 3434 tant
414 3370 457 3433 de
480 3370 554 3433 vita
577 3379 731 3445 aeterna,
749 3380 785 3435 et
808 3371 851 3433 de
868 3369 1073 3442 salvatione,
1090 3366 1141 3429 illi
1164 3387 1246 3428 vero
1269 3367 1440 3447 cogitant.

313 3466 390 3530 Hoc
403 3468 499 3531 videt
512 3468 692 3542 Dominus,
706 3479 742 3532 et
756 3489 861 3552 usque
878 3468 972 3531 ducit
988 3466 1077 3539 illos,
1092 3474 1128 3528 et
1145 3465 1240 3526 ducit
1252 3464 1441 3526 secundum

312 3564 408 3646 leges
431 3565 577 3628 Divinae
602 3567 842 3629 Providentiae
866 3586 958 3639 suae,
976 3573 1098 3628 contra
1121 3583 1206 3645 quas
1230 3581 1298 3625 non
1323 3571 1442 3643 potest

311 3684 426 3746 agere,
447 3665 610 3746 quoniam
630 3683 734 3745 agere
754 3675 874 3727 contra
891 3663 979 3736 illas,
997 3662 1086 3725 soret
1109 3680 1212 3741 agere
1237 3670 1359 3724 contra
1378 3657 1440 3720 Di·

311 3764 427 3825 vinum
440 3781 537 3823 suum
548 3760 727 3834 Amorem.
742 3773 777 3825 et
795 3769 916 3824 contra
929 3761 1091 3823 Divinam
1104 3778 1200 3821 suam
1215 3757 1440 3839 Sapientiam,

311 3861 401 3942 quod
418 3869 471 3923 est
490 3870 613 3923 contra
629 3859 674 3923 Se
694 3859 819 3940 Ipsum.
866 3863 923 3924 [2.]
955 3857 1054 3920 Nunc
1075 3857 1154 3938 quia
1170 3857 1349 3938 praevidet
1366 3874 1441 3917 om·

312 3960 405 4022 nium
429 3967 544 4021 status
568 3968 647 4039 post
671 3966 831 4029 mortem,
848 3964 884 4018 et
901 3976 1035 4038 quoque
1060 3954 1239 4037 praevidet
1264 3953 1340 4016 loca
1363 3952 1440 4015 illo·

311 4075 396 4129 rum,
414 4057 471 4139 qui
488 4076 558 4120 non
575 4056 698 4118 salvari
715 4053 848 4126 volunt,
866 4053 900 4114 in
917 4053 1058 4125 inferno,
1073 4071 1112 4115 ac
1130 4051 1207 4114 loca
1224 4051 1370 4123 illorum,
1385 4051 1442 4133 qui

311 4153 437 4216 salvari
456 4153 589 4228 volunt,
603 4155 638 4215 in
657 4151 765 4226 caelo,
780 4152 944 4233 sequitur,
959 4152 1060 4233 quod,
1082 4160 1118 4212 ut
1135 4145 1265 4212 dictum
1282 4156 1347 4219 est,
1361 4167 1439 4228 pro·

312 4249 431 4313 videat
447 4252 547 4314 malis
563 4271 624 4313 sua
643 4250 719 4313 loca
737 4248 971 4331 permittendo
991 4258 1027 4311 et
1046 4247 1261 4319 abducendo,
1282 4265 1321 4307 ac
1342 4244 1442 4305 bonis

312 4367 374 4411 sua
396 4346 473 4434 loca
497 4349 677 4424 ducendo;
701 4347 793 4429 quod
818 4349 882 4410 nisi
905 4345 1002 4408 fieret
1024 4347 1187 4408 continue
1211 4361 1230 4403 a
1254 4341 1442 4404 nativitate

313 4444 461 4528 cujusvis
484 4447 528 4510 ad
553 4444 656 4508 finem
675 4444 770 4508 vitae
789 4443 871 4526 ejus,
892 4443 1026 4507 caelum
1050 4464 1118 4508 non
1143 4438 1358 4510 subsisteret,
1379 4456 1442 4499 nec

312 4544 503 4608 infernum:
528 4561 608 4605 nam
631 4541 761 4625 absque
784 4542 843 4606 illa
867 4541 1108 4611 Praevidentia
1130 4550 1166 4608 et
1196 4533 1297 4598 simul
1327 4532 1443 4596 Provi-
