3448 5374
516 668 567 718 oa
591 669 728 720 mvrrvn
752 671 1108 738 provinensis—n,
1128 677 1179 742 33.
1369 679 1414 748 23

276 849 394 908 motus
416 847 484 907 est.
528 838 578 906 Et
602 840 682 926 quia
699 837 765 908 hae
783 843 941 910 resident
963 843 999 910 in
1023 844 1172 911 naturali
1195 842 1347 926 homine,
1371 855 1412 914 et

275 937 383 1003 homo
402 938 565 1022 quicquid
582 959 628 1003 ex
647 940 796 1004 naturali
815 939 954 1007 homine
973 943 1059 1025 agit,
1074 943 1182 1008 sentit
1199 944 1288 1008 sicut
1305 964 1351 1008 ex
1371 964 1413 1010 se

275 1054 391 1118 agere,
405 1054 510 1119 quare
526 1035 632 1100 homo
644 1036 733 1100 sicut
746 1057 792 1100 ex
808 1058 846 1101 se
858 1057 1037 1103 removere
1049 1039 1156 1103 debet
1169 1041 1297 1104 amoris
1316 1039 1412 1104 illius

275 1130 378 1208 mala,
399 1140 437 1196 ut
453 1140 535 1195 tunc
553 1141 719 1215 quantum
732 1144 888 1198 removet
903 1133 974 1210 illa,
988 1143 1126 1199 tantum
1140 1133 1310 1199 Dominus
1326 1157 1408 1219 pro·

275 1228 351 1309 pius
366 1226 515 1303 accedit,
529 1237 566 1291 et
579 1224 623 1290 Se
636 1227 667 1290 ei
684 1226 872 1310 conjungit.
909 1227 1062 1314 Quisque
1076 1238 1196 1313 potest
1211 1251 1258 1294 ex
1271 1232 1410 1298 ratione

274 1322 402 1398 videre,
423 1321 516 1406 quod
536 1325 841 1405 concupiscentiae
861 1343 939 1388 cum
961 1324 1099 1390 illarum
1113 1323 1274 1408 jucundis
1293 1328 1407 1392 obsti·

274 1428 358 1498 pent
375 1427 413 1483 et
426 1417 594 1482 claudant
606 1418 695 1483 sores
711 1440 774 1503 pro
790 1418 954 1496 Domino,
967 1431 1004 1485 et
1021 1421 1112 1505 quod
1129 1441 1150 1484 a
1167 1421 1318 1487 Domino
1331 1423 1408 1506 ejici

274 1524 461 1598 nequeant,
481 1514 645 1599 quamdiu
666 1516 741 1598 ipse
764 1513 870 1580 homo
892 1526 991 1581 tenet
1015 1517 1105 1581 iores
1128 1517 1276 1596 clausas,
1301 1529 1338 1583 et
1361 1519 1410 1584 ab

272 1621 376 1674 extra
392 1619 493 1693 urget
509 1620 546 1676 et
562 1611 673 1694 adigit
689 1631 732 1675 ne
748 1612 957 1693 aperiantur.
991 1609 1094 1696 Quod
1110 1614 1184 1697 ipse
1199 1613 1306 1679 homo
1321 1635 1407 1698 ape·

271 1706 338 1770 rire
357 1705 497 1783 debeat,
517 1716 618 1789 patet
637 1728 658 1771 a
677 1706 817 1771 Domini
835 1709 949 1772 verbis
968 1708 1003 1772 in
1022 1708 1241 1792 Apocalypsi,

321 1843 337 1866 ‘⁸
346 1840 415 1892 Ecce
427 1851 473 1922 sto
484 1843 519 1920 ad
532 1842 643 1905 januam
655 1853 683 1892 et
700 1842 795 1920 pulso;
818 1843 842 1920 si
859 1843 919 1906 quis
932 1843 1066 1893 audiverit
1078 1858 1174 1922 vocem
1188 1859 1286 1923 meam,
1297 1853 1326 1895 et
1339 1859 1407 1908 ape·

403 1918 488 2024 ἓξὲξ,
497 1923 617 2038 ffiffi,
632 1909 769 1972 ingrediar
782 1908 817 1958 ad
835 1909 919 1968 illum,
931 1919 959 1959 et
976 1911 1080 1960 cenabo
1091 1924 1153 1960 cum
1165 1910 1221 1970 rllo,
1234 1920 1261 1960 et
1279 1911 1324 1960 rlle
1344 1909 1407 1961 Me·

271 2120 329 2184 [3.]
349 2107 436 2173 Inde
452 2117 563 2193 patet,
578 2107 671 2193 quod
687 2119 856 2193 quantum
872 2109 947 2192 quis
963 2107 1050 2192 fugit
1067 2110 1160 2174 mala
1176 2111 1265 2175 sicut
1278 2110 1402 2175 diabo-

269 2203 347 2281 lica,
368 2215 405 2268 et
428 2205 517 2269 sicut
541 2205 721 2269 obstantia
739 2205 908 2287 ingressui
931 2204 1083 2281 Domini,
1103 2215 1240 2270 tantum
1260 2207 1404 2288 propius

269 2309 305 2364 et
324 2300 463 2384 propius
483 2298 713 2383 conjungatur
732 2298 896 2377 Domino,
916 2311 954 2364 et
972 2300 1031 2364 ille
1050 2302 1219 2384 proxime,
1237 2302 1294 2387 qui
1312 2303 1399 2366 abo·

268 2398 420 2460 minatur
435 2395 495 2460 illa
511 2396 599 2459 sicut
614 2396 765 2460 totidem
780 2395 895 2460 iurvos
912 2405 948 2460 et
967 2397 1096 2479 ignitos
1112 2396 1290 2477 diabolos3
1317 2417 1402 2463 nam

267 2492 396 2556 malum
421 2502 457 2558 et
482 2491 640 2556 diabolus
661 2511 764 2555 unum
783 2501 884 2571 sunt;
909 2512 949 2556 ac
969 2491 1093 2556 salsum
1113 2492 1194 2556 mali
1218 2503 1254 2557 et
1277 2504 1400 2558 santa·

267 2609 331 2652 nas
362 2608 466 2654 unum
490 2598 590 2652 sunt:
625 2589 789 2672 quoniam
816 2588 904 2652 sicut
928 2587 1078 2652 influxus
1100 2587 1240 2653 Domini
1270 2600 1325 2654 est
1361 2593 1400 2656 in

266 2705 422 2750 amorem
441 2686 577 2749 boniet
600 2683 634 2746 in
655 2682 725 2766 ejus
745 2681 954 2760 affed‘tiones,
974 2695 1011 2749 et
1034 2705 1094 2767 per
1112 2683 1176 2748 has
1198 2686 1232 2748 in
1252 2705 1396 2771 percep·

265 2782 381 2846 tiones
404 2791 440 2846 et
462 2781 708 2864 cogitationes,
729 2799 816 2863 quae
836 2801 957 2844 omnes
985 2779 1128 2845 trahunt
1158 2801 1205 2845 ex
1236 2779 1340 2858 bono,
1360 2783 1398 2848 in

266 2898 334 2960 quo
350 2876 456 2941 homo
472 2887 538 2951 est,
556 2875 648 2959 quod
667 2896 749 2938 vera
765 2877 845 2950 sint,
863 2877 913 2940 ita
932 2875 1081 2940 influxus
1097 2876 1238 2952 diaboli,
1256 2876 1323 2941 hoc
1340 2889 1399 2945 est

264 2972 397 3049 inferni,
418 2983 472 3038 est
495 2973 529 3036 in
547 2991 701 3035 amorem
721 2971 802 3035 mali
826 2982 863 3036 et
887 2972 958 3054 ejus
976 2970 1187 3049 afletiiones,
1207 2985 1398 3055 quaesunt

265 3068 580 3153 concupiscentiae,
591 3076 627 3130 et
641 3088 702 3150 per
715 3066 777 3130 has
794 3069 827 3131 in
841 3069 1084 3150 perceptiones
1097 3078 1132 3133 et
1146 3069 1397 3149 cogitationes,

264 3185 351 3248 quae
368 3184 490 3228 omnes
506 3163 649 3227 trahunt
668 3184 714 3226 ex
734 3164 838 3240 malo,
855 3164 890 3227 in
909 3185 976 3247 quo
994 3164 1100 3227 homo
1118 3175 1184 3240 est,
1198 3165 1290 3247 quod
1308 3164 1400 3230 salsa

263 3261 344 3324 sint.
390 3271 448 3333 [4.]
482 3256 646 3336 Quomodo
663 3259 844 3345 conjunllto
866 3257 929 3322 illa
941 3259 1086 3341 propior
1102 3269 1247 3340 apparet
1255 3258 1398 3342 .·-Quo

263 3356 340 3439 plus
358 3365 494 3420 remota
512 3364 593 3418 sunt
612 3353 703 3417 mala
723 3356 756 3418 in
777 3354 925 3418 naturali
945 3353 1083 3418 homine
1103 3375 1163 3437 per
1181 3353 1317 3419 illorum
1340 3355 1394 3420 su·

262 3472 344 3534 gam
361 3461 397 3516 et
414 3451 679 3524 aversationem,
697 3448 804 3513 homo
820 3471 862 3514 eo
878 3451 1018 3531 propius
1034 3448 1253 3533 conjungitur
1271 3449 1393 3515 Domi·

263 3568 329 3612 no:
357 3557 393 3612 et
413 3547 492 3630 quia
514 3565 611 3610 amor
630 3556 666 3610 et
687 3547 870 3626 sapientIa,
890 3565 978 3629 quae
1001 3556 1082 3609 sunt
1106 3545 1185 3629 lpse
1208 3544 1394 3624 Dominus,

224 3671 229 3678 ·
263 3663 333 3708 non
352 3652 433 3707 sunt
452 3643 486 3706 in
505 3642 632 3724 spatio,
649 3639 785 3706 affettio
805 3643 897 3706 enim
913 3663 1001 3725 quae
1019 3642 1157 3718 amoris,
1170 3651 1207 3706 et
1223 3643 1396 3725 cogitatio

262 3761 350 3823 quae
373 3738 577 3821 sapientiae,
598 3737 682 3802 nihil
706 3758 889 3802 commune
912 3736 1044 3802 habent
1064 3758 1141 3802 cum
1165 3739 1288 3821 spatio,
1313 3740 1395 3806 ideo

263 3835 432 3900 Dominus
448 3834 637 3898 secundum
655 3830 932 3915 conjund'tionem
952 3855 1013 3917 per
1030 3854 1183 3899 amorem
1199 3845 1235 3900 et
1252 3837 1389 3918 sapien-

262 3935 347 3996 tiam
371 3932 510 4013 propior
529 3940 697 4013 apparet;
725 3941 761 3994 et
784 3931 934 3994 vicissim
959 3931 1146 3994 secundum
1168 3929 1390 4011 rejectionem

261 4027 388 4092 amoris
425 4036 461 4090 et
500 4027 693 4109 sapientiae
731 4029 907 4092 remotior.
962 4025 1118 4110 Spatium
1154 4026 1188 4089 in
1222 4028 1392 4109 spirituali

262 4123 391 4187 mundo
414 4143 484 4186 non
503 4123 616 4198 datur,
640 4123 701 4188 sed
724 4124 770 4188 ibi
792 4124 982 4188 distantiae
1004 4133 1041 4186 et
1064 4123 1282 4206 praesentiae
1307 4135 1390 4188 sunt

261 4221 484 4302 apparentiae
518 4221 706 4284 secundum
744 4220 987 4285 similitudines
1020 4228 1057 4283 et
1091 4217 1392 4284 dissimilitudines

261 4314 500 4394 affectionum
532 4337 622 4393 nam,
652 4327 689 4381 ut
716 4314 936 4390 dictumest,
965 4312 1165 4379 afletiiones
1191 4334 1278 4396 quae
1306 4327 1388 4381 sunt

261 4414 388 4478 amoris
403 4423 440 4478 et
460 4414 695 4495 cogitationes
710 4434 798 4496 quae
814 4423 894 4477 sunt
911 4413 1114 4496 sapientiae,
1132 4420 1167 4474 et
1184 4411 1218 4473 in
1235 4431 1271 4474 se
1288 4412 1389 4495 spiri·

261 4511 385 4584 tuales,
410 4530 479 4572 non
502 4521 583 4573 sunt
606 4511 639 4572 in
664 4510 788 4592 spatio,
809 4509 853 4572 de
876 4529 944 4591 qua
969 4529 1005 4572 re
1029 4508 1212 4571 videantur
1237 4528 1324 4590 quae
1351 4509 1388 4573 in

261 4603 495 4671 transactione
510 4605 562 4668 De
575 4603 700 4667 Divino
711 4603 837 4666 Amore
850 4613 883 4666 et
895 4603 1022 4667 Divina
1039 4601 1214 4684 Sapt'entia
1229 4601 1277 4684 (n.
1290 4618 1388 4684 7-10,

260 4716 296 4768 et
316 4703 482 4783 n.69-72,
502 4711 539 4766 et
562 4699 672 4785 alibi,)
695 4711 837 4764 ostensa
858 4709 947 4764 sunt.
993 4715 1051 4776 [5.]
1083 4698 1288 4780 conjunttio
1311 4698 1387 4763 Do·
