3344 5402
345 682 387 742 44
698 671 900 723 SAPIENTIA
924 671 1120 722 nuonnrcn

345 847 436 911 enim
461 855 576 928 potest
600 845 755 926 angelus,
777 843 854 926 quia
874 854 1010 908 creatus
1034 853 1069 906 et
1093 843 1209 906 finitus
1232 853 1297 917 est,
1318 845 1476 928 recipere

346 940 532 1005 Dominum
563 941 596 1003 in
620 941 730 1022 primo
753 940 862 1022 gradu
880 939 1003 1003 caloris
1034 947 1068 1002 et
1097 939 1193 1014 lucis,
1213 939 1323 1022 qualis
1352 950 1406 1003 est
1437 941 1473 1003 in

344 1036 437 1112 Sole,
456 1047 538 1100 tunc
559 1037 650 1099 enim
670 1035 773 1119 plane
797 1044 1079 1112 consumeretur;
1103 1055 1206 1117 quare
1227 1035 1396 1100 Dominus
1415 1056 1471 1099 re-

344 1133 469 1216 cipitur
491 1132 535 1195 ab
558 1131 625 1196 illis
658 1132 692 1195 in
715 1131 824 1214 gradu
843 1129 967 1194 caloris
992 1139 1028 1193 et
1060 1129 1143 1194 lucis
1162 1149 1279 1194 eorum
1299 1131 1405 1194 amori
1433 1141 1471 1196 et

343 1227 535 1310 sapientiae
552 1227 857 1309 correspondente.
903 1225 981 1290 Hoc
994 1224 1155 1289 illustrari
1171 1234 1289 1308 potest
1306 1247 1366 1309 per
1381 1225 1467 1289 hoc:

343 1322 434 1407 quod
451 1322 596 1404 angelus
614 1322 725 1386 ultimi
742 1321 828 1387 caeli
848 1342 917 1385 non
933 1323 1045 1403 possit
1060 1322 1248 1385 ascendere
1264 1321 1308 1385 ad
1325 1322 1471 1404 angelos

343 1420 438 1485 tertii
459 1419 566 1497 caeli;
601 1418 629 1482 si
659 1419 750 1482 enim
773 1416 931 1482 ascendit
961 1428 997 1481 et
1028 1417 1135 1480 intrat
1158 1416 1292 1481 caelum
1318 1417 1468 1494 illorum,

343 1515 436 1580 cadit
461 1517 550 1580 sicut
579 1515 613 1576 in
644 1513 841 1597 deliquium,
862 1523 899 1576 et
929 1510 1078 1576 ludtatur
1096 1514 1169 1576 vita
1187 1512 1259 1595 ejus
1283 1513 1370 1576 sicut
1390 1533 1469 1576 cum

343 1620 476 1690 morte,
504 1618 689 1685 causaest,
707 1609 785 1691 quia
804 1627 900 1672 amor
919 1617 954 1671 et
974 1609 1145 1689 sapientia
1163 1609 1193 1671 ei
1213 1618 1266 1673 est
1286 1610 1319 1671 in
1337 1610 1469 1672 minore

342 1706 462 1789 gradu,
484 1716 520 1769 et
549 1707 582 1768 in
614 1705 716 1768 simili
741 1703 836 1768 calor
859 1705 986 1767 amoris
1017 1712 1054 1767 et
1084 1703 1145 1766 lux
1175 1704 1364 1786 sapientiae
1384 1703 1466 1787 ejus.

343 1800 434 1885 Quid
455 1811 538 1866 tunc
570 1801 598 1864 si
627 1799 772 1882 angelus
791 1798 996 1864 ascenderet
1017 1819 1123 1881 usque
1146 1820 1264 1862 versus
1283 1798 1399 1864 Solem
1429 1810 1467 1864 et

342 1897 476 1961 veniret
509 1896 542 1960 in
576 1896 693 1978 ignem
720 1895 815 1977 ejus?
849 1895 993 1977 Propter
1020 1893 1230 1959 differentias
1257 1897 1468 1979 receptionis

344 1991 482 2056 Domini
502 1992 545 2055 ab
561 1991 705 2073 angelis,
724 1991 829 2054 etiarn
849 1989 934 2054 caeli
951 2000 1119 2073 apparent
1139 1992 1229 2055 inter
1247 2011 1283 2054 se
1300 1987 1467 2055 distind'ti.

343 2086 545 2170 Supremum
569 2086 714 2162 caelum,
738 2085 830 2169 quod
855 2095 1001 2150 vocatur
1023 2087 1177 2162 tertium,
1197 2097 1340 2170 apparet
1364 2106 1467 2168 supra

342 2183 541 2259 secundum,
558 2191 594 2246 et
614 2181 679 2246 hoc
700 2201 802 2264 supra
820 2181 989 2264 primum;
1014 2202 1083 2245 non
1103 2182 1194 2266 quod
1214 2181 1300 2246 caeli
1319 2182 1464 2260 distent,

341 2278 402 2343 sed
422 2278 513 2363 quod
532 2285 723 2361 appareant
742 2276 891 2356 distare;
923 2278 1091 2341 Dominus
1115 2279 1206 2343 enim
1230 2298 1338 2360 acque
1361 2298 1464 2362 prae·

341 2395 421 2439 sens
440 2383 495 2439 est
518 2374 608 2456 apud
632 2373 710 2438 illos
734 2374 791 2456 qui
813 2373 848 2436 in
871 2372 992 2437 ultimo
1010 2375 1109 2438 caelo
1128 2383 1220 2450 sunt,
1240 2381 1277 2437 ut
1299 2384 1354 2438 est
1373 2375 1465 2459 apud

342 2470 421 2535 illos
444 2471 501 2554 qui
524 2471 558 2534 in
581 2470 707 2549 tertio;
738 2469 772 2534 id
796 2468 887 2553 quod
909 2468 992 2533 facit
1016 2471 1254 2554 apparentiam
1274 2468 1465 2536 distantiae

342 2567 449 2630 estin
468 2561 641 2646 subjediis,
662 2585 750 2649 quae
768 2573 850 2628 sunt
868 2564 995 2647 angeli,
1016 2585 1085 2629 non
1105 2565 1139 2629 in
1158 2563 1318 2629 Domino.

405 2674 494 2724 111.
527 2657 629 2742 Quod
663 2661 713 2724 ita
746 2660 802 2737 sit,
829 2679 932 2742 aegre
962 2669 1080 2744 potest
1110 2660 1357 2745 comprehendi
1386 2661 1464 2726 idea

341 2753 499 2828 naturali,
517 2755 595 2836 quia
611 2755 645 2818 in
661 2753 722 2819 illa
737 2763 792 2819 est
808 2755 959 2838 spatium
973 2776 981 2835 ;
1005 2755 1065 2820 sed
1082 2765 1202 2838 potest
1217 2756 1463 2838 comprehendi

340 2850 419 2914 idea
441 2849 621 2931 spirituali,
645 2850 724 2933 quia
746 2849 780 2914 in
803 2861 846 2913 ea
869 2869 939 2914 non
961 2859 1016 2914 est
1037 2851 1208 2934 spatium3
1240 2852 1274 2915 in
1297 2851 1360 2916 hac
1384 2851 1464 2916 idea

340 2954 421 3010 sunt
434 2943 560 3026 angeli.
607 2943 685 3009 Hoc
703 2965 809 3029 usque
822 2946 1067 3029 comprehendi
1082 2947 1161 3012 idea
1173 2947 1318 3012 naturali
1331 2957 1461 3030 potest,

339 3039 432 3123 quod
448 3058 544 3103 amor
559 3049 595 3103 et
612 3040 792 3123 sapientia,
810 3060 870 3104 seu
885 3039 976 3123 quod
993 3039 1096 3119 idem,
1113 3041 1205 3125 quod
1221 3040 1391 3106 Dominus
1405 3043 1462 3126 qui

339 3144 394 3200 est
410 3133 554 3198 Divinus
570 3132 682 3199 Amor
697 3143 733 3199 et
749 3133 876 3199 Divina
887 3132 1077 3218 Sapientia,
1091 3155 1160 3201 non
1177 3137 1286 3220 possit
1302 3137 1462 3220 progredi

339 3251 400 3314 per
418 3230 543 3314 spatia,
560 3229 622 3294 sed
641 3229 732 3314 quod
752 3230 796 3296 sit
815 3231 905 3314 apud
921 3233 1182 3316 unumquemvis
1200 3233 1389 3297 secundum
1408 3255 1460 3297 re·

339 3327 546 3410 ceptionem.
592 3324 694 3409 Quod
710 3325 878 3390 Dominus
894 3328 940 3392 sit
958 3347 1121 3410 praesens
1139 3329 1231 3412 apud
1250 3348 1381 3405 omnes,
1399 3329 1460 3393 do-

338 3432 396 3488 cet
419 3413 498 3506 Ipse
519 3419 625 3505 (apud
643 3419 780 3498 Marah,
801 3441 874 3504 cap.
895 3423 1014 3486 xxviii.
1034 3420 1113 3507 20):
1141 3434 1178 3489 et
1200 3425 1292 3506 quod
1312 3427 1461 3488 mansio·

339 3537 418 3582 nem
433 3517 539 3583 faciat
554 3517 645 3600 apud
661 3515 740 3579 illos
755 3517 812 3598 qui
827 3527 946 3580 amant
963 3516 1080 3601 ipsum
1096 3517 1192 3602 (Joh.
1209 3521 1278 3582 xiv.
1293 3535 1344 3595 21,
1361 3515 1460 3604 [23]).

401 3627 490 3678 112·
520 3611 589 3678 Sed
608 3612 675 3676 hoc
695 3611 802 3675 videri
821 3620 938 3694 potest
956 3612 1044 3677 sicut
1061 3615 1242 3696 superioris
1259 3615 1459 3697 sapientiae,

338 3708 416 3792 quia
428 3705 669 3772 confirmatum
685 3716 740 3771 est
760 3725 820 3789 per
839 3704 956 3771 caelos
975 3718 1011 3772 et
1027 3729 1087 3791 per
1105 3708 1250 3792 angelos
1268 3731 1275 3790 ;
1300 3720 1336 3773 at
1356 3729 1460 3792 usque

337 3801 450 3868 simile
462 3811 517 3868 est
531 3802 622 3886 apud
635 3801 802 3866 homines.
850 3800 1019 3867 Homines
1032 3804 1145 3886 quoad
1158 3805 1320 3869 interiora
1333 3805 1460 3868 mentis

337 3917 455 3965 eorum
471 3898 654 3964 abeodem
671 3896 752 3963 Sole
768 3897 983 3962 incalescunt
999 3910 1035 3963 et
1052 3899 1285 3980 illustrantur;
1309 3921 1329 3964 a
1345 3900 1460 3964 calore

338 3993 409 4078 ejus
430 3995 657 4071 incalescunt,
681 4005 718 4058 et
748 4014 768 4058 a
798 3993 875 4057 luce
902 3993 973 4076 ejus
996 3995 1224 4069 illustrantur,
1249 4006 1415 4080 quantum
1440 4016 1460 4060 a

337 4089 489 4156 Domino
498 4090 666 4172 recipiunt
679 4106 832 4153 amorem
845 4098 881 4153 et
898 4089 1113 4170 sapientiam.
1159 4090 1357 4156 Differentia
1369 4093 1461 4156 inter

336 4185 481 4269 angelos
504 4193 540 4251 et
561 4184 717 4249 homines
741 4194 807 4260 est,
827 4183 919 4266 quod
938 4184 1053 4266 angeli
1072 4184 1290 4250 solummodo
1313 4186 1377 4250 sub
1398 4185 1460 4249 illo

336 4277 417 4346 Sole
440 4281 522 4359 sint,
545 4279 703 4345 homines
725 4288 841 4344 autem
865 4298 934 4343 non
964 4281 1069 4344 modo
1098 4281 1161 4345 sub
1190 4281 1251 4346 illo
1280 4279 1372 4358 Sole,
1397 4281 1459 4346 sed

336 4375 440 4441 etiam
463 4376 527 4440 sub
549 4375 623 4440 sole
646 4374 784 4439 mundi:
816 4395 961 4458 corpora
983 4375 1074 4438 enim
1093 4374 1281 4454 hominum,
1302 4378 1366 4441 nisi
1388 4378 1459 4442 sint

336 4470 399 4534 sub
416 4479 562 4554 utroque
585 4469 659 4536 sole
682 4487 750 4535 non
769 4479 915 4554 possunt
934 4471 1086 4535 existere
1105 4481 1141 4535 et
1158 4470 1368 4552 subsistere;
1395 4471 1461 4537 ali·

336 4574 389 4631 ter
407 4584 553 4650 corpora
570 4565 771 4650 angelorum
790 4585 876 4650 quae
895 4574 976 4631 sunt
995 4565 1196 4650 spiritualia.
