3422 5380
285 649 350 718 304
649 644 855 698 SAPIENTIA
878 643 1074 697 ANGELICA

281 837 357 882 sum
375 839 444 883 non
464 815 680 884 intelledtum
697 838 743 882 ex
756 816 896 882 oraculo
914 817 1019 882 idoli?
1063 816 1194 894 Verbo,
1211 816 1239 884 si
1254 837 1418 884 removes

280 912 543 994 paenitentiam,
574 911 640 975 hoc
669 921 734 987 est,
761 931 902 994 separas
931 911 1040 974 vitam
1069 932 1090 974 a
1119 911 1299 993 religione,
1330 912 1413 994 quid

280 1003 385 1067 homo
402 1013 484 1067 tunc
501 1004 594 1066 aliud
611 1021 714 1086 quam
731 1003 860 1066 malum
876 1024 922 1067 ex
940 1004 1019 1086 igne
1036 1003 1192 1067 infernali
1208 1003 1338 1080 lucens,
1352 1024 1414 1068 seu

279 1107 414 1178 prester
447 1096 568 1160 volans
597 1097 632 1158 in
661 1095 832 1160 ecclesia?
860 1114 940 1158 nam
964 1097 1092 1179 absque
1116 1096 1333 1178 paenitentia
1356 1106 1414 1161 est

279 1187 385 1252 homo
408 1189 441 1250 in
462 1187 566 1266 malo,
591 1197 628 1252 et
648 1187 777 1251 malum
800 1196 853 1251 est
876 1187 1054 1252 infernum.
1100 1194 1158 1254 [4.]
1190 1185 1409 1252 Secundum:

281 1278 380 1359 Quod
393 1289 459 1362 per
480 1279 589 1364 fidem
618 1290 862 1344 momentaneae
883 1279 1086 1344 salvationis
1109 1299 1151 1342 ex
1169 1290 1261 1361 pura
1282 1289 1316 1344 et
1336 1279 1414 1345 sola

279 1371 509 1436 misericordia
527 1371 707 1436 inducatur
720 1371 884 1436 securitas
899 1371 997 1434 uz'tae.
1042 1370 1217 1435 Securitas
1233 1374 1326 1436 vitae
1343 1374 1410 1436 ori·

279 1473 334 1528 tur
356 1463 412 1527 vel
435 1485 482 1528 ex
505 1463 571 1528 fide
594 1464 687 1547 impii
707 1462 800 1547 quod
823 1484 893 1527 non
916 1465 962 1528 sit
978 1465 1051 1528 vita
1067 1474 1148 1546 post
1168 1475 1327 1540 mortem,
1352 1464 1411 1529 vel

278 1575 324 1618 ex
338 1556 403 1620 fide
416 1557 608 1639 separantis
621 1557 728 1621 vitam
740 1577 761 1620 a
773 1555 977 1620 salvatione.
1017 1555 1083 1620 Hic
1097 1558 1237 1619 tametsi
1250 1558 1408 1623 crederet

277 1649 386 1712 vitam
417 1659 608 1726 aeternam,
632 1669 738 1733 usque
769 1649 916 1731 cogitat,
935 1647 1043 1713 “Sive
1074 1649 1163 1712 bene
1192 1650 1305 1711 vivam
1335 1650 1409 1712 sive

278 1740 369 1804 male
391 1742 516 1816 vivam,
540 1741 667 1805 salvari
697 1759 849 1825 possum,
883 1743 1046 1825 quoniam
1070 1741 1219 1805 salvatio
1241 1749 1295 1804 est
1324 1759 1411 1823 pura

277 1834 521 1910 misericordia,
541 1843 578 1898 et
597 1834 833 1897 misericordia
855 1833 920 1896 Dei
940 1843 994 1896 est
1009 1833 1221 1907 universalis,
1241 1835 1410 1916 quianon

276 1925 350 1990 vult
374 1925 514 2006 alicujus
537 1925 716 1989 mortem.''
760 1925 808 1990 Et
832 1925 861 1988 si
884 1925 973 1989 sorte
989 1926 1110 1990 incidit
1126 1926 1293 2007 cogitatio
1315 1925 1412 2008 quod

276 2018 510 2082 misericordia
532 2017 749 2099 imploranda
764 2019 809 2081 sit
832 2038 893 2101 per
910 2037 1015 2081 voces
1033 2017 1113 2082 fidei
1135 2028 1308 2099 receptae,
1328 2026 1410 2100 pot-

275 2122 331 2175 est
359 2114 527 2194 cogitare,
551 2114 643 2196 quod
674 2112 740 2177 hoc
772 2114 883 2194 possit
913 2111 995 2188 fieri,
1020 2115 1048 2175 si
1075 2133 1144 2176 non
1167 2115 1269 2197 prius,
1301 2134 1412 2196 usque

275 2217 356 2271 ante
369 2217 528 2272 mortem.
573 2206 694 2271 Omnis
707 2207 813 2271 homo
832 2209 890 2290 qui
904 2209 939 2270 in
953 2208 1014 2271 illa
1030 2210 1216 2271 securitate
1232 2217 1298 2282 est,
1311 2209 1411 2272 nihili

275 2302 358 2367 lacit
374 2303 554 2380 adulteria,
572 2302 864 2377 defraudationes,
888 2301 1084 2384 injustitias,
1097 2303 1292 2377 violentias,
1314 2303 1406 2366 blas·

275 2399 529 2482 phemationes,
546 2396 738 2477 vinditio&
763 2398 825 2462 sed
848 2416 986 2461 carnem
1006 2405 1155 2461 suamet
1173 2398 1329 2479 spiritum
1349 2419 1406 2461 su·

276 2513 332 2558 um
351 2495 395 2558 ad
418 2497 534 2559 omnia
553 2495 613 2559 illa
629 2494 787 2574 relaxat;
811 2513 875 2557 nec
895 2495 960 2556 scit
978 2493 1058 2576 quid
1081 2492 1257 2574 spirituale
1277 2492 1408 2558 malum

275 2599 312 2653 et
331 2589 402 2671 ejus
423 2591 725 2673 concupiscentia:
751 2591 779 2654 si
797 2589 893 2654 audit
913 2588 1041 2672 aliquid
1061 2589 1104 2652 de
1123 2589 1189 2653 hoc
1208 2609 1254 2652 ex
1274 2586 1409 2666 Verbo,

275 2694 330 2750 est
349 2689 586 2768 comparative
602 2689 690 2750 sicut
710 2686 743 2749 id
763 2686 855 2770 quod
875 2685 994 2748 incidit
1010 2686 1045 2748 in
1061 2686 1208 2749 ebenum
1228 2694 1265 2748 et
1283 2685 1410 2762 resilit,

275 2779 332 2842 vel
351 2781 441 2844 sicut
464 2783 499 2844 id
523 2782 616 2864 quod
643 2782 764 2845 incidit
788 2783 823 2844 in
846 2782 1004 2845 scrobem
1028 2791 1064 2845 et
1087 2783 1299 2846 absorbetur.
1346 2787 1406 2847 [5.]

275 2872 432 2939 Tertium
446 2896 454 2940 τ
481 2875 578 2955 Quod
583 2887 649 2958 per
659 2875 755 2939 illam
757 2876 865 2959 fidem
877 2877 1048 2940 damnata'o
1059 2877 1243 2958 imputetur
1252 2876 1409 2940 Domina

275 2968 360 3053 Quis
376 2991 445 3036 non
462 2982 581 3055 potest
597 2971 815 3046 concludere,
829 2971 922 3054 quod
939 2991 1007 3034 non
1024 2972 1141 3048 homo,
1156 2974 1217 3036 sed
1234 2972 1409 3036 Dominus

273 3067 307 3129 in
327 3067 429 3148 culpa
444 3069 501 3144 sit,
515 3068 543 3132 si
562 3059 632 3131 non
643 3067 806 3142 salvatur,
824 3068 906 3130 dum
919 3069 1181 3151 unumquemvis
1202 3078 1321 3151 potest
1333 3068 1403 3132 sal·

273 3182 354 3225 vare
372 3184 418 3226 ex
437 3185 522 3246 pura
544 3163 800 3228 misericordia?
845 3160 880 3227 Si
897 3163 1031 3239 dicitur,
1052 3163 1144 3247 quod
1164 3163 1314 3227 medium
1334 3163 1402 3227 sal·

274 3260 423 3322 vationis
442 3262 487 3324 sit
511 3258 618 3339 fides;
642 3259 704 3322 sed
727 3261 802 3342 quis
823 3259 929 3322 homo
946 3269 1000 3322 est
1022 3261 1076 3322 cui
1099 3278 1168 3322 non
1188 3260 1260 3322 dari
1285 3268 1404 3342 potest

272 3351 331 3416 illa
347 3352 444 3431 fides,
458 3365 513 3420 est
528 3357 620 3420 enim
637 3355 697 3420 illa
709 3355 821 3418 solum
838 3356 1020 3436 cogitati0,
1033 3373 1121 3436 quae
1138 3363 1257 3436 potest
1273 3354 1405 3418 infundi

272 3447 307 3511 in
329 3451 423 3514 omni
453 3461 550 3514 statu
572 3452 711 3533 spiritus
738 3449 903 3513 abstradti
932 3469 953 3511 a
976 3449 1168 3523 mundanis,
1192 3450 1299 3511 etiam
1324 3467 1404 3512 cum

272 3536 414 3608 fiducia:
440 3555 477 3610 et
499 3546 558 3611 ille
574 3566 709 3629 quoque
733 3556 851 3627 potest
869 3545 994 3618 dicere,
1017 3543 1125 3606 “Non
1142 3563 1281 3627 possum
1304 3543 1401 3607 illam

272 3659 408 3706 sumere
431 3661 451 3704 a
474 3659 529 3705 me
552 3643 628 3723 ipso
642 3641 668 3718 ;”
691 3642 719 3705 si
736 3643 853 3724 itaque
878 3659 946 3702 non
970 3640 1082 3714 datur,
1108 3648 1145 3702 et
1174 3639 1279 3704 homo
1302 3640 1401 3702 dam-

272 3745 384 3811 natur,
408 3737 490 3819 quid
514 3737 701 3800 damnatus
724 3736 817 3800 aliud
848 3736 1002 3817 cogitare
1026 3745 1156 3816 potest,
1181 3754 1284 3818 quam
1307 3734 1401 3818 quod

273 3827 441 3894 Dominus
464 3833 499 3895 in
522 3831 624 3914 culpa
646 3831 704 3906 sit,
724 3833 781 3914 qui
799 3832 914 3914 potuit
937 3840 973 3894 et
997 3849 1067 3894 non
1090 3830 1224 3894 voluit?
1267 3827 1400 3893 Annon

272 3925 305 3987 id
329 3926 417 3991 soret
445 3927 562 4010 Ipsum
587 3947 712 3990 vocare
740 3925 1072 3990 immisericordem?
1117 3924 1172 3988 Ac
1206 3925 1344 4008 insuper
1365 3925 1401 3988 in

271 4024 566 4088 excandescentia
578 4022 657 4086 fidei
669 4043 751 4086 suae
763 4033 880 4106 potest
893 4022 1018 4098 dicere,
1035 4021 1132 4086 “Cur
1147 4031 1202 4086 tot
1215 4021 1406 4086 damnatos

271 4128 390 4198 potest
408 4120 524 4182 videre
542 4119 577 4181 in
596 4119 739 4192 inferno,
760 4137 838 4182 cum
857 4129 975 4182 tamen
994 4127 1173 4182 momento
1191 4126 1311 4199 potest
1330 4114 1401 4180 sal·

269 4232 351 4278 vare
375 4233 495 4278 omnes
511 4235 557 4278 ex
577 4232 662 4295 pura
680 4214 915 4278 misericordia
927 4213 958 4276 i’'
980 4223 1016 4278 et
1039 4211 1138 4294 plura
1160 4209 1295 4286 similia,
1312 4232 1403 4295 quae

270 4327 340 4372 non
363 4309 464 4374 aliter
485 4310 602 4373 vocari
633 4318 779 4391 possunt
808 4327 910 4392 quam
934 4309 1102 4372 nefandae
1125 4307 1406 4372 insimulationes

269 4413 394 4469 contra
409 4405 581 4469 Divinum.
627 4404 684 4468 Ex
700 4404 754 4470 his
771 4424 861 4468 nunc
878 4415 1040 4469 constare
1057 4413 1185 4486 potest,
1205 4404 1297 4486 quod
1313 4403 1404 4468 fides

269 4509 533 4564 momentaneae
550 4501 753 4565 salvationis
772 4521 818 4565 ex
836 4518 921 4584 pura
939 4499 1183 4577 misericordia,
1201 4500 1246 4562 sit
1264 4508 1406 4583 prester

269 4595 392 4659 volans
412 4596 446 4659 in
466 4595 624 4661 ecclesia.
