3418 5370
498 696 550 745 ns
574 697 711 748 nrvrnn
735 698 1092 750 momontum-u.
1113 687 1184 766 318.
1339 683 1404 766 267

269 876 312 931 et
326 885 444 930 verum
460 879 497 932 et
512 867 647 946 salsum,
663 879 701 936 et
716 869 821 956 aliqui
838 891 958 934 eorum
975 871 1106 946 dicunt,
1124 869 1245 952 “Quid
1262 868 1403 934 verum?

271 959 365 1025 Num
387 961 457 1026 sit?
502 963 632 1029 Annon
655 965 691 1030 id
713 977 768 1032 est
791 986 910 1030 verum
929 965 1021 1049 quod
1045 966 1133 1029 facio
1152 985 1269 1029 verum
1281 965 1310 1028 ?’'
1354 964 1403 1029 Et

271 1078 379 1140 usque
398 1057 434 1121 hi
453 1057 488 1122 in
508 1062 637 1125 mundo
654 1062 842 1126 creduntur
860 1062 1113 1143 intelligentes,
1133 1072 1170 1124 et
1193 1073 1312 1126 tamen
1332 1081 1402 1125 non

269 1161 354 1217 sunt
370 1153 434 1218 nisi
449 1174 552 1237 quam
568 1159 817 1223 incrustatores
833 1159 985 1240 parietis.
1032 1157 1111 1220 Non
1128 1157 1186 1220 alii
1201 1169 1283 1222 sunt
1298 1156 1403 1221 intel·

272 1248 435 1330 figentes,
456 1271 559 1334 quam
583 1254 639 1336 qui
662 1255 856 1337 percipiunt
880 1272 999 1316 verum
1022 1273 1099 1317 esse
1122 1273 1251 1327 verum,
1276 1263 1311 1317 et
1335 1253 1404 1318 hoc

270 1363 333 1426 per
356 1345 526 1410 veritates
549 1349 712 1412 continue
740 1359 924 1433 perceptas
946 1348 1162 1413 confirmant.
1210 1348 1255 1412 Hi
1287 1360 1323 1414 et
1353 1348 1403 1413 illi

271 1460 394 1524 parum
422 1441 571 1507 discerni
601 1455 757 1528 possunt,
778 1447 857 1528 quia
887 1466 956 1509 non
987 1444 1135 1510 discerni
1165 1455 1285 1528 potest
1312 1447 1403 1509 inter

272 1537 386 1600 lucem
396 1535 668 1604 confirmationis
684 1551 721 1605 et
738 1540 850 1604 lucem
863 1543 1097 1624 perceptionis
1109 1543 1199 1619 veri;
1220 1563 1282 1605 nec
1295 1562 1402 1625 appa·

269 1642 326 1696 ret
349 1632 452 1698 aliter
473 1654 576 1718 quam
596 1637 687 1720 quod
711 1635 760 1699 illi
783 1627 841 1721 q'ui
864 1638 897 1700 in
922 1636 999 1702 luce
1018 1636 1291 1700 confirmationis
1309 1647 1403 1712 sunt,

269 1729 377 1792 etiam
396 1729 430 1793 in
449 1729 527 1794 luce
545 1733 778 1814 perceptionis
796 1732 868 1796 veri
884 1733 966 1808 sint,
987 1751 1064 1796 cum
1083 1743 1200 1796 tamen
1218 1732 1403 1795 discrimen

270 1833 329 1888 est
348 1826 437 1890 sicut
457 1827 546 1890 inter
565 1827 677 1891 lucem
697 1828 827 1892 fatuam
850 1838 888 1893 et
911 1828 1023 1893 lucem
1043 1829 1250 1911 genuinam;
1284 1837 1319 1892 et
1342 1827 1404 1892 lux

270 1920 366 1985 fatua
384 1923 418 1985 in
438 1924 568 1987 mundo
583 1925 753 2006 spirituali
772 1933 827 1989 est
845 1925 938 2002 talis,
956 1936 994 1989 ut
1012 1934 1169 1988 vertatur
1186 1925 1221 1988 in
1241 1925 1404 1988 tenebras

272 2016 437 2081 influente
454 2016 531 2082 luce
545 2019 706 2100 genuina.
747 2018 844 2083 Talis
861 2020 956 2083 fatua
972 2019 1033 2084 lux
1050 2029 1105 2084 est
1121 2021 1210 2101 apud
1225 2018 1354 2083 multos
1369 2021 1404 2083 in

272 2112 416 2188 inferno,
437 2114 494 2197 qui
518 2114 600 2179 dum
622 2116 657 2178 in
681 2114 794 2179 lucem
816 2117 1002 2198 genuinam
1027 2117 1245 2191 emittuntur,
1267 2135 1405 2197 prorsus

274 2207 359 2270 nihil
376 2209 514 2272 videnti
540 2230 585 2273 ex
602 2210 724 2294 quibus
737 2220 848 2293 patet,
862 2211 954 2295 quod
971 2232 1074 2294 posse
1091 2211 1294 2274 confirmare
1310 2211 1404 2293 quic·

272 2304 354 2385 quid
367 2303 475 2380 iubet,
490 2305 535 2369 sit
552 2305 658 2369 modo
670 2307 909 2388 ingeniositas,
924 2306 1048 2370 dabilis
1064 2309 1171 2371 etiam
1187 2307 1278 2388 apud
1295 2305 1404 2386 pessi·

274 2419 362 2462 mos.
410 2405 467 2465 [9.]
494 2399 664 2482 Quartum
677 2400 831 2481 :-Quod
841 2402 942 2466 detur
953 2402 1162 2485 confirmatio
1172 2399 1406 2464 intellellualis

272 2505 308 2558 et
324 2515 387 2558 non
404 2494 510 2559 simul
524 2496 728 2573 voluntaria,
747 2507 781 2561 et
802 2496 893 2580 quod
906 2497 1014 2560 omnis
1029 2497 1237 2580 confirmatio
1251 2495 1405 2558 volunta-

274 2590 331 2654 ria
346 2591 447 2654 etiam
463 2591 510 2655 sit
521 2591 887 2657 intelleliualise-Sint
901 2591 1307 2674 exemplailiustrationi.
1350 2589 1406 2653 Illi

274 2687 332 2768 qui
345 2687 552 2751 confirmant
566 2686 670 2752 fidem
683 2698 879 2771 separatam
895 2709 916 2752 a
933 2687 1114 2761 charitate,
1126 2697 1162 2751 et
1179 2707 1284 2768 usque
1296 2687 1405 2749 vitam

274 2780 456 2845 charitatis
475 2785 608 2858 vivunt,
627 2786 663 2846 in
687 2804 816 2866 genere
836 2785 891 2867 qui
911 2781 1116 2847 confirmant
1134 2781 1257 2846 falsum
1277 2778 1406 2845 doctri·

275 2897 341 2940 nae
361 2887 396 2941 et
417 2887 534 2942 tamen
552 2899 621 2943 non
638 2880 759 2943 vivunt
775 2881 964 2944 secundum
981 2879 1077 2954 illud,
1095 2888 1175 2943 sunt
1195 2879 1251 2962 qui
1269 2877 1303 2940 in
1321 2896 1406 2940 con·

276 2973 470 3038 firmatione
487 2973 716 3041 inteiledtuali
733 2987 825 3049 sunt,
839 2987 875 3040 et
893 2995 961 3038 non
979 2975 1078 3040 simul
1094 2977 1128 3039 in
1145 2972 1407 3038 confirmatione

275 3068 487 3133 voluntaria:
517 3080 554 3135 at
574 3073 631 3155 qui
650 3070 857 3135 confirmant
876 3071 1000 3135 salsum
1020 3068 1208 3145 dodirinae,
1229 3079 1265 3133 et
1289 3069 1408 3132 vivunt

274 3165 467 3228 secundum
490 3165 586 3240 iliud,
608 3166 656 3230 ilii
679 3177 761 3230 sunt
786 3167 843 3250 qui
866 3167 899 3230 in
927 3164 1189 3228 confirmatione
1211 3164 1408 3227 voluntaria

274 3271 313 3323 et
334 3261 432 3323 simul
453 3262 486 3324 in
511 3261 739 3327 intelledtuaii
758 3272 848 3326 sunt.
895 3261 1008 3326 Causa
1026 3271 1091 3335 est,
1112 3261 1190 3343 quia
1208 3256 1407 3322 intellectus

277 3375 347 3418 non
375 3356 484 3421 influit
516 3358 550 3421 in
581 3360 811 3432 voluntatem,
837 3358 898 3420 sed
929 3357 1089 3419 voluntas
1119 3357 1154 3418 in
1181 3352 1406 3418 intelledtum.

277 3449 336 3514 Ex
363 3452 417 3515 his
443 3456 549 3517 etiam
576 3464 672 3537 patet
701 3455 781 3537 quid
809 3452 932 3517 salsum
964 3452 1044 3514 mali
1071 3460 1137 3526 est,
1165 3460 1202 3514 et
1232 3451 1313 3533 quid
1342 3449 1407 3513 sal·

275 3567 355 3610 sum
386 3567 454 3611 non
485 3549 584 3613 maii:
616 3549 708 3634 quod
735 3548 859 3613 salsum
890 3568 959 3611 non
994 3547 1076 3611 maii
1105 3546 1216 3630 possit
1246 3545 1408 3627 conjungi

277 3662 357 3705 cum
387 3645 490 3718 bono,
511 3664 579 3707 non
610 3656 728 3709 autem
747 3644 870 3707 salsum
902 3644 993 3716 mali,
1017 3662 1121 3706 causa
1150 3650 1217 3718 est,
1243 3641 1322 3723 quia
1342 3639 1407 3703 sal·

276 3756 355 3801 sum
379 3757 449 3801 non
473 3739 552 3803 mali
576 3750 629 3804 est
653 3739 778 3803 salsum
800 3741 835 3802 in
859 3735 1040 3802 intellediu
1062 3746 1098 3802 et
1125 3757 1194 3800 non
1224 3736 1258 3799 in
1285 3735 1408 3799 volun·

277 3842 367 3908 tate,
395 3843 431 3897 et
465 3833 587 3898 falsum
617 3836 697 3898 mali
727 3846 781 3897 est
815 3835 938 3898 salsum
969 3835 1002 3896 in
1032 3830 1210 3896 intelledtu
1239 3853 1285 3896 ex
1315 3833 1409 3896 malo

277 3932 314 3992 in
327 3931 519 3994 voluntate.
567 3939 637 3996 [Ιο.]
662 3929 849 4012 Quintum:
878 3929 974 4008 Quod
982 3927 1189 4012 confirmatio
1199 3925 1407 3990 malivolun·

277 4026 376 4088 laria
390 4035 423 4088 et
440 4024 545 4088 simul
556 4024 790 4089 z'ntelletiualis
800 4025 924 4105 faciat,
943 4033 980 4087 ut
997 4023 1092 4086 lromo
1107 4021 1223 4085 credat
1232 4021 1410 4104 proprium

274 4119 497 4201 prudentiam
519 4142 592 4185 esse
613 4141 715 4196 omne,
739 4130 773 4183 et
793 4120 955 4182 Divz'nam
977 4117 1235 4181 Providentiam
1257 4137 1320 4180 non
1342 4116 1407 4180 ali·

277 4217 383 4298 quz'd,·
403 4238 466 4280 non
479 4227 588 4280 autem
600 4216 673 4280 sola
683 4215 891 4299 confirmatio
902 4213 1278 4278 intelleliualis.-Sunt
1295 4212 1408 4295 plures

279 4315 338 4394 qui
357 4314 446 4394 apud
466 4335 502 4376 se
519 4311 725 4376 confirmant
746 4313 918 4395 propriam
935 4311 1155 4394 prudentiam
1174 4331 1220 4374 ex
1238 4330 1407 4393 apparen-

280 4409 339 4470 tiis
361 4409 394 4470 in
419 4408 557 4482 mundo,
578 4407 639 4469 sed
664 4429 769 4490 usque
793 4428 862 4470 non
887 4416 1018 4489 negant
1040 4407 1201 4469 Divinam
1220 4407 1412 4469 Providen-

280 4503 387 4580 tiam;
407 4501 459 4565 his
475 4513 528 4566 est
546 4503 652 4565 modo
665 4501 879 4566 confirmatio
893 4499 1158 4579 intellediualis;
1181 4510 1219 4565 at
1235 4502 1292 4584 qui
1307 4501 1409 4564 simul

280 4609 413 4680 negant
430 4597 592 4662 Divinam
609 4597 872 4671 Providentiam,
887 4599 954 4660 illis
970 4618 1106 4681 quoque
1122 4606 1175 4660 est
1192 4595 1412 4660 confirmatio

280 4692 499 4774 voluntaria3
529 4704 567 4759 at
596 4693 682 4758 haec
707 4712 774 4756 una
800 4712 878 4757 cum
901 4694 1123 4775 persuasione
1146 4701 1201 4756 est
1226 4693 1409 4774 praecipue
