3418 5370
366 674 429 722 220
717 671 921 722 SAPIENTIA
944 671 1141 722 ANGELICA

366 852 440 922 est;
466 844 593 908 malum
613 845 703 927 quod
728 846 820 908 intus
840 855 905 919 est,
926 854 981 910 est
1004 844 1097 930 quod
1114 843 1219 910 faciat
1238 845 1366 910 bonum
1388 865 1498 928 prop·

366 949 420 1002 ter
436 961 483 1016 se,
501 950 537 1003 et
553 941 599 1003 sic
617 951 655 1004 ut
671 940 783 1005 solum
799 951 975 1024 appareat.
1023 939 1125 1022 Quod
1142 942 1270 1005 malum
1287 941 1371 1004 illud
1391 941 1497 1004 here·

367 1034 527 1098 ditarium
551 1037 595 1099 sit
626 1056 645 1098 a
676 1037 887 1118 parentibus,
912 1047 1035 1100 notum
1058 1047 1121 1100 est.
1168 1037 1304 1100 Dicitur
1328 1038 1423 1120 quod
1448 1039 1499 1100 sit

366 1131 411 1194 ab
427 1131 567 1195 Adamo
585 1144 621 1195 et
641 1131 712 1214 ejus
729 1153 848 1209 uxore,
866 1133 927 1196 sed
945 1132 1012 1197 hoc
1028 1143 1084 1197 est
1104 1153 1219 1210 error;
1243 1135 1386 1216 quisque
1399 1135 1496 1196 enim

367 1229 517 1290 nascitur
540 1229 573 1291 in
596 1228 682 1292 illud
705 1249 726 1291 a
749 1249 810 1291 suo
834 1240 989 1310 parente,
1009 1238 1046 1293 et
1068 1228 1124 1292 hic
1148 1230 1182 1292 in
1205 1228 1289 1292 illud
1313 1249 1334 1292 a
1357 1249 1431 1300 suo,
1458 1239 1497 1292 et

365 1323 419 1387 hic
440 1345 574 1409 quoque
593 1346 613 1388 a
636 1345 719 1403 suo;
743 1337 779 1388 et
799 1325 846 1388 sic
867 1327 1061 1388 successive
1079 1325 1283 1389 transfertur
1301 1326 1347 1388 ab
1366 1345 1435 1388 uno
1460 1327 1497 1388 in

366 1419 523 1492 alterum,
541 1422 590 1483 ita
606 1429 751 1503 augetur
769 1431 806 1485 et
825 1421 950 1484 crescit
967 1422 1056 1485 sicut
1076 1423 1110 1484 in
1130 1420 1314 1496 cumulum,
1331 1431 1369 1486 et
1388 1420 1495 1483 infer-

366 1526 422 1579 tur
444 1515 540 1596 proli.
586 1515 671 1580 lnde
695 1525 761 1591 est,
781 1516 873 1598 quod
893 1515 985 1598 apud
1005 1516 1183 1580 hominem
1207 1517 1292 1579 nihil
1315 1516 1496 1598 integrum

365 1612 422 1684 sit,
440 1611 499 1674 sed
520 1611 611 1692 quod
631 1621 728 1674 totus
744 1623 894 1695 quantus
913 1611 959 1676 sit
975 1612 1114 1676 malum.
1160 1611 1246 1694 Quis
1263 1614 1382 1690 sentit,
1397 1613 1495 1695 quod

366 1725 480 1770 amare
507 1727 544 1770 se
574 1727 655 1788 prae
672 1707 747 1771 aliis
773 1709 818 1772 sit
841 1706 995 1772 malum?
1040 1705 1126 1789 Quis
1144 1707 1225 1772 inde
1247 1710 1312 1771 scit
1329 1709 1422 1790 quod
1446 1710 1496 1772 sit

366 1801 519 1865 malum?
543 1822 620 1866 cum
637 1813 754 1867 tamen
770 1813 826 1867 est
841 1813 945 1885 caput
961 1802 1141 1868 malorum.
1186 1809 1244 1870 [2.]
1272 1802 1375 1885 Quod
1390 1802 1496 1866 here·

365 1896 526 1964 ditarium
545 1899 589 1962 sit
605 1919 626 1962 a
644 1899 854 1980 parentibus,
872 1899 945 1962 avis
963 1909 999 1962 et
1017 1899 1140 1976 atavis,
1160 1909 1257 1982 patet
1276 1921 1297 1963 a
1319 1899 1437 1962 multis
1458 1901 1496 1962 in

366 1993 495 2057 mundo
510 1995 613 2068 notis,
631 2003 668 2058 ut
687 2015 708 2057 a
724 1992 947 2058 distinctione
963 1994 1138 2070 domuum,
1151 1993 1366 2070 familiarum,
1383 1995 1497 2059 immo

365 2089 521 2168 gentium
548 2109 569 2152 a
595 2088 679 2152 solis
702 2089 864 2166 faciebus,
889 2110 929 2153 ac
955 2089 1060 2154 facies
1083 2101 1164 2154 sunt
1187 2090 1262 2172 typi
1284 2087 1493 2166 animorum,

365 2193 402 2248 et
425 2185 530 2248 animi
552 2194 635 2248 sunt
653 2186 841 2248 secundum
860 2182 1059 2249 affedtiones
1076 2204 1164 2268 quae
1187 2186 1323 2248 amoris.
1368 2184 1494 2266 Quan-

364 2281 478 2364 doque
506 2282 613 2345 etiam
635 2281 724 2345 redit
746 2281 851 2345 facies
880 2281 974 2345 atavi
1002 2281 1039 2346 in
1066 2291 1193 2363 nepote
1222 2291 1259 2346 et
1285 2293 1493 2364 pronepote.

365 2375 550 2459 Cognosco
566 2397 611 2442 ex
630 2377 714 2440 solis
730 2377 880 2441 faciebus
896 2396 978 2441 num
991 2377 1142 2460 Judaeus
1160 2379 1206 2442 sit
1222 2377 1278 2441 vel
1298 2397 1390 2456 non;
1414 2387 1492 2441 tum

363 2474 471 2537 etiam
493 2473 625 2557 aliquos
648 2494 693 2536 ex
716 2492 783 2557 qua
806 2474 987 2555 prosapia:
1018 2475 1099 2557 quin
1122 2475 1228 2538 etiam
1251 2473 1308 2536 alii
1330 2473 1494 2536 similiter

363 2581 591 2650 cognoscant,
610 2589 678 2632 non
698 2569 830 2632 dubito.
876 2567 912 2632 Si
930 2567 1129 2632 affectiones
1145 2589 1233 2651 quae
1251 2571 1377 2631 amoris
1393 2583 1489 2644 sunt,

364 2685 385 2728 a
407 2666 605 2748 parentibus
627 2667 677 2728 ita
695 2666 896 2728 derivantur
914 2675 950 2728 et
970 2665 1206 2736 traducuntur,
1226 2665 1379 2746 sequitur
1392 2665 1489 2747 quod

363 2762 467 2825 etiam
487 2761 587 2835 mala,
608 2761 688 2844 quia
710 2760 794 2824 haec
814 2770 896 2825 sunt
915 2758 1142 2824 affedlionum.
1188 2758 1257 2823 Sed
1280 2761 1370 2822 unde
1393 2761 1489 2822 simi·

363 2856 475 2920 litudo
490 2855 561 2931 illa,
578 2877 667 2920 nunc
684 2857 828 2921 dicetur.
875 2861 933 2921 [3.]
961 2855 1091 2920 Anima
1106 2853 1252 2937 cujusvis
1267 2866 1322 2920 est
1338 2877 1359 2918 a
1375 2867 1488 2937 patre,

363 2971 403 3015 ac
426 2951 538 3016 solum
558 2952 708 3015 induitur
734 2972 879 3033 corpore
907 2972 928 3015 a
955 2963 1076 3016 matre.
1122 2950 1225 3033 Quod
1248 2952 1363 3014 anima
1391 2952 1436 3014 sit
1467 2973 1489 3014 a

363 3058 473 3131 patre,
490 3049 641 3131 sequitur
657 3067 726 3110 non
743 3048 855 3111 solum
874 3068 920 3111 ex
940 3047 1008 3110 illis
1023 3068 1111 3130 quae
1127 3067 1217 3110 nunc
1235 3067 1337 3128 supra
1352 3067 1488 3110 memo·

361 3154 438 3208 rata
453 3153 544 3220 sunt,
562 3144 622 3206 sed
640 3145 745 3208 etiam
761 3165 782 3207 a
797 3143 950 3227 pluribus
962 3143 1037 3207 aliis
1050 3144 1203 3220 indiciis;
1226 3143 1330 3207 etiam
1346 3143 1390 3205 ab
1406 3142 1486 3219 hoc,

361 3241 452 3324 quod
473 3240 583 3304 infans
602 3250 761 3304 nascatur
781 3241 877 3321 niger
899 3259 947 3303 ex
971 3240 1071 3322 nigro
1088 3259 1149 3302 seu
1168 3238 1290 3302 Mauro
1313 3259 1374 3321 per
1388 3237 1486 3301 femi·

362 3357 441 3400 nam
467 3336 582 3401 albam
609 3357 668 3400 seu
696 3336 902 3418 Europeam,
930 3355 970 3398 ac
1000 3335 1170 3414 vicissim;
1203 3335 1369 3416 imprimis
1392 3335 1486 3416 quod

361 3434 482 3496 semini
497 3434 579 3496 insit
595 3433 719 3508 anima,
737 3450 817 3494 nam
835 3452 881 3495 ex
900 3430 961 3494 illo
980 3429 1020 3494 fit
1037 3431 1300 3512 impraegnatio,
1320 3449 1359 3492 ac
1380 3431 1414 3493 id
1433 3440 1488 3494 est

361 3530 453 3614 quod
475 3530 625 3593 induitur
644 3549 786 3610 corpore
812 3548 833 3591 a
856 3537 976 3590 matre.
1022 3523 1147 3590 Semen
1171 3535 1225 3589 est
1249 3527 1358 3608 prima
1375 3525 1488 3590 forma

361 3627 486 3690 amoris
508 3626 542 3687 in
566 3645 634 3706 quo
652 3632 705 3686 est
724 3633 842 3704 pater;
869 3630 924 3686 est
944 3621 1054 3686 forma
1072 3621 1198 3685 amoris
1215 3622 1396 3702 regnantis
1414 3621 1488 3702 ejus

361 3741 438 3785 cum
464 3720 630 3802 proximis
658 3717 940 3792 derivationibus,
964 3737 1053 3799 quae
1082 3727 1163 3780 sunt
1189 3717 1330 3782 intimae
1357 3719 1488 3782 amoris

360 3818 459 3880 istius
477 3811 685 3878 affectiones.
731 3819 789 3882 [4.]
814 3812 891 3877 Hae
909 3812 1000 3895 apud
1019 3813 1279 3895 unumquemvis
1294 3812 1486 3877 circumve-

360 3911 474 3975 lantur
485 3910 641 3973 honestis
657 3929 745 3991 quae
761 3917 842 3971 sunt
858 3908 951 3970 vitae
966 3907 1116 3981 moralis,
1129 3927 1169 3970 ac
1186 3906 1286 3970 bonis
1302 3927 1391 3988 quae
1406 3929 1486 3990 par-

359 4009 421 4070 tim
440 4016 520 4069 sunt
536 4005 626 4068 vitae
643 4004 761 4078 civilis,
776 4003 902 4085 partim
918 4003 1008 4066 vitae
1025 4001 1228 4084 spiritualis;
1251 4001 1337 4066 haec
1354 4002 1487 4070 faciunt

360 4113 544 4167 externum
557 4100 659 4174 vitae,
670 4100 775 4162 etiam
787 4099 878 4180 apud
892 4097 1012 4162 malos.
1057 4096 1097 4160 In
1110 4096 1175 4161 hoc
1188 4107 1374 4161 externum
1390 4099 1488 4166 vitae

361 4199 511 4263 nascitur
523 4197 633 4261 omnis
646 4195 755 4258 infans
769 4217 777 4274 ;
797 4196 878 4258 inde
889 4205 943 4258 est
957 4193 1049 4276 quod
1061 4193 1218 4258 amabilis
1234 4195 1298 4272 sit;
1321 4195 1384 4256 sed
1395 4195 1487 4262 sicut

361 4293 531 4379 puerescit
546 4313 606 4356 seu
625 4290 805 4368 adolescit,
821 4293 866 4355 ab
884 4302 1032 4355 externo
1051 4289 1111 4354 illo
1129 4289 1174 4353 ad
1194 4289 1359 4353 interiora
1376 4292 1486 4369 venit,

359 4400 395 4455 et
415 4390 557 4454 tandem
577 4387 620 4450 ad
640 4406 791 4450 amorem
808 4397 1013 4470 regnantem
1030 4386 1139 4468 patris
1157 4385 1227 4464 sui;
1251 4385 1354 4469 quisi
1373 4385 1486 4450 malus

359 4487 471 4562 fuerit,
492 4497 528 4551 et
552 4506 621 4549 non
645 4494 858 4565 temperatus
881 4493 918 4547 et
941 4481 1087 4546 inflexus
1106 4480 1205 4545 fuerit
1225 4499 1285 4562 per
1304 4481 1418 4544 media
1439 4480 1487 4546 ab

359 4579 666 4656 educatoribus,·fit
683 4599 778 4644 amor
791 4579 860 4663 ejus
876 4579 964 4645 sicut
980 4579 1042 4644 fuit
1058 4578 1166 4661 patris
1178 4576 1259 4659 ejus.
1306 4577 1358 4643 At
1375 4598 1486 4662 usque

359 4700 428 4742 non
452 4679 661 4761 exstirpatur
685 4676 824 4754 malum,
844 4677 906 4740 sed
929 4677 1034 4741 modo
1055 4684 1264 4754 removetur,
1288 4675 1423 4759 dequo
1450 4676 1487 4739 in
