3418 5368
331 657 392 737 146
678 667 881 718 snprenrrn
905 667 1099 718 nuceurcn

392 853 489 903 210.
509 835 596 922 (vii.)
617 835 713 916 Qvod
726 836 838 900 omnia
850 835 930 900 lzoec
940 857 1002 899 non
1009 836 1098 922 fieri
1104 839 1248 920 possr'rrt,
1263 841 1334 904 nisi
1343 851 1452 925 appa·

328 945 403 1000 reat
417 933 545 996 homini
557 933 647 1016 quod
659 953 702 996 ex
719 953 755 996 se
768 931 889 1014 cogitet
902 941 934 994 et
947 953 990 994 cx
1004 953 1040 995 se
1053 933 1369 1018 disponat-Quod
1389 942 1452 1003 nisi

328 1039 494 1114 appareat
518 1028 658 1104 homini,
676 1029 764 1092 sicut
783 1030 877 1090 vivat
901 1048 947 1090 ex
966 1049 1014 1103 se,
1035 1037 1069 1091 et
1088 1031 1135 1091 sic
1155 1031 1246 1112 quod
1265 1035 1398 1117 cogitet
1416 1046 1450 1100 et

328 1127 424 1202 velit,
445 1126 604 1210 loquatur
627 1136 662 1189 et
686 1136 770 1208 agat
794 1125 881 1187 sicut
900 1145 920 1186 a
939 1145 987 1201 se,
1007 1123 1112 1187 homo
1131 1145 1199 1188 non
1223 1127 1312 1194 soret
1335 1131 1450 1206 horne,

329 1225 362 1287 in
382 1224 668 1308 praecedentibus
685 1223 786 1305 plene
802 1222 1076 1286 demonstratum
1094 1233 1170 1302 est;
1194 1245 1240 1288 ex
1257 1247 1325 1310 quo
1340 1229 1450 1311 sequi·

329 1329 396 1395 tur,
420 1321 511 1404 quod
535 1321 598 1385 nisi
621 1322 726 1384 homo
749 1319 864 1408 omnia
887 1339 973 1402 quae
996 1315 1178 1383 functionis
1201 1330 1237 1384 et
1260 1323 1353 1387 vitae
1382 1322 1452 1404 ejus

330 1425 418 1493 sunt,
431 1417 593 1498 disponat
607 1417 694 1479 sicut
707 1436 752 1479 ex
766 1415 902 1497 propria
918 1414 1111 1497 prudentia,
1124 1435 1192 1479 non
1207 1417 1315 1498 possit
1328 1419 1404 1483 duci
1417 1430 1451 1481 et

330 1510 465 1594 disponi
484 1533 530 1575 ex
551 1512 674 1575 Divina
691 1510 929 1588 Providentia;
953 1509 1041 1574 soret
1058 1511 1149 1574 enim
1166 1513 1254 1576 sicut
1273 1513 1329 1596 qui
1345 1522 1452 1578 staret

329 1609 479 1671 remissis
506 1608 674 1682 manibus,
699 1616 820 1690 aperto
843 1626 913 1681 ore,
933 1605 1081 1670 occlusis
1104 1607 1224 1683 oculis,
1244 1617 1280 1672 et
1303 1607 1452 1674 retracto

329 1704 462 1784 spiritu,
480 1703 513 1766 in
533 1700 795 1787 exspectatione
814 1701 982 1780 influxus;
1010 1702 1060 1766 ita
1076 1712 1221 1767 exueret
1238 1724 1275 1767 se
1290 1704 1451 1780 humano,

328 1798 422 1880 quod
453 1799 501 1861 illi
531 1809 585 1862 est
612 1819 657 1862 ex
687 1799 908 1882 perceptione
935 1807 970 1861 et
997 1799 1208 1875 sensatione,
1229 1801 1320 1883 quod
1348 1803 1452 1877 vivat,

332 1894 473 1975 cogitet,
494 1893 589 1970 velit,
607 1894 766 1978 loquatur
785 1904 820 1958 et
839 1903 921 1976 agat
940 1895 1029 1958 sicut
1049 1916 1094 1959 ex
1114 1915 1173 1974 se;
1198 1904 1233 1959 et
1253 1895 1353 1960 simul
1373 1909 1453 1960 tunc

333 1998 475 2051 exueret
499 2009 536 2052 se
562 1988 651 2052 binis
677 1990 746 2052 suis
774 1988 1004 2064 facultatibus,
1031 2010 1119 2072 quae
1145 2002 1226 2055 sunt
1251 1991 1392 2056 libertas
1419 2000 1454 2056 et

332 2081 559 2159 rationalitas,
580 2105 639 2166 per
658 2105 740 2166 quas
764 2085 986 2167 distinguitur
1004 2105 1024 2147 a
1043 2085 1182 2149 bestiis:
1214 2088 1305 2169 quod
1325 2087 1455 2172 absque

332 2179 535 2261 apparentia
553 2178 613 2242 illa
632 2199 699 2240 non
715 2178 804 2243 soret
821 2179 920 2243 alicui
939 2181 1068 2244 homini
1084 2184 1297 2265 receptivum
1314 2191 1351 2249 et
1370 2184 1454 2248 reci·

330 2294 485 2362 procum,
499 2285 535 2340 ει
552 2275 600 2338 sic
613 2294 682 2338 non
698 2275 951 2351 immortalitas,
968 2277 1001 2338 in
1017 2273 1082 2340 hac
1096 2276 1328 2342 transactione
1343 2299 1454 2362 supra,

331 2380 370 2435 et
392 2371 425 2435 in
450 2368 684 2436 transactione
706 2371 757 2434 De
778 2369 903 2433 Divino
920 2370 1048 2434 Amore
1069 2382 1102 2435 et
1122 2371 1250 2437 Divina
1269 2373 1455 2456 Sapientia,

332 2467 611 2532 demonstratum
634 2477 699 2530 est.
745 2478 803 2541 [2.]
834 2464 949 2547 Quare
971 2469 998 2530 si
1017 2468 1069 2530 vis
1091 2467 1169 2532 duci
1191 2490 1212 2532 a
1235 2469 1359 2534 Divina
1376 2470 1456 2534 Pro·

333 2563 497 2637 videntia,
511 2574 607 2627 utere
626 2562 817 2646 prudentia,
832 2563 919 2626 sicut
936 2583 1054 2626 servus
1070 2573 1105 2628 et
1122 2565 1286 2640 minister,
1300 2567 1357 2649 qui
1372 2565 1455 2630 fide·

334 2657 413 2721 liter
431 2658 610 2740 dispensat
632 2659 724 2722 bona
747 2656 874 2721 domini
894 2657 954 2721 sui.
1000 2658 1187 2724 Prudentia
1204 2659 1262 2724 illa
1281 2671 1335 2724 est
1354 2663 1456 2737 mina,

334 2773 422 2836 quae
437 2753 518 2815 data
536 2763 591 2816 est
611 2754 717 2816 servis
736 2753 780 2816 ad
800 2753 1060 2835 negotiandum,
1078 2753 1172 2836 cujus
1190 2755 1360 2819 rationem
1380 2758 1456 2820 red·

335 2849 419 2912 dent
438 2845 528 2930 (Luc.
542 2848 615 2910 xix.
633 2845 760 2929 13-¹¹¹28
772 2870 779 2925 ;
792 2847 918 2912 Matri.
931 2869 1016 2912 xxv.
1031 2848 1158 2934 14-31).
1186 2850 1266 2932 Ipsa
1278 2852 1458 2934 prudentia

335 2953 479 3026 apparet
492 2943 621 3007 homini
639 2943 727 3007 sicut
743 2944 889 3026 propria,
901 2954 936 3008 ει
951 2945 1084 3009 tamdiu
1097 2955 1134 3008 ut
1148 2947 1283 3028 propria
1296 2947 1457 3023 creditur,

335 3039 498 3123 quamdiu
520 3037 626 3102 homo
648 3048 745 3102 tenet
768 3038 1032 3104 infensissimum
1055 3037 1193 3104 hostem
1218 3040 1283 3105 Dei
1305 3051 1342 3106 et
1363 3041 1458 3106 Divi·

336 3156 401 3199 nae
417 3134 666 3210 Providentiae,
681 3134 737 3217 qui
752 3143 805 3198 est
822 3155 920 3199 amor
936 3136 997 3211 sui,
1015 3135 1193 3200 inclusum.
1240 3135 1307 3200 Hic
1322 3137 1459 3201 habitat

335 3232 369 3296 in
384 3230 600 3295 interioribus
615 3229 762 3313 cujusvis
778 3230 924 3295 hominis
940 3252 985 3294 ex
1006 3231 1210 3312 nativitate3
1235 3232 1263 3296 si
1278 3231 1373 3295 illum
1390 3253 1458 3297 non

336 3327 530 3410 cognoscis,
557 3324 646 3408 (vult
674 3326 765 3390 enim
793 3346 861 3391 non
887 3325 1080 3410 cognosci)
1105 3325 1240 3392 habitat
1270 3347 1399 3404 secure,
1424 3337 1460 3392 et

336 3423 489 3487 custodit
505 3431 653 3505 portam,
670 3442 714 3485 ne
732 3420 776 3485 ab
794 3421 933 3486 homine
949 3422 1132 3505 aperiatur,
1149 3425 1250 3487 etsie
1269 3443 1289 3487 a
1308 3423 1460 3488 Domino

337 3517 500 3599 ejiciatur.
546 3516 650 3580 Porta
672 3515 731 3580 illa
754 3517 798 3581 ab
819 3514 958 3581 homine
981 3519 1142 3600 aperitur,
1163 3537 1224 3600 per
1247 3519 1339 3602 quod
1368 3518 1460 3582 mala

338 3613 445 3694 fugiat
461 3621 498 3675 ut
514 3621 661 3693 peccata
671 3613 758 3676 sicut
775 3632 802 3676 a·
811 3633 859 3689 se,
873 3630 949 3676 cum
963 3613 1141 3695 agnitione
1154 3614 1245 3696 quod
1262 3635 1282 3677 a
1298 3613 1459 3678 Domino.

339 3707 436 3772 Haec
450 3707 633 3790 prudentia
642 3717 705 3784 est,
716 3728 793 3772 cum
806 3729 873 3792 qua
886 3707 1011 3772 Divina
1025 3708 1248 3774 Providentia
1260 3727 1363 3773 unum
1376 3711 1459 3792 agit.

401 3828 491 3880 211.
521 3810 623 3896 Quod
641 3813 766 3877 Divina
781 3814 1002 3879 Providentia
1018 3824 1090 3879 tarn
1107 3815 1223 3879 oculte
1237 3825 1408 3898 operetur,
1423 3823 1460 3878 ut

338 3911 398 3974 vix
417 3908 538 3991 aliquis
557 3910 645 3973 sciat
661 3909 751 3992 quod
771 3910 827 3985 sit,
844 3920 898 3975 est
919 3931 961 3974 ne
980 3909 1085 3975 homo
1102 3920 1228 3994 pereat.
1273 3909 1363 3975 Nam
1382 3930 1460 3991 pro·

338 4006 448 4090 prium
464 4005 624 4082 hominis,
637 4005 728 4090 quod
745 4014 800 4069 est
815 4005 976 4070 voluntas
989 4005 1071 4088 ejus,
1085 4025 1251 4089 nusquam
1268 4024 1371 4069 unum
1388 4006 1461 4086 agit

337 4121 417 4167 cum
445 4101 571 4165 Divina
597 4101 837 4180 Providentia;
869 4111 923 4166 est
951 4101 1089 4184 proprio
1111 4101 1259 4165 hominis
1282 4100 1463 4165 inimicitia

338 4197 461 4262 innata
484 4205 606 4261 contra
627 4196 745 4275 illam;
778 4205 832 4260 est
850 4197 942 4260 enim
966 4195 1051 4260 illud
1077 4215 1219 4279 serpens
1242 4196 1298 4281 qui
1320 4195 1462 4262 seduxit

339 4293 468 4378 primos
486 4301 658 4375 parentes,
678 4291 721 4356 de
740 4312 807 4376 quo
826 4291 959 4369 dicitur,

390 4449 407 4474 ⁴⁴
415 4447 587 4500 Inimicitlam
602 4463 703 4512 ponam
715 4448 786 4500 inter
797 4457 825 4500 te
836 4457 864 4498 et
875 4449 945 4498 inter
956 4447 1106 4508 mullerem,
1118 4456 1146 4499 et
1156 4449 1228 4499 inter
1239 4461 1333 4498 semen
1346 4455 1423 4498 tuum
1434 4450 1467 4496 et

473 4515 544 4566 inter
556 4515 654 4565 Samen
666 4514 734 4578 ejus,
747 4523 774 4565 et
787 4513 848 4565 Hoc
859 4513 1027 4565 conculcabit
1038 4513 1086 4565 tibi
1098 4512 1200 4579 caput”
1212 4512 1285 4578 (Gerr.
1298 4511 1335 4564 ili.
1350 4512 1398 4575 15).

343 4657 538 4744 “serpens''
565 4668 619 4724 est
652 4658 780 4725 malum
809 4661 920 4726 omnis
946 4660 1093 4745 generis,
1124 4655 1284 4744 “caput''
1306 4655 1379 4742 ejus
1408 4661 1467 4720 est
