3418 5370
511 611 563 664 ns
586 611 725 662 mvnvs
748 610 1103 664 saovmauna-n
1124 616 1195 682 332.
1356 617 1418 686 293

292 781 452 867 operatio
474 790 510 848 et
532 782 731 866 progressio
753 781 829 848 finis
860 805 921 868 per
944 784 1057 850 media
1089 795 1144 851 est
1167 805 1255 870 quae
1276 795 1420 852 vocatur

291 877 418 943 Divina
441 878 671 942 Providentia.
717 885 774 945 [2.]
816 879 916 944 Nunc
940 882 1018 963 quia
1040 880 1202 945 Divinum
1226 880 1420 946 Procedens

291 983 347 1040 est
371 975 462 1057 Ipse,
483 995 522 1038 ac
547 973 672 1038 Divina
697 974 920 1040 Providentia
940 987 994 1040 est
1013 977 1210 1060 primarium
1230 978 1321 1062 quod
1340 997 1419 1061 pro·

291 1071 397 1146 cedit,
418 1071 571 1154 sequitur
587 1070 678 1152 quod
698 1090 802 1152 agere
821 1082 944 1136 contra
961 1071 1058 1154 leges
1075 1071 1223 1137 Divinae
1239 1093 1321 1137 suae
1338 1072 1419 1136 Pro·

290 1166 468 1232 videntiae
495 1167 539 1230 sit
563 1186 666 1248 agere
684 1174 807 1229 contra
829 1165 873 1231 Se
897 1166 1026 1248 Ipsum.
1071 1167 1192 1232 Potest
1211 1169 1318 1232 etiam
1342 1167 1418 1245 dici,

290 1263 383 1346 quod
411 1263 580 1326 Dominus
610 1262 656 1325 sit
683 1261 916 1339 Providentia,
942 1261 1030 1326 sicut
1059 1262 1183 1328 dicitur
1205 1264 1297 1346 quod
1325 1262 1420 1326 Deus

290 1358 337 1422 sit
357 1357 472 1438 Ordo;
497 1377 577 1422 nam
597 1357 724 1422 Divina
747 1356 969 1423 Providentia
985 1368 1040 1424 est
1064 1358 1210 1424 Divinus
1234 1357 1331 1422 Ordo
1354 1360 1421 1443 pri·

291 1454 399 1518 mario
415 1455 505 1519 circa
524 1454 754 1519 salvationem
770 1453 959 1530 hominum,
973 1464 1009 1519 et
1022 1455 1110 1519 sicut
1125 1475 1195 1519 non
1214 1455 1316 1518 datur
1335 1454 1420 1518 ordo

290 1548 421 1633 absque
447 1548 593 1632 legibus,
617 1547 714 1631 leges
740 1550 831 1614 enim
854 1550 984 1615 iaciunt
1011 1549 1119 1627 illum,
1144 1559 1180 1615 et
1211 1551 1420 1633 unaquaevis

290 1641 351 1708 lex
374 1645 419 1710 ab
441 1646 562 1710 ordine
584 1644 692 1708 trahit
716 1654 754 1710 ut
785 1666 922 1729 quoque
946 1646 991 1710 sit
1021 1646 1119 1722 ordo,
1149 1646 1231 1710 inde
1254 1646 1419 1728 sequitur,

290 1740 382 1824 quod
401 1741 491 1803 sicut
511 1741 605 1803 Deus
624 1749 678 1804 est
702 1737 810 1816 Ordo,
831 1743 938 1810 etiam
958 1741 1003 1805 sit
1025 1740 1103 1806 Lex
1122 1741 1174 1804 sui
1197 1741 1347 1804 ordinis:
1373 1741 1418 1804 si·

291 1834 373 1900 mile
388 1836 573 1901 dicendum
589 1845 644 1900 est
660 1835 704 1900 de
723 1836 850 1900 Divina
865 1837 1098 1912 Providentia,
1119 1837 1212 1920 quod
1232 1837 1322 1900 sicut
1345 1835 1419 1900 Do·

291 1931 404 1996 minus
426 1940 481 1995 est
497 1952 559 1996 sua
581 1931 812 2007 Providentia,
833 1932 939 1996 etiam
958 1933 1004 1995 sit
1028 1929 1106 1996 Lex
1130 1952 1212 1996 suae
1232 1931 1419 1996 Providen-

290 2025 371 2092 tiae.
416 2027 501 2090 Inde
524 2037 635 2111 patet,
652 2026 744 2110 quod
764 2026 932 2091 Dominus
950 2047 1020 2091 non
1039 2028 1150 2111 possit
1168 2047 1274 2112 agere
1297 2037 1422 2094 contra

290 2119 389 2204 leges
412 2123 560 2188 Divinae
582 2143 665 2187 suae
685 2122 939 2199 Providentiae,
959 2123 1039 2206 quia
1062 2144 1166 2206 agere
1190 2133 1313 2188 contra
1331 2123 1420 2201 illas,

290 2215 380 2282 soret
403 2238 508 2300 agere
527 2228 650 2283 contra
666 2215 711 2282 Se
729 2218 858 2300 Ipsum.
904 2225 962 2284 [3.]
1005 2218 1120 2295 Porro,
1141 2240 1211 2284 non
1235 2219 1336 2284 datur
1357 2219 1421 2284 ati·

291 2331 359 2398 qua
374 2314 532 2397 operatio
548 2314 612 2378 nisi
631 2313 665 2378 in
684 2311 877 2396 subjetium
897 2322 934 2377 et
949 2333 1011 2397 per
1029 2315 1144 2378 media
1167 2316 1201 2378 in
1220 2313 1316 2389 illud,
1336 2334 1421 2398 ope·

290 2409 381 2473 ratio
404 2409 468 2474 nisi
490 2409 525 2473 in
548 2407 740 2490 subjeitum
759 2419 796 2472 et
815 2429 876 2492 per
894 2408 1008 2472 media
1032 2411 1066 2473 in
1085 2409 1183 2486 iilud,
1203 2429 1272 2472 non
1296 2411 1421 2490 datur;

291 2501 482 2584 subjedtum
514 2503 660 2568 Divinae
690 2503 933 2567 Providentiae
962 2513 1017 2568 est
1049 2502 1167 2580 homo,
1192 2504 1306 2567 media
1338 2513 1421 2570 sunt

290 2596 418 2661 Divina
437 2597 531 2661 Vera
553 2618 614 2682 per
637 2617 726 2680 quae
748 2595 798 2660 illi
821 2597 1004 2680 sapientia,
1028 2607 1065 2662 et
1088 2597 1216 2664 Divina
1239 2597 1337 2662 Bona
1360 2619 1423 2683 per

291 2713 379 2778 quae
395 2693 444 2757 iili
463 2712 571 2769 amor,
590 2691 716 2756 Divina
735 2692 956 2757 Providentia
975 2713 1036 2777 per
1054 2693 1113 2756 illa
1129 2694 1242 2758 media
1260 2705 1423 2778 operatur

292 2787 395 2852 finem
414 2807 522 2864 suum,
541 2787 599 2874 qui
621 2797 676 2853 est
699 2787 849 2851 salvatio
868 2787 1027 2864 hominis,
1045 2808 1125 2853 narn
1149 2791 1206 2872 qui
1224 2790 1300 2853 vult
1318 2789 1422 2857 finem

292 2883 399 2947 etiam
417 2881 493 2947 vult
515 2883 640 2959 media,
660 2903 765 2967 quare
783 2901 861 2948 cum
881 2881 1004 2947 volens
1026 2892 1190 2966 operatur
1206 2881 1321 2961 finem,
1339 2905 1423 2969 ope·

292 2988 388 3046 ratur
410 2979 506 3044 illum
530 3000 590 3063 per
612 2980 737 3045 media.
782 2977 852 3044 Sed
874 2977 963 3044 haec
985 2979 1203 3044 evidentiora
1224 2977 1320 3058 fient,
1340 2980 1423 3046 dum

292 3074 547 3162 perlustrantur
564 3075 599 3140 in
614 3074 681 3139 hoc
697 3075 818 3140 ordine
831 3093 841 3143 z

477 3206 520 3276 (i.)
547 3207 634 3279 Quod
648 3209 778 3278 operate'o
796 3207 930 3262 Divinae
954 3205 1166 3260 Providentiae
1183 3206 1228 3260 od
1243 3205 1422 3262 salvandum

612 3277 756 3333 hominem
772 3278 885 3331 inchoet
896 3277 1007 3347 atejus
1018 3280 1186 3340 nativitate,
1200 3294 1236 3330 ac
1242 3281 1356 3347 perstet
1374 3295 1422 3334 res·

612 3366 667 3418 que
681 3349 816 3418 adfinem
829 3351 909 3402 vitae
922 3350 991 3418 q'as,
1004 3353 1033 3401 et
1064 3353 1140 3402 osteo
1153 3350 1186 3401 in
1201 3355 1360 3404 aeternum.

463 3420 517 3490 (ii.)
544 3420 631 3493 Quod
645 3425 776 3492 operatio
790 3421 924 3474 Drvr'erae
934 3419 1031 3472 Proui
1062 3421 1145 3473 ntiae
1156 3421 1291 3473 continue
1296 3419 1359 3489 fiat
1364 3423 1423 3489 per

613 3493 710 3548 medio
725 3507 762 3546 ex
768 3495 852 3561 pura
866 3488 1077 3544 misericordia.

448 3561 515 3632 (iii.)
542 3563 628 3634 Quod
637 3568 832 3617 momentanea
845 3561 973 3616 salvatio
985 3577 1022 3616 ex
1030 3561 1204 3616 immediata
1217 3562 1421 3616 meterr‘cordia

613 3651 670 3688 non
682 3635 791 3688 dabilis
802 3635 850 3688 sit.

450 3702 513 3772 (iv.)
539 3703 627 3774 Quod
635 3710 831 3759 momentaneo
843 3702 971 3758 salvatio
982 3719 1020 3757 ex
1031 3703 1203 3758 rinmdrata
1218 3703 1421 3758 mrsm'cordia

611 3778 653 3830 sit
658 3779 795 3847 praester
807 3776 910 3830 volans
921 3777 954 3829 in
967 3775 1093 3831 ecclesia.
1160 3781 1164 3790 '

357 3927 455 3999 332.
487 3912 538 3999 (i.)
565 3913 665 3994 Quod
681 3912 830 3996 operatio
851 3911 998 3976 Divinae
1018 3911 1261 3977 Providentiae
1281 3910 1333 3977 ad
1349 3909 1420 3976 sal·

293 4010 443 4074 vandum
464 4009 627 4074 hominem
644 4007 771 4073 inchoet
792 4008 835 4073 ab
857 4011 927 4094 ejus
950 4007 1139 4083 nativitate,
1159 4027 1198 4071 ac
1214 4015 1347 4090 perstet
1362 4027 1420 4071 us·

294 4124 357 4188 que
370 4105 420 4168 ad
428 4105 536 4189 finem
551 4105 640 4169 vr'tae
661 4107 741 4190 ejus,
761 4113 794 4168 et
810 4113 932 4186 postea
951 4102 987 4166 e'n
1005 4099 1341 4184 aeternum-Supra
1363 4122 1420 4166 os·

294 4208 433 4266 tensum
450 4211 516 4276 est,
536 4202 628 4284 quod
648 4201 782 4265 caelum
800 4220 846 4265 ex
869 4198 1022 4263 humano
1041 4217 1170 4280 genere
1184 4198 1230 4262 sit
1253 4197 1327 4281 ipse
1345 4195 1422 4264 finis

294 4298 480 4361 creationis
496 4297 655 4370 universi,
674 4304 709 4360 et
729 4295 821 4378 quod
841 4293 916 4358 finis
939 4293 998 4358 ille
1016 4293 1050 4358 in
1074 4312 1135 4356 sua
1157 4293 1362 4376 operatione
1383 4300 1422 4360 et

294 4391 537 4472 progressione
556 4392 602 4454 sit
622 4389 747 4453 Divina
771 4388 992 4452 Providentia
1013 4387 1057 4450 ad
1080 4386 1285 4451 salvandum
1307 4386 1421 4452 homi·

296 4503 378 4562 nes;
402 4494 439 4549 et
454 4484 546 4567 quod
565 4485 681 4549 omnia
697 4504 785 4567 quae
801 4493 904 4547 extra
919 4483 1095 4547 hominem
1111 4489 1203 4558 sunt,
1223 4491 1260 4546 et
1279 4482 1421 4548 inservi·

296 4587 360 4646 unt
374 4577 424 4642 iili
447 4597 509 4660 pro
524 4597 598 4656 usu,
614 4586 696 4644 sunt
714 4577 800 4644 fines
816 4577 1001 4642 creationis
1024 4575 1363 4662 secundarii-quae
1385 4579 1420 4646 in
