3448 5374
312 645 377 712 ποθ
666 655 869 709 samum
891 654 1088 708 nucaucn

311 839 385 895 tum
412 836 508 895 amat
531 827 721 893 dominium
743 847 790 892 ex
817 826 913 893 nullo
935 846 1053 893 amore
1075 847 1166 905 usus,
1190 827 1253 894 sed
1281 851 1328 894 ex
1358 829 1437 899 solo

310 942 427 987 amore
446 921 518 1001 sui;
541 919 596 987 hic
617 940 713 986 amor
731 929 798 996 est,
811 920 867 1003 qui
883 929 1029 985 vocatur
1045 919 1213 985 diabolus.
1258 919 1314 986 Illi
1329 923 1436 1006 quiin

309 1039 353 1082 eo
369 1036 486 1083 amore
499 1027 590 1094 sunt,
605 1025 750 1100 possunt
762 1013 922 1080 similiter
934 1014 1027 1099 loqui
1046 1025 1081 1080 et
1097 1035 1202 1099 agere
1214 1015 1303 1081 sicut
1318 1016 1368 1082 illi
1379 1017 1438 1104 qul

308 1112 344 1176 in
362 1129 478 1175 amore
495 1108 664 1193 spirituali
680 1116 782 1187 sunt;
806 1104 868 1172 sed
884 1116 967 1173 tunc
984 1106 1039 1172 vel
1059 1127 1104 1174 ex
1124 1109 1300 1186 memoria,
1317 1107 1435 1176 velex

308 1199 488 1268 intellectu
517 1222 538 1265 a
567 1221 605 1266 se
635 1200 774 1266 elevato
802 1199 837 1265 in
867 1193 981 1264 lucem
1010 1199 1107 1265 caeli.
1152 1197 1222 1266 Sed
1245 1221 1350 1286 usque
1373 1201 1437 1270 ille

308 1315 397 1379 quae
420 1294 610 1378 loquuntur
632 1301 668 1358 et
691 1301 811 1374 agunt,
832 1301 913 1356 sunt
935 1295 1172 1375 comparative
1194 1293 1284 1359 sicut
1307 1291 1446 1360 fructm'

307 1385 486 1471 superficie
506 1396 607 1450 tenus
623 1393 832 1470 apparentes
849 1383 992 1468 pulchri,
1010 1386 1067 1469 qui
1085 1387 1178 1450 intus
1197 1384 1299 1470 plane
1316 1397 1437 1470 putres

308 1493 410 1563 sunt;
442 1491 502 1546 aut
525 1482 614 1546 sicut
636 1478 844 1562 amygdalae
863 1489 979 1544 crusta
996 1490 1097 1546 tenus
1115 1491 1325 1565 apparentes
1342 1481 1434 1547 inte·

306 1597 402 1660 grae,
416 1576 478 1643 sed
491 1576 585 1640 intus
597 1595 618 1639 a
629 1575 802 1640 vermibus
815 1573 918 1655 plane
931 1594 1101 1640 corrosae.
1148 1574 1291 1640 Haecin
1304 1577 1436 1644 mundo

306 1671 476 1756 spirituali
498 1671 679 1755 appellant
702 1668 916 1752 phantasias,
941 1691 1001 1754 per
1022 1691 1108 1753 quas
1129 1681 1256 1748 scorta,
1277 1691 1365 1755 quae
1387 1671 1434 1739 iol

306 1779 475 1834 vocantur
493 1771 632 1844 sirenes,
653 1767 820 1830 inducunt
843 1765 907 1829 sibi
925 1765 1225 1851 pulchritudinem,
1246 1776 1282 1832 et
1306 1777 1433 1836 ornant

304 1882 341 1925 se
361 1862 514 1925 vestibus
533 1860 678 1934 decoris,
695 1859 758 1922 sed
777 1867 896 1922 tamen
915 1867 1048 1923 remota
1066 1859 1249 1943 phantasia
1264 1868 1435 1942 apparent

305 1967 343 2021 ut
363 1953 518 2039 specim
542 1965 579 2019 et
597 1965 678 2019 sunt
697 1956 786 2018 sicut
806 1953 945 2030 diaboli,
965 1955 1022 2038 qui
1045 1975 1083 2020 se
1106 1954 1191 2019 lucis
1214 1955 1359 2038 angelos
1381 1956 1433 2021 ia·

304 2052 399 2115 ciunt
414 2073 422 2130 ;
443 2069 523 2114 nam
538 2069 615 2115 cum
632 2069 728 2114 amor
744 2049 802 2112 ille
815 2066 1000 2131 corporeus
1015 2052 1060 2114 ab
1075 2049 1272 2115 elevatione
1285 2051 1431 2119 retrahit

307 2143 522 2209 intellectum
546 2164 654 2219 suum,
679 2146 771 2228 quod
802 2139 867 2208 ¹¹¹fit
897 2163 974 2209 cum
998 2145 1092 2210 solus
1115 2155 1181 2222 est,
1207 2154 1243 2210 et
1274 2156 1356 2210 tunc
1383 2167 1431 2212 ex

305 2256 422 2302 amore
447 2257 508 2302 suo
526 2238 669 2320 cogitat,
690 2247 773 2301 tunc
793 2246 917 2302 contra
935 2237 1048 2301 Deum
1071 2257 1133 2319 pro
1152 2247 1285 2313 natura,
1307 2249 1432 2305 eontra

304 2330 438 2394 caelum
462 2351 524 2413 pro
548 2329 686 2404 mundo,
707 2340 744 2394 et
766 2340 889 2395 contra
908 2348 989 2393 vera
1011 2339 1047 2394 et
1070 2330 1163 2396 bona
1181 2329 1348 2394 ecclesiae
1367 2350 1431 2413 pro

302 2425 395 2490 falsis
415 2436 451 2491 et
471 2425 568 2489 malis
588 2425 720 2500 inferni,
742 2428 887 2508 cogitat,
904 2426 954 2489 ita
973 2434 1094 2489 contra
1109 2427 1326 2507 sapientiam.
1370 2426 1429 2492 Ex

301 2520 355 2584 his
371 2531 531 2585 constare
545 2531 673 2602 potest,
688 2521 807 2604 quales
823 2531 903 2585 sunt
922 2521 979 2604 qui
994 2531 1163 2584 vocantur
1178 2520 1336 2584 homines
1351 2541 1429 2586 cor·

301 2613 420 2694 porei3
455 2632 524 2677 non
554 2615 645 2676 enim
675 2623 755 2677 sunt
786 2615 941 2695 corporei
968 2613 1082 2697 quoad
1112 2610 1341 2690 intellectum,
1366 2612 1428 2680 sed

301 2716 381 2770 sunt
402 2707 557 2790 corporei
577 2707 689 2790 quoad
709 2726 885 2785 amorem;
912 2707 979 2773 hoc
1003 2717 1069 2783 est,
1087 2727 1156 2772 non
1173 2717 1255 2772 sunt
1270 2707 1428 2790 corporei

301 2798 415 2881 quoad
439 2796 653 2863 intellectum
677 2799 758 2863 dum
782 2799 966 2883 loquuntur
988 2800 1023 2863 in
1046 2809 1159 2874 coetu,
1184 2801 1246 2864 sed
1272 2817 1350 2864 cum
1372 2796 1426 2866 lo·

300 2903 449 2978 quuntur
461 2913 578 2958 secum
594 2895 628 2957 in
644 2895 785 2976 spiritu;
809 2905 845 2958 et
861 2895 939 2977 quia
954 2894 988 2958 in
1005 2895 1124 2977 spiritu
1140 2894 1230 2959 tales
1242 2904 1334 2970 sunt,
1348 2895 1428 2963 ideo

301 2999 382 3071 post
406 2999 554 3053 mortem
577 2989 690 3073 quoad
714 2999 905 3072 utrumque,
927 2999 999 3054 tam
1022 3009 1174 3056 amorem
1194 3008 1296 3074 quam
1320 2989 1426 3055 intel·

300 3081 437 3161 lectum,
462 3083 548 3149 liunt
571 3085 709 3169 spiritus
732 3087 789 3167 qui
808 3095 979 3150 vocantur
997 3087 1137 3167 spiritus
1161 3087 1323 3167 corporei.
1370 3084 1426 3152 Illl

299 3185 393 3252 tunc,
417 3177 474 3261 qui
502 3177 535 3241 in
566 3196 701 3242 summo
724 3196 840 3242 amore
863 3177 1063 3242 dominandi
1093 3197 1139 3240 ex
1169 3197 1286 3241 amore
1308 3177 1359 3242 sui
1388 3179 1423 3241 in

299 3268 429 3334 mundo
455 3268 603 3346 suerunt,
628 3279 664 3333 et
690 3269 789 3333 simul
820 3271 854 3332 in
881 3265 1079 3334 intellectus
1103 3268 1299 3333 elevatione
1321 3288 1424 3350 supra

298 3361 396 3437 alios,
416 3370 584 3446 apparent
604 3361 717 3446 quoad
740 3382 864 3444 corpus
883 3363 971 3426 sicut
988 3361 1115 3425 mumia
1134 3360 1367 3444 Aegyptiaca,
1386 3368 1423 3426 et

298 3453 412 3535 quoad
431 3463 583 3518 mentem
603 3455 707 3520 crassi
726 3465 762 3519 et
780 3453 876 3518 latui.
922 3451 1007 3535 Quis
1030 3451 1134 3517 hodie
1149 3453 1184 3516 in
1200 3453 1328 3516 mundo
1343 3453 1421 3530 scit,

298 3545 390 3628 quod
418 3545 476 3609 ille
505 3565 602 3610 amor
628 3548 662 3610 in
692 3567 729 3610 se
751 3546 831 3610 talis
853 3546 924 3610 sit?
968 3542 1037 3609 Sed
1065 3564 1172 3627 usque
1199 3543 1300 3608 datur
1326 3562 1423 3608 amor

298 3636 497 3700 dominandi
515 3658 561 3701 ex
581 3657 697 3702 amore
712 3659 802 3714 usus,
819 3638 880 3702 sed
899 3659 945 3702 ex
964 3655 1081 3701 amore
1097 3656 1177 3700 usus
1193 3655 1262 3700 non
1281 3645 1423 3719 propter

297 3747 347 3802 se,
365 3728 424 3792 sed
443 3738 585 3812 propter
599 3748 781 3794 commune
801 3731 939 3796 bonum.
984 3728 1036 3793 At
1055 3727 1160 3793 homo
1179 3747 1282 3810 aegre
1301 3736 1421 3810 potest

297 3819 509 3902 distinguere
532 3820 622 3886 hunc
645 3821 783 3898 abillo,
807 3823 868 3886 sed
891 3841 999 3905 usque
1022 3819 1213 3884 interillos
1237 3820 1420 3885 discrimen

295 3922 351 3976 est
367 3913 467 3996 quale
482 3915 572 3978 inter
584 3913 717 3979 caelum
733 3924 769 3979 et
784 3913 962 3978 infernum.
1003 3911 1209 3976 Discrimina
1221 3913 1310 3976 inter
1322 3912 1421 3978 binos

296 4007 376 4073 illos
398 4030 533 4074 amores
555 4010 766 4088 dominandi,
789 4009 973 4074 videantur
993 4007 1028 4072 in
1057 4027 1160 4091 opere
1190 4005 1241 4071 De
1265 4005 1365 4071 Caelo
1388 4013 1423 4073 et

296 4103 435 4186 Inferno
456 4103 503 4190 (n.
520 4103 723 4188 ί’1551-565).

361 4213 459 4283 415.
483 4199 578 4285 (xx.)
605 4197 703 4278 Quod
722 4221 825 4284 usque
846 4205 1020 4264 remaneat
1032 4196 1188 4280 facultas
1212 4191 1424 4278 intelligendi

297 4313 382 4378 quae
402 4301 541 4356 vocatur
557 4292 786 4368 rationalitas,
806 4301 839 4355 et
851 4290 1005 4372 facultas
1024 4288 1154 4373 agendi
1172 4309 1259 4372 quae
1280 4297 1420 4353 vocatur

297 4387 548 4452 libertas-De
581 4388 634 4451 his
668 4389 756 4452 binis
784 4387 1016 4462 facultatibus,
1047 4406 1133 4469 quae
1164 4384 1293 4448 homini
1326 4392 1417 4460 sunt,

297 4477 410 4543 actum
424 4490 477 4543 est
491 4499 591 4560 supra
604 4479 651 4559 (n.
666 4479 839 4562 264-267).
885 4479 969 4542 Illae
982 4479 1082 4542 binae
1094 4477 1277 4541 facultates
1289 4473 1419 4540 homini

297 4581 388 4646 sunt,
408 4583 444 4635 ut
461 4574 569 4654 possit
590 4593 609 4635 a
629 4573 774 4636 naturali
791 4572 859 4635 fieri
877 4570 1072 4652 spiritualis,
1090 4569 1180 4653 quod
1201 4578 1254 4632 est
1274 4587 1418 4649 regene-

297 4667 373 4732 rari.
415 4667 519 4743 Nam,
540 4675 576 4730 ut
604 4687 706 4748 supra
736 4665 864 4729 dit’tum
892 4675 957 4742 est,
977 4685 1074 4729 amor
1100 4663 1246 4728 hominis
1277 4673 1331 4726 est
1360 4659 1418 4745 qul
