3352 5374
313 626 372 705 148
665 635 868 687 surianam
890 635 1086 686 aucumca

372 824 476 893 339·
508 807 571 893 (ii.)
598 807 697 886 Quod
710 807 820 872 omnia
835 828 920 890 quae
937 828 1018 871 usus
1035 805 1120 871 mali
1131 817 1219 882 sunt,
1237 807 1308 870 sint
1328 806 1363 871 in
1381 807 1440 870 in-

309 902 423 984 ferno,
442 911 476 964 et
497 923 582 984 quae
604 921 684 964 usus
707 899 792 976 boni,
812 899 883 964 sint
904 899 939 963 in
961 898 1303 982 caela-Antequam
1328 900 1441 964 videri

309 1004 439 1076 potest,
460 994 550 1075 quod
574 1011 694 1057 omnes
713 992 794 1056 mali
818 1013 897 1056 usus
920 993 976 1076 qui
999 1012 1101 1074 super
1123 991 1246 1056 tellure
1266 993 1440 1068 existunt,

310 1107 378 1150 non
408 1087 477 1149 sint
500 1106 521 1149 a
545 1085 705 1162 Domino,
730 1085 790 1149 sed
813 1086 858 1150 ab
888 1084 1032 1160 inferno,
1057 1084 1349 1167 praemittendum
1379 1095 1440 1150 est

309 1178 435 1260 aliquid
452 1179 495 1241 de
515 1178 613 1242 caelo
631 1188 668 1243 et
687 1177 836 1242 inferno:
861 1177 952 1261 quod
973 1177 1037 1240 nisi
1056 1177 1172 1252 scitur,
1191 1187 1335 1258 possunt
1355 1197 1441 1240 usus

310 1270 391 1334 mali
414 1291 521 1354 aeque
540 1291 579 1334 ac
599 1271 681 1336 boni
704 1272 845 1335 attribui
871 1269 1034 1344 Domino,
1055 1279 1090 1332 et
1113 1269 1203 1352 quod
1223 1269 1439 1334 acreatione

309 1363 409 1427 simul
428 1365 508 1438 sint,
525 1363 580 1427 vel
603 1363 745 1427 attribui
764 1374 917 1438 naturae,
937 1382 977 1427 ac
997 1371 1092 1426 ortus
1116 1362 1251 1425 illorum
1270 1361 1335 1425 soli
1352 1361 1440 1443 ejus.

310 1453 369 1518 Ab
387 1456 440 1519 his
457 1457 544 1519 binis
567 1455 735 1519 erroribus
751 1456 856 1520 homo
875 1476 942 1520 non
962 1465 1080 1538 potest
1098 1455 1233 1530 abduci,
1254 1455 1317 1517 nisi
1334 1455 1439 1531 sciat,

310 1548 402 1631 quod
422 1549 503 1611 nihil
523 1551 704 1632 quicquam
724 1549 854 1612 elristat
874 1549 907 1611 in
927 1550 1057 1612 mundo
1073 1547 1232 1622 naturali,
1253 1547 1344 1629 quod
1364 1564 1440 1610 non

310 1659 450 1703 causam
469 1649 505 1704 et
524 1641 603 1704 inde
626 1651 739 1705 ortum
763 1641 857 1706 ducit
876 1661 920 1704 ex
941 1641 1070 1706 m'undo
1089 1639 1267 1722 spirituali,
1287 1649 1322 1703 et
1341 1637 1439 1722 quod

310 1732 436 1796 bonum
457 1736 502 1797 sit
526 1753 545 1796 a
569 1733 729 1806 Domino,
750 1743 785 1797 et
803 1735 893 1816 quod
914 1733 1041 1796 malum
1065 1754 1085 1796 a
1108 1731 1258 1806 diabolo,
1278 1731 1343 1795 hoc
1367 1739 1440 1806 est,

310 1823 355 1888 ab
378 1825 519 1888 inferno.
565 1826 626 1888 Per
649 1825 812 1888 mundum
836 1826 1046 1907 spiritualem
1063 1825 1269 1906 intelligitur
1291 1833 1327 1887 et
1355 1843 1438 1886 cae·

310 1917 380 1980 lum
399 1927 435 1981 et
455 1917 632 1980 infernum.
678 1917 717 1980 In
734 1918 831 1982 caelo
851 1929 1019 1999 apparent
1039 1919 1153 1982 omnia
1174 1917 1231 1980 illa
1247 1937 1335 1999 quae
1354 1935 1441 1981 usus

311 2011 392 2074 boni
412 2020 502 2084 sunt,
520 2010 562 2073 de
579 2009 699 2092 quibus
716 2011 749 2073 in
766 2011 995 2091 praecedente
1014 2010 1158 2074 articulo
1177 2008 1240 2092 [(n.
1260 2007 1375 2094 336)];
1398 2013 1438 2075 in

310 2102 443 2166 inferno
464 2114 580 2166 autem
604 2112 773 2183 apparent
796 2105 909 2167 omnia
933 2102 993 2166 illa
1016 2123 1103 2185 quae
1130 2124 1209 2166 usus
1232 2102 1313 2166 mali
1339 2115 1438 2179 sunt,

310 2196 354 2258 de
374 2196 495 2278 quibus
513 2214 596 2258 mox
621 2215 722 2278 supra
747 2195 794 2278 (n.
815 2194 892 2278 338)
913 2196 971 2258 ubi
993 2207 1193 2259 enumerata
1212 2206 1314 2273 sunt;
1346 2217 1438 2279 quae

310 2299 391 2352 sunt
419 2289 508 2352 serae
527 2289 638 2351 omnis
657 2289 804 2371 generis,
825 2299 863 2351 ut
886 2300 1075 2371 serpentes,
1096 2290 1231 2370 scorpii,
1252 2288 1438 2362 dracones,

311 2380 485 2454 crocodili,
510 2381 665 2462 tigrides,
691 2379 771 2463 lupi,
795 2380 926 2463 vulpes,
952 2383 1057 2462 porci,
1082 2381 1247 2452 bubones,
1273 2377 1437 2456 noctuae,

310 2473 434 2551 ululae,
448 2474 722 2555 vespertiliones,
741 2493 853 2537 mures
873 2475 966 2555 parvi
986 2486 1021 2538 et
1043 2475 1169 2556 magni,
1187 2493 1301 2546 ranae,
1320 2474 1439 2536 locus-

311 2578 380 2642 tae,
404 2587 562 2641 araneae,
587 2578 623 2631 et
653 2565 784 2630 insecta
808 2568 913 2630 noxia
943 2566 1041 2630 multi
1072 2569 1228 2648 generis:
1265 2573 1439 2649 apparent.

311 2661 415 2723 etiam
435 2661 565 2736 toxica,
586 2669 621 2723 et
640 2660 772 2723 cicutae
792 2661 903 2722 omnis
920 2661 1065 2740 generis,
1084 2669 1119 2722 et
1138 2661 1287 2731 aconita,
1306 2668 1378 2722 tam
1397 2660 1437 2722 irs

310 2753 425 2816 herbis
441 2771 542 2834 quam
559 2753 592 2814 in
609 2753 729 2815 terris:
760 2752 877 2825 verbo,
895 2753 1010 2814 omnia
1026 2752 1084 2814 illa
1102 2772 1188 2834 quae
1205 2771 1334 2814 noxam
1350 2751 1432 2814 faci·

311 2855 384 2920 unt,
405 2856 440 2909 et
464 2846 619 2908 homines
638 2855 784 2908 necant:
809 2845 894 2907 talia
917 2845 949 2908 in
973 2845 1111 2907 infernis
1130 2855 1296 2925 apparent
1316 2845 1365 2906 ita
1387 2841 1438 2906 ad
1536 2881 1538 2888 κ

311 2939 438 3013 vivum,
458 2959 595 3021 prorsus
618 2939 706 3000 sicut
730 2937 788 3001 illa
807 2958 908 3018 super
931 2939 1031 3000 terris
1054 2947 1089 3000 et
1119 2938 1152 3000 in
1177 2936 1253 2999 illis.
1299 2936 1439 2998 Dicitur

311 3032 401 3114 quod
425 3040 613 3113 appareant
636 3031 691 3105 ibi,
716 3031 778 3094 sed
801 3051 906 3113 usque
927 3050 995 3092 non
1020 3042 1099 3094 sunt
1124 3030 1168 3092 ibi
1192 3031 1279 3092 sicut
1304 3030 1336 3090 in
1361 3038 1437 3091 ter·

309 3125 367 3200 ris,
387 3135 466 3187 sunt
490 3125 581 3187 enim
605 3143 720 3186 merae
739 3123 1067 3204 correspondentiae
1088 3123 1323 3203 cupiditatum,
1344 3140 1437 3202 quae

310 3237 355 3280 ex
379 3217 476 3280 malis
500 3237 615 3280 eorum
636 3217 808 3280 amoribus
827 3217 1041 3292 scaturiunt;
1064 3236 1100 3277 se
1120 3217 1153 3277 in
1173 3214 1297 3277 talibus
1314 3213 1439 3277 formis

310 3329 426 3374 coram
450 3310 524 3373 aliis
548 3309 684 3374 sistunt.
730 3308 901 3391 Quoniam
921 3308 1005 3372 talia
1028 3309 1061 3370 in
1085 3307 1222 3370 insernis
1242 3315 1333 3378 sunt,
1354 3306 1439 3368 ideo

309 3403 414 3466 etiam
434 3413 569 3466 scatent
592 3403 651 3466 illa
669 3403 843 3466 nidoribus
862 3403 971 3476 tetris,
993 3411 1030 3464 ut
1053 3401 1279 3474 cadaverosis,
1299 3410 1437 3462 sterco-

308 3495 541 3569 rea,urinosis,
568 3496 732 3576 putribus,
753 3495 873 3577 quibus
897 3495 1035 3575 spiritus
1063 3492 1222 3556 diabolici
1246 3491 1291 3554 ibi
1314 3490 1437 3555 delec-

310 3595 438 3661 tantur,
457 3589 544 3650 sicut
560 3587 627 3650 illis
644 3587 802 3650 animalia
818 3588 938 3669 quibus
952 3588 1041 3648 virus
1060 3587 1159 3648 inest.
1206 3583 1262 3646 Ex
1279 3583 1330 3646 his
1347 3602 1435 3646 con·

310 3688 402 3740 stare
420 3689 548 3759 potest,
566 3681 657 3761 quod
677 3680 798 3742 similia
817 3681 852 3742 in
871 3680 998 3742 mundo
1014 3665 1162 3741 natu'rali
1182 3697 1249 3739 non
1269 3675 1437 3739 duxerint.

310 3769 476 3852 originem
496 3791 516 3833 a
536 3770 697 3847 Domino,
715 3782 750 3835 et
766 3773 856 3854 quod
879 3771 977 3854 [non]
996 3782 1112 3834 creata
1132 3771 1199 3832 sint
1217 3791 1236 3832 a
1254 3768 1436 3850 principio,

310 3881 372 3924 nec
392 3864 481 3944 quod
502 3873 579 3926 orta
598 3864 665 3925 sint
686 3885 705 3926 a
724 3875 844 3927 natura
864 3885 923 3946 per
942 3863 1050 3926 solem
1070 3861 1150 3944 ejus,
1169 3862 1227 3924 sed
1248 3861 1338 3943 quod
1363 3861 1437 3924 sint

309 3974 354 4017 ex
372 3955 510 4018 inlerno.
558 3954 659 4037 Quod
680 3976 748 4019 non
768 3957 836 4019 sint
856 3979 875 4018 a
895 3965 1016 4018 natura
1036 3976 1094 4036 per
1111 3954 1219 4017 solem
1237 3953 1317 4034 ejus,
1333 3962 1436 4034 patet*

310 4051 490 4114 manifeste
507 4074 551 4114 ex
572 4073 624 4126 e0,
643 4053 733 4135 quod
751 4052 926 4133 spirituale
940 4051 1056 4114 influat
1074 4052 1106 4113 in
1122 4051 1289 4122 naturale,
1308 4057 1342 4112 et
1360 4066 1434 4110 non

310 4147 476 4210 vicissim:
512 4160 547 4211 et
568 4148 657 4230 quod
683 4168 750 4210 non
776 4149 843 4209 sint
864 4169 883 4210 a
905 4147 1063 4221 Domino,
1082 4167 1126 4208 ex
1145 4167 1197 4218 e0,
1216 4145 1305 4227 quod
1327 4144 1434 4206 inler-

310 4261 388 4303 num
407 4263 474 4305 non
493 4245 535 4306 sit
553 4245 596 4305 ab
613 4243 702 4324 Ipso,
720 4245 767 4306 ita
784 4263 846 4305 nec
861 4242 986 4324 aliquid
1004 4243 1036 4304 in
1054 4241 1195 4314 inferno,
1210 4239 1299 4323 quod
1313 4257 1435 4302 eorum

310 4337 408 4399 malis
428 4341 685 4419 correspondet.

372 4446 476 4514 34⁰.
508 4433 583 4516 (iii.)
612 4431 708 4511 Quod
719 4433 866 4518 influxus
878 4433 1049 4497 continuus
1066 4433 1140 4497 site
1154 4432 1274 4496 ntuudo
1287 4431 1435 4513 spiritu·

309 4526 404 4592 aliia
424 4527 734 4610 naturalem-Qui
751 4549 819 4592 non
834 4531 898 4592 scit
913 4529 1001 4611 quod
1017 4531 1161 4591 mundus
1176 4527 1358 4611 spiritualis
1372 4529 1435 4602 sit,

308 4633 345 4686 et
364 4623 421 4685 ille
439 4621 621 4686 distinctus
637 4645 656 4687 a
676 4625 803 4687 mundo
820 4625 966 4687 naturali
984 4627 1069 4687 sicut
1088 4626 1177 4705 prius
1194 4635 1229 4687 et
1246 4623 1434 4705 posterius,
