3426 5382
501 669 551 720 DE
575 667 712 718 ulvnm
736 665 1090 718 novissmam—N.
1115 669 1182 736 107.
1359 655 1403 737 69

279 841 411 906 tionum
426 838 586 924 jucundis
605 858 766 904 unacum
789 837 1060 922 cogitationibus
1083 861 1170 926 quae
1188 839 1318 906 iaciunt
1337 862 1400 905 ex·

277 948 413 1004 ternum
447 937 528 1020 ejus.
573 937 722 1001 Amores
755 947 835 1001 sunt
869 935 1091 1019 multiplices,
1125 936 1187 1002 sed
1219 937 1289 1003 bini
1321 947 1401 1003 sunt

278 1034 415 1098 illorum
445 1035 534 1098 sicut
566 1034 695 1098 domini
725 1040 761 1097 et
790 1053 902 1116 reges,
923 1052 1020 1097 amor
1048 1033 1208 1097 caelestis
1238 1043 1275 1098 et
1305 1053 1402 1097 amor

277 1129 461 1194 infernalis.
506 1129 618 1193 Amor
633 1128 795 1193 caelestis
817 1138 871 1193 est
888 1148 985 1192 amor
1000 1129 1035 1192 in
1058 1128 1244 1192 Dominum
1264 1140 1299 1192 et
1319 1147 1403 1211 erga

278 1227 486 1311 proximum,
516 1237 552 1291 et
583 1247 680 1290 amor
709 1225 883 1290 infernalis
912 1234 967 1290 est
997 1245 1094 1289 amor
1123 1226 1174 1289 sui
1207 1235 1243 1290 et
1273 1227 1400 1289 mundi.

279 1320 326 1386 Hi
356 1333 393 1387 et
419 1322 468 1386 illi
494 1342 630 1386 amores
655 1330 735 1385 sunt
762 1322 826 1385 sibi
855 1323 1007 1405 oppositi
1038 1323 1127 1385 sicut
1157 1332 1237 1386 sunt
1267 1322 1400 1384 caelum

276 1426 314 1481 et
340 1418 528 1496 infernum,
559 1438 638 1480 nam
664 1419 720 1501 qui
747 1417 782 1481 in
806 1438 924 1481 amore
948 1417 999 1481 sui
1023 1427 1059 1482 et
1090 1417 1206 1481 mundi
1238 1427 1304 1492 est,
1332 1437 1400 1481 non

277 1511 352 1577 vult
375 1513 476 1577 alicui
499 1514 627 1577 bonum
651 1534 753 1596 quam
773 1513 857 1593 sibi;
889 1523 925 1577 at
945 1513 1001 1596 qui
1024 1513 1057 1576 in
1082 1533 1198 1577 amore
1220 1513 1255 1577 in
1280 1512 1399 1575 Domi·

277 1627 358 1671 num
379 1617 415 1673 et
438 1608 473 1672 in
496 1628 612 1672 amore
635 1628 717 1690 erga
743 1609 940 1690 proximum
965 1617 1031 1685 est,
1056 1607 1115 1672 ille
1139 1606 1214 1672 vult
1242 1608 1400 1671 omnibus

277 1702 416 1767 bonum.
464 1703 511 1766 Hi
534 1703 604 1768 bini
627 1723 763 1767 amores
787 1713 867 1767 sunt
890 1723 1026 1768 amores
1044 1705 1138 1768 vitae
1160 1703 1318 1779 hominis,
1339 1703 1400 1767 sed

277 1817 354 1862 cum
389 1799 499 1864 multa
527 1799 707 1863 varietate.
751 1798 864 1862 Amor
896 1799 1058 1864 caelestis
1091 1809 1145 1864 est
1177 1819 1275 1863 amor
1307 1799 1400 1863 vitae

276 1896 412 1961 illorum
431 1918 517 1981 quos
537 1897 706 1961 Dominus
725 1896 832 1973 ducit,
856 1907 892 1962 et
915 1917 1012 1962 amor
1034 1897 1208 1962 infernalis
1226 1906 1281 1961 est
1304 1915 1401 1961 amor

276 1991 370 2058 vitae
393 1992 542 2070 illorum,
560 2012 648 2076 quos
671 1991 830 2056 diabolus
853 1992 958 2057 ducit.
1005 2005 1063 2070 [2.]
1098 1991 1165 2057 Sed
1189 2013 1286 2057 amor
1307 1993 1400 2058 vitae

276 2086 425 2171 cujusvis
447 2108 516 2152 non
539 2095 658 2172 potest
680 2086 752 2150 dari
776 2087 906 2172 absque
927 2087 1209 2165 derivationibus,
1227 2110 1314 2172 quae
1336 2110 1400 2152 νο·

276 2192 400 2249 cantur
429 2181 638 2248 affectiones.
684 2180 928 2248 Derivationes
957 2183 1083 2247 amoris
1116 2184 1289 2249 infernalis
1319 2193 1400 2250 sunt

277 2276 475 2344 affectiones
493 2278 574 2342 mali
592 2285 630 2343 et
648 2276 737 2356 salsi,
754 2281 889 2363 proprie
906 2280 1208 2362 concupiscentiae
1223 2301 1231 2359 ;
1255 2289 1291 2344 et
1310 2281 1400 2345 deri·

276 2376 435 2440 vationes
451 2373 577 2439 amoris
593 2373 755 2439 caelestis
770 2385 851 2440 sunt
867 2372 1065 2439 affectiones
1081 2375 1163 2440 boni
1178 2386 1215 2440 et
1227 2377 1309 2451 veri,
1321 2396 1400 2459 pro·

277 2467 575 2555 priedilcttiones.
606 2468 819 2536 Affectiones
831 2471 957 2534 amoris
968 2470 1154 2546 infernalis,
1165 2491 1253 2554 quae
1266 2473 1400 2554 proprie

276 2575 356 2632 sunt
381 2565 695 2650 concupiscentiae,
721 2577 803 2630 sunt
829 2567 977 2631 totidem
1003 2575 1087 2649 quot
1113 2566 1215 2642 mala,
1235 2576 1272 2631 et
1298 2566 1400 2631 affec·

276 2665 391 2729 tiones
406 2661 533 2726 amoris
548 2661 722 2736 caelestis,
735 2681 822 2744 quae
838 2662 973 2745 proprie
991 2670 1071 2726 sunt
1088 2659 1302 2738 dilectiones,
1319 2671 1400 2727 sunt

275 2759 426 2825 totidem
452 2765 537 2843 quot
563 2756 665 2821 bona.
710 2755 822 2822 Amor
847 2758 881 2822 in
908 2756 977 2820 suis
1003 2754 1239 2821 affectionibus
1265 2757 1401 2824 habitat

275 2855 366 2920 sicut
385 2855 544 2918 dominus
558 2852 594 2915 in
610 2873 672 2915 suo
687 2853 851 2928 dominio,
871 2862 930 2917 aut
944 2853 1033 2917 sicut
1049 2874 1111 2916 rex
1130 2854 1165 2917 in
1183 2873 1246 2917 suo
1269 2873 1399 2937 regno:

275 2951 465 3015 dominium
484 2958 521 3014 et
538 2967 683 3031 regnum
700 2969 816 3012 eorum
836 2961 890 3012 est
908 2969 1009 3032 super
1024 2947 1083 3012 illa
1101 2970 1188 3033 quae
1207 2961 1287 3015 sunt
1303 2970 1401 3014 men·

275 3047 333 3124 tis,
350 3045 416 3110 hoc
436 3055 502 3120 est,
517 3065 605 3128 quae
621 3055 704 3107 sunt
719 3043 909 3108 voluntatis
924 3053 960 3108 et
977 3041 1173 3108 intellectus
1188 3045 1348 3121 hominis,
1365 3054 1402 3111 et

275 3141 356 3206 inde
375 3139 537 3223 corporis.
581 3138 693 3203 Amor
708 3140 800 3203 vitae
816 3139 964 3203 hominis
980 3159 1041 3222 per
1056 3159 1136 3202 suas
1151 3137 1349 3206 affectiones
1364 3151 1402 3208 et

275 3237 356 3301 inde
375 3235 628 3320 perceptiones,
645 3255 685 3298 ac
702 3253 763 3317 per
778 3255 839 3298 sua
852 3233 1003 3317 jucunda
1020 3242 1056 3298 et
1071 3234 1150 3299 inde
1169 3237 1403 3317 cogitationes

275 3333 367 3416 regit
394 3341 508 3397 totum
533 3329 729 3409 hominem;
764 3330 936 3394 internum
964 3330 1089 3394 mentis
1115 3329 1186 3413 ejus
1213 3352 1274 3414 per
1299 3331 1401 3397 affec·

277 3429 391 3494 tiones
410 3437 447 3494 et
471 3427 552 3492 inde
574 3427 829 3510 perceptiones,
846 3435 882 3490 et
906 3434 1091 3490 externum
1117 3426 1245 3490 mentis
1270 3447 1330 3509 per
1346 3427 1402 3510 ju·

276 3526 390 3589 cunda
408 3520 625 3588 affectionum
641 3531 678 3587 et
693 3522 774 3586 inde
789 3521 1033 3604 cogitationes.

341 3633 437 3704 107.
467 3617 594 3683 Forma
622 3616 722 3700 hujus
751 3616 926 3700 regiminis
956 3625 1075 3700 potest
1101 3616 1319 3701 aliquatenus
1342 3641 1403 3703 per

277 3715 556 3798 comparationes
578 3714 697 3778 videri.
741 3713 854 3777 Amor
879 3712 1042 3777 caelestis
1064 3733 1142 3777 cum
1166 3711 1403 3780 affectionibus

276 3810 358 3876 boni
375 3820 411 3874 et
427 3811 508 3884 veri,
525 3820 561 3874 et
578 3810 658 3874 inde
674 3808 964 3893 perceptionibus,
985 3817 1021 3873 et
1037 3808 1138 3873 simul
1155 3829 1232 3873 cum
1244 3809 1403 3893 jucundis

276 3903 495 3971 affectionum
511 3905 647 3969 illarum
663 3913 699 3969 et
717 3905 798 3968 inde
817 3903 1099 3986 cogitationibus,
1117 3908 1307 3988 comparari
1323 3917 1403 3990 pot·

276 4011 332 4066 est
347 4001 460 4066 arbori
479 4001 605 4084 insigni
623 4001 737 4075 ramis,
754 3998 844 4063 soliis
859 4008 895 4064 et
909 3996 1095 4064 fructibus:
1120 4021 1217 4065 amor
1234 4003 1329 4067 vitae
1345 4013 1402 4070 est

275 4098 379 4162 arbor
402 4096 473 4171 illa,
492 4097 578 4160 rami
606 4115 684 4160 cum
711 4094 800 4160 soliis
827 4105 907 4160 sunt
936 4093 1134 4160 affectiones
1161 4096 1242 4161 boni
1269 4106 1306 4163 et
1331 4099 1403 4165 veri

276 4213 355 4260 cum
375 4191 509 4256 illarum
529 4191 820 4275 perceptionibus,
837 4212 877 4255 ac
895 4189 1021 4256 fructus
1040 4201 1120 4256 sunt
1132 4191 1285 4274 jucunda
1300 4194 1402 4260 affec·

275 4290 411 4354 tionum
437 4307 515 4352 cum
540 4287 677 4352 illorum
704 4286 985 4370 cogitationibus.
1031 4287 1083 4351 At
1106 4308 1203 4353 amor
1228 4289 1404 4357 infernalis

276 4402 354 4449 cum
378 4381 449 4466 ejus
472 4379 708 4448 affcffionibus
731 4382 813 4448 mali
833 4391 870 4447 et
892 4382 979 4460 salsi,
1005 4403 1092 4467 quae
1116 4393 1196 4449 sunt
1221 4387 1403 4470 concupis·

275 4479 421 4554 centiae,
438 4488 475 4543 et
494 4478 594 4543 simul
613 4497 691 4543 curn
708 4477 868 4562 jucundis
890 4480 1246 4562 concupiscentiarum
1268 4481 1403 4548 illarum

275 4584 313 4640 et
334 4575 416 4638 inde
440 4573 721 4657 cogitationibus,
743 4575 934 4657 comparari
961 4583 1080 4658 potest
1103 4596 1248 4641 araneae
1273 4587 1308 4641 et
1331 4577 1404 4661 ejus

275 4668 370 4736 telae
387 4671 658 4736 circumtextae:
683 4671 756 4754 ipse
772 4691 868 4734 amor
883 4681 937 4736 est
949 4691 1085 4749 aranea,
1103 4673 1404 4755 concupiscentiae
