3418 5370
324 661 389 725 302
674 658 877 708 SAPIENTIA
900 658 1098 710 ANGELICA

323 851 392 894 non
406 841 585 896 momento
603 831 796 913 inspiratur,
808 831 869 896 sed
888 831 1052 896 formatur
1069 832 1273 909 successive,
1288 843 1323 900 et
1342 834 1449 900 refor-

322 939 438 992 matur
460 931 548 992 sicut
579 928 684 992 homo
715 929 802 1011 fugit
826 929 917 993 mala
940 940 977 993 ut
1000 941 1166 1014 peccata;
1194 933 1336 1013 proinde
1359 933 1449 999 sicut

321 1027 419 1090 novit
438 1027 518 1110 quid
535 1037 728 1110 peccatum,
747 1048 787 1091 ac
807 1029 988 1110 cognoscit
1008 1038 1043 1092 et
1062 1031 1221 1110 agnoscit
1240 1030 1286 1105 id,
1306 1040 1342 1093 et
1359 1031 1449 1096 sicut

322 1145 392 1190 non
408 1126 481 1188 vult
496 1125 591 1200 illud,
605 1135 641 1189 et
656 1125 737 1190 inde
753 1127 891 1190 desistit
910 1126 955 1189 ab
967 1125 1048 1204 illo;
1068 1137 1104 1190 et
1122 1127 1210 1191 sicut
1227 1128 1326 1192 novit
1342 1129 1449 1193 etiam

319 1223 382 1286 illa
397 1224 520 1298 media,
535 1244 621 1307 quae
638 1244 674 1287 se
687 1224 838 1289 referunt
853 1225 897 1288 ad
914 1225 1148 1306 cognitionem
1165 1224 1241 1288 Dei.
1287 1225 1350 1289 Per
1362 1226 1448 1292 haec

319 1331 358 1385 et
377 1320 436 1384 illa
451 1321 618 1385 formatur
638 1331 675 1386 et
698 1322 901 1386 reformatur
919 1323 991 1387 vita
1013 1321 1171 1398 hominis,
1188 1343 1275 1407 quae
1291 1344 1360 1388 non
1380 1344 1449 1388 uno

320 1429 501 1483 memento
523 1429 668 1502 possunt
687 1419 841 1500 infundi;
864 1420 1111 1484 removendum
1131 1420 1222 1484 enim
1242 1430 1296 1485 est
1320 1421 1449 1486 malum

321 1518 578 1594 hereditarium,
602 1518 694 1600 quod
721 1519 816 1582 inse
843 1527 899 1583 est
921 1517 1098 1593 infernale,
1122 1527 1159 1582 et
1182 1517 1261 1582 loco
1290 1518 1361 1601 ejus
1384 1520 1447 1582 im·

321 1615 552 1697 plantandum
575 1625 629 1679 est
650 1616 790 1692 bonum,
811 1616 903 1698 quod
926 1617 960 1679 in
980 1636 1016 1679 se
1033 1616 1098 1700 erit
1121 1615 1286 1680 caeleste.
1332 1617 1450 1681 Homo

319 1734 367 1777 ex
392 1712 484 1777 malo
507 1733 568 1777 suo
597 1713 807 1777 hereditario
830 1715 1020 1797 comparari
1047 1723 1165 1795 potest
1188 1713 1316 1778 buboni
1336 1715 1449 1799 quoad

319 1809 547 1886 intellectum,
572 1821 609 1875 et
631 1813 785 1894 serpenti
808 1813 921 1894 quoad
943 1811 1185 1889 voluntatem;
1208 1822 1244 1876 et
1268 1811 1373 1875 homo
1396 1833 1450 1876 re·

318 1909 489 1973 formatus
511 1920 628 1992 potest
656 1911 847 1992 comparari
873 1908 1055 1973 columbae
1087 1910 1200 1992 quoad
1223 1906 1449 1986 intellectum,

318 2017 358 2070 et
382 2008 438 2069 ovi
459 2007 572 2089 quoad
595 2006 835 2070 voluntatem:
859 2027 964 2090 quare
983 2017 1230 2070 momentanea
1252 2006 1451 2071 reformatio

319 2115 358 2168 et
375 2104 453 2167 inde
473 2104 622 2168 salvatio
640 2103 729 2168 foret
748 2107 982 2185 comparative
1001 2105 1089 2168 sicut
1109 2115 1353 2168 momentanea
1365 2125 1450 2169 con·

319 2203 433 2265 versio
451 2201 597 2264 bubonis
621 2202 655 2264 in
678 2201 885 2276 columbam,
903 2221 942 2266 ac
961 2203 1133 2285 serpentis
1149 2203 1184 2266 in
1207 2222 1319 2266 ovem.
1364 2199 1451 2284 Quis

321 2319 391 2363 non
408 2301 515 2373 videt,
536 2300 592 2382 qui
614 2299 680 2363 scit
699 2299 827 2382 aliquid
851 2300 894 2364 de
913 2301 986 2363 vita
1008 2301 1166 2375 hominis,
1183 2300 1275 2382 quod
1295 2301 1360 2363 hoc
1380 2318 1450 2363 non

318 2397 434 2472 detur,
472 2398 535 2461 nisi
568 2397 716 2461 bubonis
749 2407 785 2461 et
827 2399 999 2480 serpentis
1037 2408 1161 2461 natura
1196 2397 1375 2471 auferatur,
1412 2407 1450 2462 et

318 2495 503 2560 columbae
519 2505 555 2560 et
571 2497 646 2559 ovis
664 2506 787 2559 natura
803 2495 1053 2578 implantetur?
1098 2501 1170 2563 [Ιο.]
1201 2494 1331 2559 Notum
1343 2495 1449 2559 etiam

318 2605 388 2668 est,
412 2595 504 2678 quod
527 2595 639 2658 omnis
662 2593 861 2675 intelligens
898 2595 1006 2676 possit
1033 2594 1285 2675 intelligentior
1308 2591 1390 2669 fieri,
1414 2603 1451 2658 et

318 2692 433 2756 omnis
450 2694 586 2774 sapiens
602 2693 801 2773 sapientior,
818 2702 854 2757 et
870 2693 961 2776 quod
978 2691 1209 2773 intelligentia
1228 2701 1264 2755 et
1282 2692 1452 2774 sapientia

318 2789 413 2872 apud
431 2789 607 2853 hominem
627 2790 738 2873 possit
758 2810 926 2866 crescere,
946 2799 983 2854 et
1001 2789 1092 2871 apud
1116 2790 1283 2873 quosdam
1303 2798 1449 2865 crescat,

318 2887 367 2951 ab
388 2886 533 2950 infantia
555 2907 661 2970 usque
684 2887 729 2950 ad
752 2886 855 2952 finem
878 2889 972 2952 vitae
994 2886 1077 2969 ejus,
1102 2897 1138 2952 et
1161 2887 1253 2969 quod
1276 2886 1382 2951 homo
1401 2888 1450 2952 sic

318 2985 486 3050 continue
504 2982 710 3066 perficiatur.
756 2982 848 3067 Quid
872 3005 942 3050 non
961 2985 1037 3068 plus
1057 2983 1290 3067 intelligentia
1309 2994 1344 3049 et
1359 2985 1450 3068 sapi·

318 3085 414 3148 entia
433 3082 641 3165 spiritualis?
686 3081 784 3146 Haec
801 3104 862 3166 per
878 3085 965 3147 duos
981 3083 1109 3166 gradus
1128 3103 1230 3166 supra
1249 3083 1449 3165 intelligen-

318 3182 405 3245 tiam
426 3190 462 3244 et
485 3181 692 3262 sapientiam
714 3181 907 3245 naturalem
931 3182 1099 3256 ascendit,
1120 3191 1156 3245 et
1180 3201 1257 3245 cum
1280 3181 1450 3256 ascendit,

319 3277 359 3344 fit
375 3278 544 3362 angelica,
561 3289 719 3362 quaeest
736 3278 928 3343 ineffabilis.
973 3276 1077 3361 Quod
1095 3279 1181 3343 haec
1198 3279 1288 3362 apud
1305 3277 1451 3361 angelos

318 3387 455 3442 crescat
479 3378 513 3441 in
532 3385 699 3452 aeterum,
719 3375 969 3462 supradictum
988 3387 1052 3441 est.
1098 3375 1183 3458 Quis
1202 3396 1271 3439 non
1291 3395 1450 3457 compre·

318 3473 472 3538 hendere
489 3484 621 3558 potest,
636 3475 665 3538 si
680 3475 766 3551 vult,
781 3476 872 3557 quod
890 3473 1100 3558 impossibile
1117 3475 1172 3549 sit,
1190 3473 1282 3556 quod
1297 3473 1344 3549 id,
1357 3473 1450 3557 quod

318 3571 494 3656 perficitur
517 3574 551 3636 in
570 3584 762 3648 aeternum,
783 3575 829 3637 sit
848 3571 1035 3655 perfedtum
1053 3573 1087 3635 in
1112 3570 1280 3637 instanti?

382 3684 485 3753 339.
516 3670 573 3734 Ex
593 3671 645 3734 his
664 3691 754 3735 nunc
774 3681 883 3755 patet,
903 3671 995 3754 quod
1012 3690 1132 3735 omnes
1152 3673 1208 3755 qui
1225 3671 1385 3753 cogitant
1404 3688 1450 3734 ex

317 3768 394 3832 vita
412 3768 455 3832 de
475 3767 681 3846 salvatione,
701 3790 770 3833 non
787 3771 947 3852 cogitent
965 3770 1008 3832 de
1029 3769 1144 3851 aliqua
1163 3768 1358 3832 salvatione
1374 3786 1451 3831 mo·

320 3876 508 3931 mentanea
519 3889 565 3931 ex
576 3869 778 3932 immediata
791 3868 1033 3942 misericordia,
1047 3866 1108 3930 sed
1124 3865 1167 3929 de
1181 3866 1302 3929 mediis
1316 3862 1449 3939 salutis,

318 3965 354 4028 in
371 3985 458 4048 quae
474 3974 510 4029 et
523 3985 584 4048 per
599 3985 686 4049 quae
704 3967 871 4031 Dominus
884 3965 1072 4028 secundum
1089 3963 1185 4046 leges
1206 3962 1351 4026 Divinae
1368 3980 1450 4026 suae

321 4061 564 4128 Providentiae
590 4074 763 4145 operatur,
788 4066 838 4128 ita
861 4084 922 4147 per
944 4082 1032 4146 quae
1055 4061 1161 4125 homo
1184 4082 1204 4125 a
1227 4061 1380 4125 Domino
1403 4079 1449 4123 ex

318 4180 404 4244 pura
427 4162 661 4227 misericordia
685 4163 830 4227 ducitur.
876 4163 927 4226 At
958 4160 1019 4235 illi,
1044 4161 1100 4243 qui
1124 4180 1193 4224 non
1219 4159 1380 4242 cogitant
1403 4177 1449 4222 ex

318 4259 392 4320 vita
411 4258 453 4321 de
470 4258 595 4333 salute,
610 4269 742 4342 ponunt
759 4268 1039 4323 momentaneum
1056 4258 1089 4321 in
1107 4256 1311 4330 salvatione,
1327 4275 1367 4318 ac
1385 4254 1449 4318 im-

320 4355 509 4418 mediatum
540 4357 573 4417 in
605 4357 859 4434 misericordia;
890 4365 928 4419 ut
954 4354 1084 4419 faciunt
1114 4352 1163 4417 illi
1193 4353 1250 4436 qui
1284 4358 1449 4433 separant

317 4449 423 4513 fidem
453 4471 473 4512 a
495 4450 679 4526 charitate,
706 4450 873 4532 (charitas
897 4460 951 4514 est
975 4447 1075 4532 vita.)
1101 4458 1136 4512 et
1164 4456 1449 4511 momentaneum

318 4543 397 4606 fidei
422 4555 565 4626 ponunt,
583 4554 619 4608 et
639 4547 666 4608 si
687 4566 754 4609 non
772 4548 873 4628 prius,
892 4547 982 4609 circa
1002 4545 1159 4608 ultimam
1179 4543 1301 4606 mortis
1316 4541 1448 4604 horam.

319 4639 368 4702 Et
393 4640 457 4702 hoc
482 4661 617 4723 quoque
642 4641 770 4704 faciunt
795 4643 856 4716 illi,
881 4643 937 4724 qui
962 4641 1200 4704 remissionem
1225 4644 1450 4720 peccatorum
