<?xml version="1.0" encoding="UTF-8"?>
<!DOCTYPE html PUBLIC "-//W3C//DTD XHTML 1.0 Transitional//EN"
    "http://www.w3.org/TR/xhtml1/DTD/xhtml1-transitional.dtd">
<html xmlns="http://www.w3.org/1999/xhtml" xml:lang="en" lang="en">
 <head>
  <title>
</title>
<meta http-equiv="Content-Type" content="text/html;charset=utf-8" />
  <meta name='ocr-system' content='tesseract 3.04.00' />
  <meta name='ocr-capabilities' content='ocr_page ocr_carea ocr_par ocr_line ocrx_word'/>
</head>
<body>
  <div class='ocr_page' id='page_1' title='image "./sapientaangelic01swedgoog_0165.png"; bbox 0 0 3268 5380; ppageno 0'>
   <div class='ocr_carea' id='block_1_1' title="bbox 366 684 1133 768">
    <p class='ocr_par' dir='ltr' id='par_1_1' title="bbox 366 684 1133 768">
     <span class='ocr_line' id='line_1_1' title="bbox 366 684 1133 768; baseline 0 -32"><span class='ocrx_word' id='word_1_1' title='bbox 366 687 424 754; x_wconf 75' lang='lat'>150</span> <span class='ocrx_word' id='word_1_2' title='bbox 714 684 916 768; x_wconf 69' lang='lat' dir='ltr'>saP1ENT1A</span> <span class='ocrx_word' id='word_1_3' title='bbox 939 685 1133 736; x_wconf 76' lang='lat' dir='ltr'>ANGELICA</span> 
     </span>
    </p>
   </div>
   <div class='ocr_carea' id='block_1_2' title="bbox 351 854 1477 4338">
    <p class='ocr_par' dir='ltr' id='par_1_2' title="bbox 355 854 1477 2082">
     <span class='ocr_line' id='line_1_2' title="bbox 360 854 1477 937; baseline -0.003 -16"><span class='ocrx_word' id='word_1_4' title='bbox 360 858 569 921; x_wconf 83' lang='lat' dir='ltr'>cadaverosa</span> <span class='ocrx_word' id='word_1_5' title='bbox 587 875 625 918; x_wconf 92' lang='lat' dir='ltr'>ac</span> <span class='ocrx_word' id='word_1_6' title='bbox 646 855 764 937; x_wconf 91' lang='lat' dir='ltr'>putida</span> <span class='ocrx_word' id='word_1_7' title='bbox 780 873 856 918; x_wconf 90' lang='lat' dir='ltr'>cum</span> <span class='ocrx_word' id='word_1_8' title='bbox 874 855 987 918; x_wconf 92' lang='lat' dir='ltr'>noxiis</span> <span class='ocrx_word' id='word_1_9' title='bbox 1002 863 1036 918; x_wconf 84' lang='lat' dir='ltr'>et</span> <span class='ocrx_word' id='word_1_10' title='bbox 1055 854 1230 920; x_wconf 87' lang='lat' dir='ltr'>inutilibus</span> <span class='ocrx_word' id='word_1_11' title='bbox 1248 854 1315 918; x_wconf 90' lang='lat' dir='ltr'>illis</span> <span class='ocrx_word' id='word_1_12' title='bbox 1334 855 1477 918; x_wconf 90' lang='lat' dir='ltr'>animal·</span> 
     </span>
     <span class='ocr_line' id='line_1_3' title="bbox 358 949 1476 1032; baseline -0.001 -18"><span class='ocrx_word' id='word_1_13' title='bbox 358 951 442 1014; x_wconf 92' lang='lat' dir='ltr'>culis</span> <span class='ocrx_word' id='word_1_14' title='bbox 462 951 684 1024; x_wconf 80' lang='lat' dir='ltr'>concordent,</span> <span class='ocrx_word' id='word_1_15' title='bbox 705 960 741 1013; x_wconf 94' lang='lat' dir='ltr'>et</span> <span class='ocrx_word' id='word_1_16' title='bbox 760 950 852 1032; x_wconf 93' lang='lat' dir='ltr'>quod</span> <span class='ocrx_word' id='word_1_17' title='bbox 869 949 1086 1032; x_wconf 88' lang='lat' dir='ltr'>homogenea</span> <span class='ocrx_word' id='word_1_18' title='bbox 1105 951 1186 1025; x_wconf 90' lang='lat' dir='ltr'>sint,</span> <span class='ocrx_word' id='word_1_19' title='bbox 1204 971 1223 1012; x_wconf 91' lang='lat' dir='ltr'>a</span> <span class='ocrx_word' id='word_1_20' title='bbox 1246 950 1321 1013; x_wconf 91' lang='lat' dir='ltr'>sola</span> <span class='ocrx_word' id='word_1_21' title='bbox 1340 951 1476 1031; x_wconf 90' lang='lat' dir='ltr'>experi-</span> 
     </span>
     <span class='ocr_line' id='line_1_4' title="bbox 358 1044 1477 1129; baseline -0.001 -19"><span class='ocrx_word' id='word_1_22' title='bbox 358 1049 449 1110; x_wconf 83' lang='lat' dir='ltr'>entia</span> <span class='ocrx_word' id='word_1_23' title='bbox 463 1056 572 1128; x_wconf 89' lang='lat' dir='ltr'>patet,</span> <span class='ocrx_word' id='word_1_24' title='bbox 586 1046 677 1128; x_wconf 81' lang='lat' dir='ltr'>quod</span> <span class='ocrx_word' id='word_1_25' title='bbox 691 1044 869 1108; x_wconf 80' lang='lat' dir='ltr'>manifeste</span> <span class='ocrx_word' id='word_1_26' title='bbox 886 1066 930 1107; x_wconf 91' lang='lat' dir='ltr'>ex</span> <span class='ocrx_word' id='word_1_27' title='bbox 948 1065 1049 1108; x_wconf 89' lang='lat' dir='ltr'>causa</span> <span class='ocrx_word' id='word_1_28' title='bbox 1062 1046 1169 1109; x_wconf 91' lang='lat' dir='ltr'>videri</span> <span class='ocrx_word' id='word_1_29' title='bbox 1181 1054 1308 1126; x_wconf 88' lang='lat' dir='ltr'>potest,</span> <span class='ocrx_word' id='word_1_30' title='bbox 1323 1067 1410 1129; x_wconf 93' lang='lat' dir='ltr'>quae</span> <span class='ocrx_word' id='word_1_31' title='bbox 1424 1055 1477 1110; x_wconf 90' lang='lat' dir='ltr'>est</span> 
     </span>
     <span class='ocr_line' id='line_1_5' title="bbox 357 1141 1475 1226; baseline 0 -20"><span class='ocrx_word' id='word_1_32' title='bbox 357 1143 448 1226; x_wconf 90' lang='lat' dir='ltr'>quod</span> <span class='ocrx_word' id='word_1_33' title='bbox 461 1143 589 1206; x_wconf 87' lang='lat' dir='ltr'>similes</span> <span class='ocrx_word' id='word_1_34' title='bbox 602 1151 741 1223; x_wconf 90' lang='lat' dir='ltr'>putores</span> <span class='ocrx_word' id='word_1_35' title='bbox 753 1152 788 1204; x_wconf 94' lang='lat' dir='ltr'>et</span> <span class='ocrx_word' id='word_1_36' title='bbox 802 1141 938 1204; x_wconf 89' lang='lat' dir='ltr'>nidores</span> <span class='ocrx_word' id='word_1_37' title='bbox 951 1141 1061 1204; x_wconf 87' lang='lat' dir='ltr'>sintin</span> <span class='ocrx_word' id='word_1_38' title='bbox 1074 1142 1222 1215; x_wconf 81' lang='lat' dir='ltr'>infernis,</span> <span class='ocrx_word' id='word_1_39' title='bbox 1238 1142 1292 1204; x_wconf 89' lang='lat' dir='ltr'>ubi</span> <span class='ocrx_word' id='word_1_40' title='bbox 1307 1142 1391 1206; x_wconf 89' lang='lat' dir='ltr'>talia</span> <span class='ocrx_word' id='word_1_41' title='bbox 1404 1144 1475 1206; x_wconf 89' lang='lat' dir='ltr'>ani-</span> 
     </span>
     <span class='ocr_line' id='line_1_6' title="bbox 357 1236 1475 1319; baseline 0 -19"><span class='ocrx_word' id='word_1_42' title='bbox 357 1238 505 1301; x_wconf 90' lang='lat' dir='ltr'>malcula</span> <span class='ocrx_word' id='word_1_43' title='bbox 524 1239 627 1301; x_wconf 90' lang='lat' dir='ltr'>etiam</span> <span class='ocrx_word' id='word_1_44' title='bbox 647 1246 836 1319; x_wconf 89' lang='lat' dir='ltr'>apparent;</span> <span class='ocrx_word' id='word_1_45' title='bbox 860 1256 962 1318; x_wconf 89' lang='lat' dir='ltr'>quare</span> <span class='ocrx_word' id='word_1_46' title='bbox 979 1236 1108 1299; x_wconf 79' lang='lat' dir='ltr'>inferna</span> <span class='ocrx_word' id='word_1_47' title='bbox 1126 1236 1184 1300; x_wconf 92' lang='lat' dir='ltr'>illa</span> <span class='ocrx_word' id='word_1_48' title='bbox 1203 1236 1282 1299; x_wconf 88' lang='lat' dir='ltr'>inde</span> <span class='ocrx_word' id='word_1_49' title='bbox 1294 1238 1475 1300; x_wconf 89' lang='lat' dir='ltr'>nominan-</span> 
     </span>
     <span class='ocr_line' id='line_1_7' title="bbox 357 1331 1474 1414; baseline 0 -18"><span class='ocrx_word' id='word_1_50' title='bbox 357 1342 422 1406; x_wconf 87' lang='lat' dir='ltr'>tur,</span> <span class='ocrx_word' id='word_1_51' title='bbox 443 1344 478 1395; x_wconf 90' lang='lat' dir='ltr'>et</span> <span class='ocrx_word' id='word_1_52' title='bbox 494 1333 661 1414; x_wconf 87' lang='lat' dir='ltr'>quaedam</span> <span class='ocrx_word' id='word_1_53' title='bbox 681 1341 854 1394; x_wconf 84' lang='lat' dir='ltr'>vocantur</span> <span class='ocrx_word' id='word_1_54' title='bbox 868 1331 1087 1406; x_wconf 85' lang='lat' dir='ltr'>cadaverosa,</span> <span class='ocrx_word' id='word_1_55' title='bbox 1105 1331 1271 1413; x_wconf 88' lang='lat' dir='ltr'>quaedam</span> <span class='ocrx_word' id='word_1_56' title='bbox 1290 1340 1474 1408; x_wconf 91' lang='lat' dir='ltr'>stercorea,</span> 
     </span>
     <span class='ocr_line' id='line_1_8' title="bbox 357 1425 1474 1509; baseline 0.002 -20"><span class='ocrx_word' id='word_1_57' title='bbox 357 1428 523 1509; x_wconf 90' lang='lat' dir='ltr'>quaedam</span> <span class='ocrx_word' id='word_1_58' title='bbox 544 1429 689 1502; x_wconf 80' lang='lat' dir='ltr'>urInosa,</span> <span class='ocrx_word' id='word_1_59' title='bbox 710 1427 812 1490; x_wconf 88' lang='lat' dir='ltr'>etsie</span> <span class='ocrx_word' id='word_1_60' title='bbox 833 1445 955 1508; x_wconf 91' lang='lat' dir='ltr'>porr0;</span> <span class='ocrx_word' id='word_1_61' title='bbox 979 1427 1040 1489; x_wconf 89' lang='lat' dir='ltr'>sed</span> <span class='ocrx_word' id='word_1_62' title='bbox 1060 1437 1138 1489; x_wconf 89' lang='lat' dir='ltr'>sunt</span> <span class='ocrx_word' id='word_1_63' title='bbox 1159 1427 1218 1489; x_wconf 87' lang='lat' dir='ltr'>illa</span> <span class='ocrx_word' id='word_1_64' title='bbox 1238 1428 1351 1490; x_wconf 90' lang='lat' dir='ltr'>omnia</span> <span class='ocrx_word' id='word_1_65' title='bbox 1371 1425 1474 1504; x_wconf 69' lang='lat' dir='ltr'>tecta,</span> 
     </span>
     <span class='ocr_line' id='line_1_9' title="bbox 356 1520 1475 1605; baseline 0.002 -23"><span class='ocrx_word' id='word_1_66' title='bbox 356 1541 397 1582; x_wconf 88' lang='lat' dir='ltr'>ne</span> <span class='ocrx_word' id='word_1_67' title='bbox 414 1522 540 1584; x_wconf 86' lang='lat' dir='ltr'>halitus</span> <span class='ocrx_word' id='word_1_68' title='bbox 556 1521 605 1583; x_wconf 94' lang='lat' dir='ltr'>illi</span> <span class='ocrx_word' id='word_1_69' title='bbox 622 1521 698 1584; x_wconf 91' lang='lat' dir='ltr'>inde</span> <span class='ocrx_word' id='word_1_70' title='bbox 715 1521 914 1602; x_wconf 88' lang='lat' dir='ltr'>exspirent;</span> <span class='ocrx_word' id='word_1_71' title='bbox 939 1541 1017 1584; x_wconf 90' lang='lat' dir='ltr'>nam</span> <span class='ocrx_word' id='word_1_72' title='bbox 1034 1521 1114 1584; x_wconf 94' lang='lat' dir='ltr'>dum</span> <span class='ocrx_word' id='word_1_73' title='bbox 1128 1520 1377 1605; x_wconf 89' lang='lat' dir='ltr'>aliquantulum</span> <span class='ocrx_word' id='word_1_74' title='bbox 1394 1541 1475 1602; x_wconf 92' lang='lat' dir='ltr'>ape·</span> 
     </span>
     <span class='ocr_line' id='line_1_10' title="bbox 355 1615 1474 1699; baseline -0.001 -21"><span class='ocrx_word' id='word_1_75' title='bbox 355 1617 496 1691; x_wconf 91' lang='lat' dir='ltr'>riuntur,</span> <span class='ocrx_word' id='word_1_76' title='bbox 521 1617 610 1698; x_wconf 91' lang='lat' dir='ltr'>quod</span> <span class='ocrx_word' id='word_1_77' title='bbox 636 1615 672 1679; x_wconf 87' lang='lat' dir='ltr'>fit</span> <span class='ocrx_word' id='word_1_78' title='bbox 704 1617 841 1699; x_wconf 92' lang='lat' dir='ltr'>quando</span> <span class='ocrx_word' id='word_1_79' title='bbox 864 1617 984 1679; x_wconf 91' lang='lat' dir='ltr'>novitii</span> <span class='ocrx_word' id='word_1_80' title='bbox 1008 1616 1135 1680; x_wconf 92' lang='lat' dir='ltr'>diaboli</span> <span class='ocrx_word' id='word_1_81' title='bbox 1158 1618 1299 1690; x_wconf 92' lang='lat' dir='ltr'>intrant,</span> <span class='ocrx_word' id='word_1_82' title='bbox 1324 1617 1474 1678; x_wconf 90' lang='lat' dir='ltr'>vomitus</span> 
     </span>
     <span class='ocr_line' id='line_1_11' title="bbox 355 1710 1473 1794; baseline 0.001 -21"><span class='ocrx_word' id='word_1_83' title='bbox 355 1713 459 1785; x_wconf 87' lang='lat' dir='ltr'>ciunt,</span> <span class='ocrx_word' id='word_1_84' title='bbox 477 1712 681 1792; x_wconf 89' lang='lat' dir='ltr'>gravedines</span> <span class='ocrx_word' id='word_1_85' title='bbox 700 1713 805 1794; x_wconf 90' lang='lat' dir='ltr'>capiti</span> <span class='ocrx_word' id='word_1_86' title='bbox 823 1712 991 1790; x_wconf 87' lang='lat' dir='ltr'>inferunt;</span> <span class='ocrx_word' id='word_1_87' title='bbox 1016 1724 1051 1774; x_wconf 92' lang='lat' dir='ltr'>et</span> <span class='ocrx_word' id='word_1_88' title='bbox 1070 1711 1128 1775; x_wconf 87' lang='lat' dir='ltr'>illa</span> <span class='ocrx_word' id='word_1_89' title='bbox 1148 1733 1234 1794; x_wconf 90' lang='lat' dir='ltr'>quae</span> <span class='ocrx_word' id='word_1_90' title='bbox 1254 1710 1352 1776; x_wconf 91' lang='lat' dir='ltr'>simul</span> <span class='ocrx_word' id='word_1_91' title='bbox 1370 1731 1473 1774; x_wconf 89' lang='lat' dir='ltr'>vene-</span> 
     </span>
     <span class='ocr_line' id='line_1_12' title="bbox 355 1806 1474 1890; baseline 0.001 -22"><span class='ocrx_word' id='word_1_92' title='bbox 355 1817 435 1868; x_wconf 88' lang='lat' dir='ltr'>nata</span> <span class='ocrx_word' id='word_1_93' title='bbox 452 1817 542 1880; x_wconf 86' lang='lat' dir='ltr'>sunt,</span> <span class='ocrx_word' id='word_1_94' title='bbox 557 1807 704 1890; x_wconf 91' lang='lat' dir='ltr'>deliquia</span> <span class='ocrx_word' id='word_1_95' title='bbox 717 1808 901 1871; x_wconf 90' lang='lat' dir='ltr'>inducunt:</span> <span class='ocrx_word' id='word_1_96' title='bbox 926 1808 998 1888; x_wconf 91' lang='lat' dir='ltr'>ipse</span> <span class='ocrx_word' id='word_1_97' title='bbox 1013 1807 1123 1889; x_wconf 91' lang='lat' dir='ltr'>pulvis</span> <span class='ocrx_word' id='word_1_98' title='bbox 1135 1809 1181 1871; x_wconf 91' lang='lat' dir='ltr'>ibi</span> <span class='ocrx_word' id='word_1_99' title='bbox 1198 1809 1302 1872; x_wconf 89' lang='lat' dir='ltr'>etiam</span> <span class='ocrx_word' id='word_1_100' title='bbox 1316 1806 1395 1870; x_wconf 88' lang='lat' dir='ltr'>talis</span> <span class='ocrx_word' id='word_1_101' title='bbox 1408 1814 1474 1880; x_wconf 92' lang='lat' dir='ltr'>est,</span> 
     </span>
     <span class='ocr_line' id='line_1_13' title="bbox 356 1899 1474 1984; baseline 0.001 -22"><span class='ocrx_word' id='word_1_102' title='bbox 356 1921 460 1982; x_wconf 90' lang='lat' dir='ltr'>quare</span> <span class='ocrx_word' id='word_1_103' title='bbox 478 1901 535 1963; x_wconf 93' lang='lat' dir='ltr'>ille</span> <span class='ocrx_word' id='word_1_104' title='bbox 554 1903 600 1964; x_wconf 90' lang='lat' dir='ltr'>ibi</span> <span class='ocrx_word' id='word_1_105' title='bbox 615 1914 759 1966; x_wconf 89' lang='lat' dir='ltr'>vocatur</span> <span class='ocrx_word' id='word_1_106' title='bbox 779 1902 888 1984; x_wconf 92' lang='lat' dir='ltr'>pulvis</span> <span class='ocrx_word' id='word_1_107' title='bbox 907 1903 1099 1966; x_wconf 90' lang='lat' dir='ltr'>damnatus.</span> <span class='ocrx_word' id='word_1_108' title='bbox 1146 1903 1231 1966; x_wconf 91' lang='lat' dir='ltr'>Inde</span> <span class='ocrx_word' id='word_1_109' title='bbox 1251 1912 1361 1983; x_wconf 89' lang='lat' dir='ltr'>patet,</span> <span class='ocrx_word' id='word_1_110' title='bbox 1382 1899 1474 1983; x_wconf 92' lang='lat' dir='ltr'>quod</span> 
     </span>
     <span class='ocr_line' id='line_1_14' title="bbox 355 1995 1477 2082; baseline 0.003 -26"><span class='ocrx_word' id='word_1_111' title='bbox 355 1996 410 2057; x_wconf 92' lang='lat' dir='ltr'>ubi</span> <span class='ocrx_word' id='word_1_112' title='bbox 426 1995 514 2058; x_wconf 90' lang='lat' dir='ltr'>tales</span> <span class='ocrx_word' id='word_1_113' title='bbox 531 2007 669 2076; x_wconf 89' lang='lat' dir='ltr'>putores</span> <span class='ocrx_word' id='word_1_114' title='bbox 682 2008 773 2072; x_wconf 90' lang='lat' dir='ltr'>sunt,</span> <span class='ocrx_word' id='word_1_115' title='bbox 789 1996 872 2060; x_wconf 90' lang='lat' dir='ltr'>talia</span> <span class='ocrx_word' id='word_1_116' title='bbox 886 1997 991 2060; x_wconf 90' lang='lat' dir='ltr'>noxia</span> <span class='ocrx_word' id='word_1_117' title='bbox 1002 1997 1082 2072; x_wconf 89' lang='lat' dir='ltr'>sint,</span> <span class='ocrx_word' id='word_1_118' title='bbox 1097 1998 1176 2082; x_wconf 88' lang='lat' dir='ltr'>quia</span> <span class='ocrx_word' id='word_1_119' title='bbox 1194 1997 1477 2077; x_wconf 88' lang='lat' dir='ltr'>correspondent.</span> 
     </span>
    </p>

    <p class='ocr_par' dir='ltr' id='par_1_3' title="bbox 351 2088 1476 4338">
     <span class='ocr_line' id='line_1_15' title="bbox 415 2088 1475 2172; baseline 0.001 -19"><span class='ocrx_word' id='word_1_120' title='bbox 415 2103 512 2172; x_wconf 77' lang='lat'>342·</span> <span class='ocrx_word' id='word_1_121' title='bbox 543 2091 631 2154; x_wconf 91' lang='lat' dir='ltr'>Num</span> <span class='ocrx_word' id='word_1_122' title='bbox 656 2092 740 2154; x_wconf 92' lang='lat' dir='ltr'>talia</span> <span class='ocrx_word' id='word_1_123' title='bbox 758 2093 910 2158; x_wconf 84' lang='lat' dir='ltr'>existant</span> <span class='ocrx_word' id='word_1_124' title='bbox 940 2112 986 2154; x_wconf 89' lang='lat' dir='ltr'>ex</span> <span class='ocrx_word' id='word_1_125' title='bbox 1015 2093 1089 2154; x_wconf 92' lang='lat' dir='ltr'>ovis</span> <span class='ocrx_word' id='word_1_126' title='bbox 1112 2091 1191 2156; x_wconf 92' lang='lat' dir='ltr'>illuc</span> <span class='ocrx_word' id='word_1_127' title='bbox 1218 2091 1396 2155; x_wconf 87' lang='lat' dir='ltr'>translatis</span> <span class='ocrx_word' id='word_1_128' title='bbox 1421 2088 1475 2154; x_wconf 89' lang='lat' dir='ltr'>vel</span> 
     </span>
     <span class='ocr_line' id='line_1_16' title="bbox 354 2183 1474 2269; baseline 0.001 -22"><span class='ocrx_word' id='word_1_129' title='bbox 354 2204 412 2265; x_wconf 92' lang='lat' dir='ltr'>per</span> <span class='ocrx_word' id='word_1_130' title='bbox 436 2205 565 2263; x_wconf 82' lang='lat' dir='ltr'>aerem,</span> <span class='ocrx_word' id='word_1_131' title='bbox 580 2183 635 2249; x_wconf 92' lang='lat' dir='ltr'>vel</span> <span class='ocrx_word' id='word_1_132' title='bbox 655 2207 715 2269; x_wconf 94' lang='lat' dir='ltr'>per</span> <span class='ocrx_word' id='word_1_133' title='bbox 733 2185 875 2268; x_wconf 88' lang='lat' dir='ltr'>pluvias,</span> <span class='ocrx_word' id='word_1_134' title='bbox 893 2187 947 2249; x_wconf 93' lang='lat' dir='ltr'>vel</span> <span class='ocrx_word' id='word_1_135' title='bbox 967 2207 1027 2268; x_wconf 89' lang='lat' dir='ltr'>per</span> <span class='ocrx_word' id='word_1_136' title='bbox 1046 2198 1179 2250; x_wconf 91' lang='lat' dir='ltr'>meatus</span> <span class='ocrx_word' id='word_1_137' title='bbox 1199 2207 1275 2251; x_wconf 90' lang='lat' dir='ltr'>cum</span> <span class='ocrx_word' id='word_1_138' title='bbox 1295 2189 1402 2269; x_wconf 89' lang='lat' dir='ltr'>aquis,</span> <span class='ocrx_word' id='word_1_139' title='bbox 1420 2185 1474 2249; x_wconf 92' lang='lat' dir='ltr'>vel</span> 
     </span>
     <span class='ocr_line' id='line_1_17' title="bbox 354 2281 1473 2364; baseline 0.003 -23"><span class='ocrx_word' id='word_1_140' title='bbox 354 2299 437 2343; x_wconf 90' lang='lat' dir='ltr'>num</span> <span class='ocrx_word' id='word_1_141' title='bbox 448 2283 604 2346; x_wconf 88' lang='lat' dir='ltr'>existant</span> <span class='ocrx_word' id='word_1_142' title='bbox 619 2302 664 2344; x_wconf 91' lang='lat' dir='ltr'>ex</span> <span class='ocrx_word' id='word_1_143' title='bbox 680 2283 761 2362; x_wconf 89' lang='lat' dir='ltr'>ipsis</span> <span class='ocrx_word' id='word_1_144' title='bbox 778 2281 973 2345; x_wconf 90' lang='lat' dir='ltr'>humoribus</span> <span class='ocrx_word' id='word_1_145' title='bbox 989 2291 1025 2345; x_wconf 91' lang='lat' dir='ltr'>et</span> <span class='ocrx_word' id='word_1_146' title='bbox 1041 2283 1217 2364; x_wconf 89' lang='lat' dir='ltr'>putoribus</span> <span class='ocrx_word' id='word_1_147' title='bbox 1234 2282 1290 2359; x_wconf 93' lang='lat' dir='ltr'>ibi,</span> <span class='ocrx_word' id='word_1_148' title='bbox 1304 2284 1368 2345; x_wconf 91' lang='lat' dir='ltr'>erit</span> <span class='ocrx_word' id='word_1_149' title='bbox 1384 2301 1473 2345; x_wconf 87' lang='lat' dir='ltr'>nunc</span> 
     </span>
     <span class='ocr_line' id='line_1_18' title="bbox 353 2375 1474 2459; baseline 0.003 -23"><span class='ocrx_word' id='word_1_150' title='bbox 353 2377 574 2456; x_wconf 88' lang='lat' dir='ltr'>quaestionis.</span> <span class='ocrx_word' id='word_1_151' title='bbox 620 2376 723 2458; x_wconf 85' lang='lat' dir='ltr'>Quod</span> <span class='ocrx_word' id='word_1_152' title='bbox 740 2376 822 2439; x_wconf 90' lang='lat' dir='ltr'>talia</span> <span class='ocrx_word' id='word_1_153' title='bbox 839 2378 944 2440; x_wconf 89' lang='lat' dir='ltr'>noxia</span> <span class='ocrx_word' id='word_1_154' title='bbox 956 2376 1162 2440; x_wconf 90' lang='lat' dir='ltr'>animalcula</span> <span class='ocrx_word' id='word_1_155' title='bbox 1178 2389 1214 2441; x_wconf 91' lang='lat' dir='ltr'>et</span> <span class='ocrx_word' id='word_1_156' title='bbox 1230 2375 1371 2451; x_wconf 69' lang='lat' dir='ltr'>insedia,</span> <span class='ocrx_word' id='word_1_157' title='bbox 1386 2397 1474 2459; x_wconf 87' lang='lat' dir='ltr'>quae</span> 
     </span>
     <span class='ocr_line' id='line_1_19' title="bbox 353 2469 1476 2554; baseline 0.004 -24"><span class='ocrx_word' id='word_1_158' title='bbox 353 2490 453 2550; x_wconf 89' lang='lat' dir='ltr'>supra</span> <span class='ocrx_word' id='word_1_159' title='bbox 472 2482 664 2534; x_wconf 89' lang='lat' dir='ltr'>memorata</span> <span class='ocrx_word' id='word_1_160' title='bbox 682 2482 773 2546; x_wconf 91' lang='lat' dir='ltr'>sunt,</span> <span class='ocrx_word' id='word_1_161' title='bbox 794 2491 839 2534; x_wconf 89' lang='lat' dir='ltr'>ex</span> <span class='ocrx_word' id='word_1_162' title='bbox 862 2473 935 2536; x_wconf 88' lang='lat' dir='ltr'>ovis</span> <span class='ocrx_word' id='word_1_163' title='bbox 958 2471 1038 2534; x_wconf 91' lang='lat' dir='ltr'>illuc</span> <span class='ocrx_word' id='word_1_164' title='bbox 1062 2469 1226 2547; x_wconf 70' lang='lat' dir='ltr'>advectis,</span> <span class='ocrx_word' id='word_1_165' title='bbox 1247 2472 1301 2535; x_wconf 92' lang='lat' dir='ltr'>vel</span> <span class='ocrx_word' id='word_1_166' title='bbox 1326 2492 1431 2554; x_wconf 91' lang='lat' dir='ltr'>usque</span> <span class='ocrx_word' id='word_1_167' title='bbox 1454 2493 1476 2534; x_wconf 91' lang='lat' dir='ltr'>a</span> 
     </span>
     <span class='ocr_line' id='line_1_20' title="bbox 353 2566 1473 2642; baseline 0.002 -16"><span class='ocrx_word' id='word_1_168' title='bbox 353 2567 527 2630; x_wconf 90' lang='lat' dir='ltr'>creatione</span> <span class='ocrx_word' id='word_1_169' title='bbox 546 2567 579 2628; x_wconf 91' lang='lat' dir='ltr'>in</span> <span class='ocrx_word' id='word_1_170' title='bbox 599 2577 690 2628; x_wconf 89' lang='lat' dir='ltr'>terra</span> <span class='ocrx_word' id='word_1_171' title='bbox 709 2567 816 2628; x_wconf 89' lang='lat' dir='ltr'>ubivis</span> <span class='ocrx_word' id='word_1_172' title='bbox 835 2567 1034 2640; x_wconf 88' lang='lat' dir='ltr'>reconditis,</span> <span class='ocrx_word' id='word_1_173' title='bbox 1055 2567 1295 2642; x_wconf 87' lang='lat' dir='ltr'>excludantur,</span> <span class='ocrx_word' id='word_1_174' title='bbox 1317 2587 1384 2629; x_wconf 90' lang='lat' dir='ltr'>non</span> <span class='ocrx_word' id='word_1_175' title='bbox 1405 2566 1473 2628; x_wconf 83' lang='lat' dir='ltr'>sus·</span> 
     </span>
     <span class='ocr_line' id='line_1_21' title="bbox 352 2657 1473 2742; baseline 0.002 -22"><span class='ocrx_word' id='word_1_176' title='bbox 352 2657 503 2739; x_wconf 79' lang='lat' dir='ltr'>fragatur</span> <span class='ocrx_word' id='word_1_177' title='bbox 526 2661 636 2723; x_wconf 88' lang='lat' dir='ltr'>omnis</span> <span class='ocrx_word' id='word_1_178' title='bbox 663 2661 890 2741; x_wconf 87' lang='lat' dir='ltr'>experientia,</span> <span class='ocrx_word' id='word_1_179' title='bbox 914 2663 1074 2742; x_wconf 90' lang='lat' dir='ltr'>quoniam</span> <span class='ocrx_word' id='word_1_180' title='bbox 1097 2681 1231 2725; x_wconf 92' lang='lat' dir='ltr'>vermes</span> <span class='ocrx_word' id='word_1_181' title='bbox 1254 2662 1411 2724; x_wconf 88' lang='lat' dir='ltr'>existunt</span> <span class='ocrx_word' id='word_1_182' title='bbox 1438 2663 1473 2723; x_wconf 90' lang='lat' dir='ltr'>in</span> 
     </span>
     <span class='ocr_line' id='line_1_22' title="bbox 353 2754 1472 2838; baseline 0.001 -23"><span class='ocrx_word' id='word_1_183' title='bbox 353 2755 538 2828; x_wconf 89' lang='lat' dir='ltr'>seminulis,</span> <span class='ocrx_word' id='word_1_184' title='bbox 558 2757 591 2818; x_wconf 95' lang='lat' dir='ltr'>in</span> <span class='ocrx_word' id='word_1_185' title='bbox 615 2754 756 2830; x_wconf 89' lang='lat' dir='ltr'>nucleis,</span> <span class='ocrx_word' id='word_1_186' title='bbox 776 2757 810 2818; x_wconf 91' lang='lat' dir='ltr'>in</span> <span class='ocrx_word' id='word_1_187' title='bbox 833 2755 947 2838; x_wconf 86' lang='lat' dir='ltr'>lignis,</span> <span class='ocrx_word' id='word_1_188' title='bbox 967 2757 1000 2818; x_wconf 91' lang='lat' dir='ltr'>in</span> <span class='ocrx_word' id='word_1_189' title='bbox 1024 2759 1128 2831; x_wconf 89' lang='lat' dir='ltr'>saxis,</span> <span class='ocrx_word' id='word_1_190' title='bbox 1152 2757 1258 2820; x_wconf 90' lang='lat' dir='ltr'>immo</span> <span class='ocrx_word' id='word_1_191' title='bbox 1292 2778 1336 2820; x_wconf 85' lang='lat' dir='ltr'>ex</span> <span class='ocrx_word' id='word_1_192' title='bbox 1360 2757 1472 2832; x_wconf 83' lang='lat' dir='ltr'>loliis;</span> 
     </span>
     <span class='ocr_line' id='line_1_23' title="bbox 352 2849 1472 2933; baseline 0.001 -22"><span class='ocrx_word' id='word_1_193' title='bbox 352 2858 424 2911; x_wconf 91' lang='lat' dir='ltr'>tum</span> <span class='ocrx_word' id='word_1_194' title='bbox 449 2869 549 2930; x_wconf 90' lang='lat' dir='ltr'>super</span> <span class='ocrx_word' id='word_1_195' title='bbox 571 2849 684 2913; x_wconf 90' lang='lat' dir='ltr'>herbis</span> <span class='ocrx_word' id='word_1_196' title='bbox 704 2861 739 2914; x_wconf 90' lang='lat' dir='ltr'>et</span> <span class='ocrx_word' id='word_1_197' title='bbox 762 2851 795 2914; x_wconf 90' lang='lat' dir='ltr'>in</span> <span class='ocrx_word' id='word_1_198' title='bbox 819 2850 886 2913; x_wconf 90' lang='lat' dir='ltr'>illis</span> <span class='ocrx_word' id='word_1_199' title='bbox 910 2851 1057 2932; x_wconf 90' lang='lat' dir='ltr'>pediculi</span> <span class='ocrx_word' id='word_1_200' title='bbox 1081 2861 1117 2914; x_wconf 93' lang='lat' dir='ltr'>et</span> <span class='ocrx_word' id='word_1_201' title='bbox 1139 2853 1264 2926; x_wconf 90' lang='lat' dir='ltr'>tineae,</span> <span class='ocrx_word' id='word_1_202' title='bbox 1285 2872 1372 2933; x_wconf 91' lang='lat' dir='ltr'>quae</span> <span class='ocrx_word' id='word_1_203' title='bbox 1396 2869 1472 2913; x_wconf 92' lang='lat' dir='ltr'>cum</span> 
     </span>
     <span class='ocr_line' id='line_1_24' title="bbox 351 2943 1473 3027; baseline -0.001 -21"><span class='ocrx_word' id='word_1_204' title='bbox 351 2943 418 3007; x_wconf 90' lang='lat' dir='ltr'>illis</span> <span class='ocrx_word' id='word_1_205' title='bbox 438 2945 671 3022; x_wconf 90' lang='lat' dir='ltr'>concordant;</span> <span class='ocrx_word' id='word_1_206' title='bbox 695 2956 768 3009; x_wconf 90' lang='lat' dir='ltr'>tum</span> <span class='ocrx_word' id='word_1_207' title='bbox 788 2966 833 3007; x_wconf 91' lang='lat' dir='ltr'>ex</span> <span class='ocrx_word' id='word_1_208' title='bbox 853 2947 978 3008; x_wconf 91' lang='lat' dir='ltr'>muscis</span> <span class='ocrx_word' id='word_1_209' title='bbox 997 2966 1084 3027; x_wconf 92' lang='lat' dir='ltr'>quae</span> <span class='ocrx_word' id='word_1_210' title='bbox 1103 2948 1135 3008; x_wconf 89' lang='lat' dir='ltr'>in</span> <span class='ocrx_word' id='word_1_211' title='bbox 1155 2946 1324 3016; x_wconf 91' lang='lat' dir='ltr'>domibus,</span> <span class='ocrx_word' id='word_1_212' title='bbox 1343 2947 1473 3026; x_wconf 89' lang='lat' dir='ltr'>campis</span> 
     </span>
     <span class='ocr_line' id='line_1_25' title="bbox 351 3040 1473 3121; baseline -0.001 -18"><span class='ocrx_word' id='word_1_213' title='bbox 351 3050 387 3103; x_wconf 94' lang='lat' dir='ltr'>et</span> <span class='ocrx_word' id='word_1_214' title='bbox 406 3040 500 3104; x_wconf 86' lang='lat' dir='ltr'>silvis</span> <span class='ocrx_word' id='word_1_215' title='bbox 518 3051 653 3104; x_wconf 89' lang='lat' dir='ltr'>aestate</span> <span class='ocrx_word' id='word_1_216' title='bbox 677 3063 722 3104; x_wconf 90' lang='lat' dir='ltr'>ex</span> <span class='ocrx_word' id='word_1_217' title='bbox 746 3040 839 3103; x_wconf 91' lang='lat' dir='ltr'>nulla</span> <span class='ocrx_word' id='word_1_218' title='bbox 858 3043 1002 3104; x_wconf 92' lang='lat' dir='ltr'>materia</span> <span class='ocrx_word' id='word_1_219' title='bbox 1021 3041 1176 3105; x_wconf 89' lang='lat' dir='ltr'>oviformi</span> <span class='ocrx_word' id='word_1_220' title='bbox 1198 3043 1232 3104; x_wconf 91' lang='lat' dir='ltr'>in</span> <span class='ocrx_word' id='word_1_221' title='bbox 1257 3051 1354 3104; x_wconf 88' lang='lat' dir='ltr'>tanta</span> <span class='ocrx_word' id='word_1_222' title='bbox 1374 3043 1473 3121; x_wconf 90' lang='lat' dir='ltr'>copia</span> 
     </span>
     <span class='ocr_line' id='line_1_26' title="bbox 351 3136 1472 3218; baseline 0 -19"><span class='ocrx_word' id='word_1_223' title='bbox 351 3144 476 3200; x_wconf 88' lang='lat' dir='ltr'>exorta</span> <span class='ocrx_word' id='word_1_224' title='bbox 504 3147 672 3217; x_wconf 88' lang='lat' dir='ltr'>apparent</span> <span class='ocrx_word' id='word_1_225' title='bbox 699 3136 874 3212; x_wconf 91' lang='lat' dir='ltr'>similiter;</span> <span class='ocrx_word' id='word_1_226' title='bbox 906 3136 965 3198; x_wconf 93' lang='lat' dir='ltr'>illa</span> <span class='ocrx_word' id='word_1_227' title='bbox 988 3157 1074 3218; x_wconf 90' lang='lat' dir='ltr'>quae</span> <span class='ocrx_word' id='word_1_228' title='bbox 1098 3137 1286 3199; x_wconf 89' lang='lat' dir='ltr'>corrodunt</span> <span class='ocrx_word' id='word_1_229' title='bbox 1314 3148 1414 3218; x_wconf 89' lang='lat' dir='ltr'>prata</span> <span class='ocrx_word' id='word_1_230' title='bbox 1436 3144 1472 3199; x_wconf 89' lang='lat' dir='ltr'>et</span> 
     </span>
     <span class='ocr_line' id='line_1_27' title="bbox 351 3231 1472 3314; baseline -0.002 -20"><span class='ocrx_word' id='word_1_231' title='bbox 351 3233 471 3304; x_wconf 89' lang='lat' dir='ltr'>vireta,</span> <span class='ocrx_word' id='word_1_232' title='bbox 492 3253 531 3294; x_wconf 92' lang='lat' dir='ltr'>ac</span> <span class='ocrx_word' id='word_1_233' title='bbox 551 3233 585 3294; x_wconf 89' lang='lat' dir='ltr'>in</span> <span class='ocrx_word' id='word_1_234' title='bbox 604 3231 806 3314; x_wconf 91' lang='lat' dir='ltr'>quibusdam</span> <span class='ocrx_word' id='word_1_235' title='bbox 827 3231 910 3294; x_wconf 92' lang='lat' dir='ltr'>locis</span> <span class='ocrx_word' id='word_1_236' title='bbox 930 3231 1048 3293; x_wconf 91' lang='lat' dir='ltr'>calidis</span> <span class='ocrx_word' id='word_1_237' title='bbox 1064 3232 1209 3312; x_wconf 89' lang='lat' dir='ltr'>implent</span> <span class='ocrx_word' id='word_1_238' title='bbox 1228 3250 1342 3294; x_wconf 92' lang='lat' dir='ltr'>aerem</span> <span class='ocrx_word' id='word_1_239' title='bbox 1361 3250 1401 3293; x_wconf 92' lang='lat' dir='ltr'>ac</span> <span class='ocrx_word' id='word_1_240' title='bbox 1421 3232 1472 3292; x_wconf 92' lang='lat' dir='ltr'>in·</span> 
     </span>
     <span class='ocr_line' id='line_1_28' title="bbox 351 3325 1471 3408; baseline -0.002 -18"><span class='ocrx_word' id='word_1_241' title='bbox 351 3327 490 3399; x_wconf 80' lang='lat' dir='ltr'>lestant,</span> <span class='ocrx_word' id='word_1_242' title='bbox 512 3336 648 3408; x_wconf 87' lang='lat' dir='ltr'>praeter</span> <span class='ocrx_word' id='word_1_243' title='bbox 667 3347 754 3408; x_wconf 87' lang='lat' dir='ltr'>quae</span> <span class='ocrx_word' id='word_1_244' title='bbox 777 3327 809 3388; x_wconf 92' lang='lat' dir='ltr'>in</span> <span class='ocrx_word' id='word_1_245' title='bbox 829 3327 925 3408; x_wconf 90' lang='lat' dir='ltr'>aquis</span> <span class='ocrx_word' id='word_1_246' title='bbox 945 3325 1072 3401; x_wconf 79' lang='lat' dir='ltr'>fetidis,</span> <span class='ocrx_word' id='word_1_247' title='bbox 1089 3327 1176 3388; x_wconf 91' lang='lat' dir='ltr'>vinis</span> <span class='ocrx_word' id='word_1_248' title='bbox 1195 3327 1357 3399; x_wconf 90' lang='lat' dir='ltr'>acetosis,</span> <span class='ocrx_word' id='word_1_249' title='bbox 1378 3336 1413 3389; x_wconf 89' lang='lat' dir='ltr'>et</span> <span class='ocrx_word' id='word_1_250' title='bbox 1437 3326 1471 3388; x_wconf 91' lang='lat' dir='ltr'>in</span> 
     </span>
     <span class='ocr_line' id='line_1_29' title="bbox 352 3419 1472 3507; baseline -0.003 -21"><span class='ocrx_word' id='word_1_251' title='bbox 352 3445 429 3487; x_wconf 90' lang='lat' dir='ltr'>aere</span> <span class='ocrx_word' id='word_1_252' title='bbox 445 3423 616 3504; x_wconf 82' lang='lat' dir='ltr'>pestifero,</span> <span class='ocrx_word' id='word_1_253' title='bbox 637 3420 851 3484; x_wconf 89' lang='lat' dir='ltr'>invisibiliter</span> <span class='ocrx_word' id='word_1_254' title='bbox 869 3431 992 3484; x_wconf 87' lang='lat' dir='ltr'>natant</span> <span class='ocrx_word' id='word_1_255' title='bbox 1013 3430 1048 3484; x_wconf 89' lang='lat' dir='ltr'>et</span> <span class='ocrx_word' id='word_1_256' title='bbox 1067 3419 1196 3483; x_wconf 89' lang='lat' dir='ltr'>volant.</span> <span class='ocrx_word' id='word_1_257' title='bbox 1243 3419 1323 3507; x_wconf 87' lang='lat' dir='ltr'>Hae</span> <span class='ocrx_word' id='word_1_258' title='bbox 1335 3420 1472 3501; x_wconf 90' lang='lat' dir='ltr'>experi-</span> 
     </span>
     <span class='ocr_line' id='line_1_30' title="bbox 351 3514 1470 3598; baseline -0.002 -18"><span class='ocrx_word' id='word_1_259' title='bbox 351 3519 465 3580; x_wconf 88' lang='lat' dir='ltr'>entiae</span> <span class='ocrx_word' id='word_1_260' title='bbox 484 3515 712 3597; x_wconf 81' lang='lat' dir='ltr'>suffragantur</span> <span class='ocrx_word' id='word_1_261' title='bbox 727 3515 793 3577; x_wconf 88' lang='lat' dir='ltr'>illis</span> <span class='ocrx_word' id='word_1_262' title='bbox 813 3517 869 3598; x_wconf 92' lang='lat' dir='ltr'>qui</span> <span class='ocrx_word' id='word_1_263' title='bbox 892 3516 1010 3577; x_wconf 89' lang='lat' dir='ltr'>dicunt</span> <span class='ocrx_word' id='word_1_264' title='bbox 1030 3516 1120 3596; x_wconf 92' lang='lat' dir='ltr'>quod</span> <span class='ocrx_word' id='word_1_265' title='bbox 1136 3515 1200 3594; x_wconf 90' lang='lat' dir='ltr'>ipsi</span> <span class='ocrx_word' id='word_1_266' title='bbox 1217 3514 1351 3590; x_wconf 87' lang='lat' dir='ltr'>odores,</span> <span class='ocrx_word' id='word_1_267' title='bbox 1370 3515 1470 3578; x_wconf 90' lang='lat' dir='ltr'>nido·</span> 
     </span>
     <span class='ocr_line' id='line_1_31' title="bbox 351 3605 1470 3691; baseline -0.001 -17"><span class='ocrx_word' id='word_1_268' title='bbox 351 3605 404 3675; x_wconf 86' lang='lat' dir='ltr'>res</span> <span class='ocrx_word' id='word_1_269' title='bbox 424 3622 460 3674; x_wconf 92' lang='lat' dir='ltr'>et</span> <span class='ocrx_word' id='word_1_270' title='bbox 483 3609 611 3674; x_wconf 82' lang='lat' dir='ltr'>halitus</span> <span class='ocrx_word' id='word_1_271' title='bbox 634 3631 679 3673; x_wconf 84' lang='lat' dir='ltr'>ex</span> <span class='ocrx_word' id='word_1_272' title='bbox 706 3609 831 3686; x_wconf 90' lang='lat' dir='ltr'>herbis,</span> <span class='ocrx_word' id='word_1_273' title='bbox 852 3612 951 3674; x_wconf 90' lang='lat' dir='ltr'>terris</span> <span class='ocrx_word' id='word_1_274' title='bbox 975 3619 1011 3673; x_wconf 89' lang='lat' dir='ltr'>et</span> <span class='ocrx_word' id='word_1_275' title='bbox 1041 3611 1174 3691; x_wconf 85' lang='lat' dir='ltr'>stagnis</span> <span class='ocrx_word' id='word_1_276' title='bbox 1197 3611 1364 3690; x_wconf 91' lang='lat' dir='ltr'>exspirati</span> <span class='ocrx_word' id='word_1_277' title='bbox 1387 3611 1470 3673; x_wconf 86' lang='lat' dir='ltr'>dent</span> 
     </span>
     <span class='ocr_line' id='line_1_32' title="bbox 351 3703 1469 3787; baseline 0 -21"><span class='ocrx_word' id='word_1_278' title='bbox 351 3725 484 3787; x_wconf 90' lang='lat' dir='ltr'>quoque</span> <span class='ocrx_word' id='word_1_279' title='bbox 498 3705 713 3767; x_wconf 87' lang='lat' dir='ltr'>initiamenta</span> <span class='ocrx_word' id='word_1_280' title='bbox 725 3705 861 3767; x_wconf 89' lang='lat' dir='ltr'>talibus.</span> <span class='ocrx_word' id='word_1_281' title='bbox 896 3703 996 3784; x_wconf 86' lang='lat' dir='ltr'>Quod</span> <span class='ocrx_word' id='word_1_282' title='bbox 1013 3714 1136 3786; x_wconf 88' lang='lat' dir='ltr'>postea</span> <span class='ocrx_word' id='word_1_283' title='bbox 1151 3723 1228 3766; x_wconf 91' lang='lat' dir='ltr'>cum</span> <span class='ocrx_word' id='word_1_284' title='bbox 1240 3714 1365 3767; x_wconf 86' lang='lat' dir='ltr'>exorta</span> <span class='ocrx_word' id='word_1_285' title='bbox 1379 3714 1469 3778; x_wconf 90' lang='lat' dir='ltr'>sunt,</span> 
     </span>
     <span class='ocr_line' id='line_1_33' title="bbox 353 3799 1471 3881; baseline 0.001 -21"><span class='ocrx_word' id='word_1_286' title='bbox 353 3809 586 3881; x_wconf 82' lang='lat' dir='ltr'>propagentur</span> <span class='ocrx_word' id='word_1_287' title='bbox 613 3799 669 3862; x_wconf 93' lang='lat' dir='ltr'>vel</span> <span class='ocrx_word' id='word_1_288' title='bbox 699 3819 759 3879; x_wconf 93' lang='lat' dir='ltr'>per</span> <span class='ocrx_word' id='word_1_289' title='bbox 781 3820 847 3861; x_wconf 94' lang='lat' dir='ltr'>ova</span> <span class='ocrx_word' id='word_1_290' title='bbox 869 3801 924 3863; x_wconf 92' lang='lat' dir='ltr'>vel</span> <span class='ocrx_word' id='word_1_291' title='bbox 952 3820 1011 3881; x_wconf 91' lang='lat' dir='ltr'>per</span> <span class='ocrx_word' id='word_1_292' title='bbox 1041 3799 1249 3880; x_wconf 85' lang='lat' dir='ltr'>egestiones,</span> <span class='ocrx_word' id='word_1_293' title='bbox 1274 3818 1342 3862; x_wconf 91' lang='lat' dir='ltr'>non</span> <span class='ocrx_word' id='word_1_294' title='bbox 1378 3799 1471 3863; x_wconf 88' lang='lat' dir='ltr'>tollit</span> 
     </span>
     <span class='ocr_line' id='line_1_34' title="bbox 351 3893 1470 3977; baseline 0 -21"><span class='ocrx_word' id='word_1_295' title='bbox 351 3904 493 3956; x_wconf 89' lang='lat' dir='ltr'>exortus</span> <span class='ocrx_word' id='word_1_296' title='bbox 517 3912 633 3956; x_wconf 88' lang='lat' dir='ltr'>eorum</span> <span class='ocrx_word' id='word_1_297' title='bbox 656 3895 896 3971; x_wconf 88' lang='lat' dir='ltr'>immediatos;</span> <span class='ocrx_word' id='word_1_298' title='bbox 924 3896 1084 3977; x_wconf 89' lang='lat' dir='ltr'>quoniam</span> <span class='ocrx_word' id='word_1_299' title='bbox 1107 3913 1209 3956; x_wconf 89' lang='lat' dir='ltr'>omne</span> <span class='ocrx_word' id='word_1_300' title='bbox 1232 3893 1371 3966; x_wconf 89' lang='lat' dir='ltr'>animal,</span> <span class='ocrx_word' id='word_1_301' title='bbox 1393 3912 1470 3958; x_wconf 92' lang='lat' dir='ltr'>cum</span> 
     </span>
     <span class='ocr_line' id='line_1_35' title="bbox 351 3989 1472 4072; baseline 0 -21"><span class='ocrx_word' id='word_1_302' title='bbox 351 3991 418 4052; x_wconf 86' lang='lat' dir='ltr'>suis</span> <span class='ocrx_word' id='word_1_303' title='bbox 434 3989 619 4064; x_wconf 90' lang='lat' dir='ltr'>viscerulis,</span> <span class='ocrx_word' id='word_1_304' title='bbox 638 3990 742 4053; x_wconf 89' lang='lat' dir='ltr'>etiam</span> <span class='ocrx_word' id='word_1_305' title='bbox 760 3991 992 4072; x_wconf 85' lang='lat' dir='ltr'>generationis</span> <span class='ocrx_word' id='word_1_306' title='bbox 1008 4009 1138 4071; x_wconf 90' lang='lat' dir='ltr'>organa</span> <span class='ocrx_word' id='word_1_307' title='bbox 1157 3999 1192 4052; x_wconf 91' lang='lat' dir='ltr'>et</span> <span class='ocrx_word' id='word_1_308' title='bbox 1212 3989 1472 4072; x_wconf 86' lang='lat' dir='ltr'>propagationis</span> 
     </span>
     <span class='ocr_line' id='line_1_36' title="bbox 352 4083 1472 4168; baseline 0.001 -22"><span class='ocrx_word' id='word_1_309' title='bbox 352 4086 463 4147; x_wconf 90' lang='lat' dir='ltr'>media</span> <span class='ocrx_word' id='word_1_310' title='bbox 482 4085 614 4168; x_wconf 90' lang='lat' dir='ltr'>recipit,</span> <span class='ocrx_word' id='word_1_311' title='bbox 635 4086 677 4147; x_wconf 92' lang='lat' dir='ltr'>de</span> <span class='ocrx_word' id='word_1_312' title='bbox 696 4106 762 4167; x_wconf 89' lang='lat' dir='ltr'>qua</span> <span class='ocrx_word' id='word_1_313' title='bbox 785 4105 820 4150; x_wconf 89' lang='lat' dir='ltr'>re</span> <span class='ocrx_word' id='word_1_314' title='bbox 844 4084 928 4147; x_wconf 85' lang='lat' dir='ltr'>inira</span> <span class='ocrx_word' id='word_1_315' title='bbox 954 4083 1002 4165; x_wconf 90' lang='lat' dir='ltr'>(n.</span> <span class='ocrx_word' id='word_1_316' title='bbox 1022 4083 1110 4167; x_wconf 89' lang='lat'>347).</span> <span class='ocrx_word' id='word_1_317' title='bbox 1156 4083 1221 4147; x_wconf 91' lang='lat' dir='ltr'>His</span> <span class='ocrx_word' id='word_1_318' title='bbox 1240 4083 1472 4166; x_wconf 90' lang='lat' dir='ltr'>adstipulatur</span> 
     </span>
     <span class='ocr_line' id='line_1_37' title="bbox 352 4178 1471 4263; baseline -0.001 -21"><span class='ocrx_word' id='word_1_319' title='bbox 352 4182 566 4262; x_wconf 86' lang='lat' dir='ltr'>experientia</span> <span class='ocrx_word' id='word_1_320' title='bbox 585 4199 653 4243; x_wconf 91' lang='lat' dir='ltr'>non</span> <span class='ocrx_word' id='word_1_321' title='bbox 672 4181 760 4263; x_wconf 89' lang='lat' dir='ltr'>prius</span> <span class='ocrx_word' id='word_1_322' title='bbox 781 4190 873 4255; x_wconf 90' lang='lat' dir='ltr'>nota,</span> <span class='ocrx_word' id='word_1_323' title='bbox 894 4180 986 4262; x_wconf 89' lang='lat' dir='ltr'>quod</span> <span class='ocrx_word' id='word_1_324' title='bbox 1006 4178 1129 4250; x_wconf 90' lang='lat' dir='ltr'>similia</span> <span class='ocrx_word' id='word_1_325' title='bbox 1147 4181 1252 4242; x_wconf 90' lang='lat' dir='ltr'>etiam</span> <span class='ocrx_word' id='word_1_326' title='bbox 1275 4179 1309 4242; x_wconf 91' lang='lat' dir='ltr'>in</span> <span class='ocrx_word' id='word_1_327' title='bbox 1331 4179 1471 4243; x_wconf 85' lang='lat' dir='ltr'>infernis</span> 
     </span>
     <span class='ocr_line' id='line_1_38' title="bbox 354 4278 431 4338; baseline 0.026 -2"><span class='ocrx_word' id='word_1_328' title='bbox 354 4278 431 4338; x_wconf 89' lang='lat' dir='ltr'>sint.</span> 
     </span>
    </p>
   </div>
   <div class='ocr_carea' id='block_1_3' title="bbox 352 4368 1473 4738">
    <p class='ocr_par' dir='ltr' id='par_1_4' title="bbox 352 4368 1473 4738">
     <span class='ocr_line' id='line_1_39' title="bbox 414 4368 1471 4453; baseline -0.001 -18"><span class='ocrx_word' id='word_1_329' title='bbox 414 4385 514 4452; x_wconf 78' lang='lat'><strong>343.</strong></span> <span class='ocrx_word' id='word_1_330' title='bbox 549 4369 649 4451; x_wconf 86' lang='lat' dir='ltr'>Quod</span> <span class='ocrx_word' id='word_1_331' title='bbox 683 4371 814 4434; x_wconf 84' lang='lat' dir='ltr'>inferna</span> <span class='ocrx_word' id='word_1_332' title='bbox 847 4368 1042 4453; x_wconf 73' lang='lat' dir='ltr'>supradicta</span> <span class='ocrx_word' id='word_1_333' title='bbox 1075 4369 1228 4433; x_wconf 90' lang='lat' dir='ltr'>habeant</span> <span class='ocrx_word' id='word_1_334' title='bbox 1262 4390 1329 4433; x_wconf 91' lang='lat' dir='ltr'>non</span> <span class='ocrx_word' id='word_1_335' title='bbox 1365 4371 1471 4434; x_wconf 89' lang='lat' dir='ltr'>modo</span> 
     </span>
     <span class='ocr_line' id='line_1_40' title="bbox 352 4463 1470 4544; baseline 0 -16"><span class='ocrx_word' id='word_1_336' title='bbox 352 4467 696 4528; x_wconf 87' lang='lat' dir='ltr'>communicationem</span> <span class='ocrx_word' id='word_1_337' title='bbox 714 4466 773 4528; x_wconf 91' lang='lat' dir='ltr'>sed</span> <span class='ocrx_word' id='word_1_338' title='bbox 790 4467 894 4530; x_wconf 90' lang='lat' dir='ltr'>etiam</span> <span class='ocrx_word' id='word_1_339' title='bbox 908 4463 1182 4544; x_wconf 75' lang='lat' dir='ltr'>conjunctionem</span> <span class='ocrx_word' id='word_1_340' title='bbox 1199 4485 1274 4528; x_wconf 89' lang='lat' dir='ltr'>cum</span> <span class='ocrx_word' id='word_1_341' title='bbox 1292 4465 1419 4528; x_wconf 89' lang='lat' dir='ltr'>talibus</span> <span class='ocrx_word' id='word_1_342' title='bbox 1435 4467 1470 4529; x_wconf 92' lang='lat' dir='ltr'>in</span> 
     </span>
     <span class='ocr_line' id='line_1_41' title="bbox 352 4560 1473 4644; baseline 0.002 -22"><span class='ocrx_word' id='word_1_343' title='bbox 352 4561 463 4631; x_wconf 87' lang='lat' dir='ltr'>terris,</span> <span class='ocrx_word' id='word_1_344' title='bbox 478 4560 636 4622; x_wconf 88' lang='lat' dir='ltr'>concludi</span> <span class='ocrx_word' id='word_1_345' title='bbox 653 4571 769 4641; x_wconf 89' lang='lat' dir='ltr'>potest</span> <span class='ocrx_word' id='word_1_346' title='bbox 785 4581 830 4623; x_wconf 89' lang='lat' dir='ltr'>ex</span> <span class='ocrx_word' id='word_1_347' title='bbox 850 4581 902 4635; x_wconf 94' lang='lat' dir='ltr'>eo,</span> <span class='ocrx_word' id='word_1_348' title='bbox 922 4563 1012 4644; x_wconf 93' lang='lat' dir='ltr'>quod</span> <span class='ocrx_word' id='word_1_349' title='bbox 1030 4561 1159 4624; x_wconf 80' lang='lat' dir='ltr'>inferna</span> <span class='ocrx_word' id='word_1_350' title='bbox 1175 4581 1243 4624; x_wconf 90' lang='lat' dir='ltr'>non</span> <span class='ocrx_word' id='word_1_351' title='bbox 1256 4571 1389 4623; x_wconf 90' lang='lat' dir='ltr'>remota</span> <span class='ocrx_word' id='word_1_352' title='bbox 1402 4562 1473 4624; x_wconf 83' lang='lat' dir='ltr'>sint</span> 
     </span>
     <span class='ocr_line' id='line_1_42' title="bbox 352 4653 1472 4738; baseline 0.002 -22"><span class='ocrx_word' id='word_1_353' title='bbox 352 4656 396 4716; x_wconf 89' lang='lat' dir='ltr'>ab</span> <span class='ocrx_word' id='word_1_354' title='bbox 414 4653 617 4726; x_wconf 84' lang='lat' dir='ltr'>hominibus,</span> <span class='ocrx_word' id='word_1_355' title='bbox 636 4655 695 4717; x_wconf 91' lang='lat' dir='ltr'>sed</span> <span class='ocrx_word' id='word_1_356' title='bbox 713 4656 803 4737; x_wconf 89' lang='lat' dir='ltr'>quod</span> <span class='ocrx_word' id='word_1_357' title='bbox 823 4656 892 4718; x_wconf 89' lang='lat' dir='ltr'>sint</span> <span class='ocrx_word' id='word_1_358' title='bbox 909 4657 1034 4719; x_wconf 87' lang='lat' dir='ltr'>circum</span> <span class='ocrx_word' id='word_1_359' title='bbox 1054 4655 1143 4730; x_wconf 91' lang='lat' dir='ltr'>illos,</span> <span class='ocrx_word' id='word_1_360' title='bbox 1158 4657 1262 4719; x_wconf 93' lang='lat' dir='ltr'>immo</span> <span class='ocrx_word' id='word_1_361' title='bbox 1281 4658 1314 4718; x_wconf 91' lang='lat' dir='ltr'>in</span> <span class='ocrx_word' id='word_1_362' title='bbox 1331 4655 1397 4718; x_wconf 91' lang='lat' dir='ltr'>illis</span> <span class='ocrx_word' id='word_1_363' title='bbox 1414 4654 1472 4738; x_wconf 87' lang='lat' dir='ltr'>qui</span> 
     </span>
    </p>
   </div>
   <div class='ocr_carea' id='block_1_4' title="bbox 0 0 1638 5380">
    <p class='ocr_par' dir='ltr' id='par_1_5' title="bbox 0 0 1638 5380">
     <span class='ocr_line' id='line_1_43' title="bbox 0 0 1638 5380; baseline 0 1"><span class='ocrx_word' id='word_1_364' title='bbox 0 0 1638 5380; x_wconf 95' lang='lat' dir='ltr'> </span> 
     </span>
    </p>
   </div>
  </div>
 </body>
</html>
