3422 5380
293 701 358 768 290
648 695 853 746 SAPIENTIA
876 695 1071 748 ANGELICA

290 870 385 956 quod
409 878 509 956 pater
535 869 570 934 in
596 877 689 934 terra
717 869 763 934 sit
789 869 902 934 solum
924 877 1025 954 pater
1043 870 1159 955 quoad
1180 871 1422 940 indumentum

292 969 397 1043 vitae,
415 966 507 1051 quod
526 973 581 1030 est
601 985 744 1051 corpus;
768 985 873 1049 quare
896 964 931 1028 in
950 965 1049 1030 caelo
1068 985 1137 1029 non
1156 965 1243 1032 alius
1262 970 1422 1034 nomina-

291 1072 351 1128 tur
372 1063 476 1127 Pater
497 1079 601 1146 quam
623 1061 805 1126 Dominus.
861 1059 965 1142 Quod
988 1061 1147 1126 homines
1175 1061 1234 1126 filii
1261 1063 1423 1130 dicantur

290 1168 330 1225 et
346 1159 418 1224 nati
433 1158 479 1224 ab
495 1158 587 1242 Ipso,
600 1157 656 1241 qui
673 1177 742 1222 non
758 1157 865 1223 vitam
881 1156 977 1221 iilam
992 1158 1182 1234 invertunt,
1196 1168 1295 1242 patet
1312 1161 1420 1225 etiam

289 1275 313 1318 a
331 1254 451 1319 multis
469 1252 555 1317 locis
574 1253 608 1317 in
628 1251 757 1317 Verbo.
803 1259 862 1321 [2.]
894 1252 981 1318 Inde
999 1263 1161 1318 constare
1180 1265 1310 1338 potest,
1328 1256 1421 1340 quod

291 1347 439 1414 DIvinus
457 1348 570 1414 Amor
588 1348 633 1413 sit
655 1349 688 1414 in
709 1349 803 1414 omni
822 1348 962 1414 homine
980 1356 1054 1414 tarn
1073 1350 1166 1414 malo
1185 1370 1287 1434 quam
1305 1351 1420 1432 bono;

289 1454 547 1528 consequenter
568 1445 662 1530 quod
685 1445 855 1509 Dominus
877 1446 934 1530 qui
956 1455 1012 1510 est
1035 1445 1180 1510 Divinus
1203 1445 1325 1524 Amor,
1350 1468 1419 1511 non

289 1540 394 1605 aliter
415 1541 527 1623 possit
548 1561 654 1624 agere
676 1559 755 1605 curn
778 1539 857 1617 illis,
881 1559 984 1624 quarn
1016 1540 1104 1605 sicut
1133 1543 1234 1626 pate'r
1262 1543 1296 1606 in
1325 1553 1419 1608 terra

289 1653 370 1699 curn
388 1636 457 1700 suis
472 1635 608 1716 liberis;
636 1655 676 1700 ac
692 1635 824 1700 infinite
841 1637 962 1719 magis,
979 1636 1058 1720 quia
1075 1636 1221 1701 Divinus
1236 1637 1348 1702 Amor
1364 1647 1420 1703 est

289 1727 444 1796 infinitus
457 1750 466 1811 ;
489 1740 563 1797 tum
575 1733 668 1815 quod
684 1753 705 1796 a
717 1731 812 1795 nullo
823 1733 985 1797 recedere
997 1732 1119 1817 possit,
1132 1734 1212 1816 quia
1223 1733 1296 1798 vita
1307 1732 1418 1816 cujus·

289 1825 343 1890 vis
361 1834 416 1890 est
435 1826 480 1891 ab
502 1826 594 1910 Ipso.
640 1826 798 1910 Apparet
815 1828 905 1892 sicut
924 1826 1065 1892 recedat
1087 1827 1237 1904 amalis,
1256 1829 1319 1893 sed
1337 1828 1419 1894 mali

290 1922 471 1999 recedunt,
489 1931 527 1988 at
545 1943 651 2006 usque
673 1944 719 1988 ex
737 1941 855 1988 amore
873 1923 969 1989 ducit
991 1922 1080 1988 illos.
1125 1921 1241 2006 Quare
1259 1924 1419 1990 dominus

291 2018 389 2096 dicit,

341 2155 454 2206 “Petite
467 2166 495 2206 et
508 2156 615 2206 dabitur
627 2157 713 2214 vobis,
725 2157 846 2220 quaerite
858 2166 885 2206 et
900 2157 1053 2218 invenietis,
1065 2157 1172 2220 pulsate
1184 2167 1211 2207 et
1222 2157 1358 2221 aperietur
1372 2172 1419 2206 vo-

424 2222 493 2273 bis:.
504 2259 510 2272 .
520 2260 526 2272 .
537 2221 608 2287 .quis
625 2231 667 2271 est
684 2232 804 2271 vestrum
819 2223 910 2280 homo,
925 2222 970 2285 qui
988 2223 1011 2272 si
1029 2223 1098 2272 filius
1114 2223 1173 2285 ejus
1188 2223 1295 2285 petierit
1310 2237 1417 2286 panem,

425 2301 489 2336 num
506 2287 625 2350 lapidem
643 2288 718 2337 dabit
735 2287 886 2338 illii....Si
912 2288 994 2350 igitur
1011 2302 1060 2338 vos
1083 2289 1129 2351 qui
1153 2289 1216 2337 rnali
1235 2289 1309 2345 estis,
1329 2289 1417 2338 nostis

424 2354 499 2402 bona
507 2353 580 2402 dona
590 2354 655 2402 dare
664 2353 726 2402 filiis
736 2353 844 2412 vestris,
854 2365 955 2418 quanto
965 2355 1052 2415 magis
1067 2353 1147 2403 Pater
1156 2363 1247 2402 vester
1259 2354 1305 2417 qui
1317 2353 1345 2402 in
1358 2368 1418 2402 cae·

424 2419 466 2478 lis,
478 2419 553 2468 dabit
565 2419 639 2468 bona
649 2419 803 2482 petentibus
819 2417 912 2482 ipsum
921 2417 937 2438 ’⁹
948 2418 1056 2482 (Marta.
1069 2419 1113 2468 vii.
1128 2417 1218 2481 7-11):

289 2556 330 2613 et
347 2545 440 2624 alibi,

342 2661 423 2726 Quod
434 2661 520 2710 solem
533 2675 612 2710 suum
624 2661 724 2710 exoriri
737 2661 818 2710 iaciat
830 2675 911 2723 super
923 2660 1011 2710 malos
1025 2670 1052 2710 et
1065 2661 1162 2720 bonos.
1174 2674 1205 2712 ac
1220 2659 1340 2724 pluviam
1355 2659 1418 2711 mit·

424 2737 463 2776 tat
475 2741 555 2789 super
566 2726 655 2790 justos
670 2737 697 2776 et
709 2727 827 2789 injustos
839 2726 944 2788 (Mutela
958 2741 984 2776 v.
998 2725 1049 2790 45).

291 2859 425 2924 Notum
444 2859 549 2923 etiam
568 2869 623 2922 est
647 2859 679 2922 in
704 2858 862 2933 ecclesia,
883 2858 975 2942 quod
997 2859 1166 2924 Dominus
1184 2860 1337 2924 omnium
1360 2879 1415 2922 sa·

290 2955 401 3020 lutem
430 2953 524 3030 velit,
548 2963 584 3018 et
614 2954 739 3018 nullius
768 2963 926 3018 mortem.
979 2954 1036 3018 Ex
1066 2953 1119 3018 his
1148 2955 1256 3020 videri
1285 2963 1415 3037 potest,

289 3052 385 3137 quod
402 3050 675 3133 praedestinatio
692 3049 761 3115 alia
779 3068 880 3133 quam
899 3051 943 3114 ad
962 3050 1097 3115 caelum
1116 3051 1161 3115 sit
1180 3061 1302 3114 contra
1321 3049 1416 3114 Divi·

290 3167 374 3212 num
393 3146 570 3210 Amorem.
616 3153 674 3212 [3.]
708 3143 924 3210 Secundum:
952 3144 1050 3223 Quod
1058 3145 1324 3228 praedestinatio
1346 3143 1418 3208 aleia

288 3263 393 3327 quam
410 3241 461 3306 ad
473 3241 598 3305 caelum
615 3240 663 3305 sit
678 3250 795 3305 contra
820 3241 984 3305 Divinam
1002 3240 1223 3322 Sapientiam,
1237 3261 1322 3324 quae
1337 3238 1415 3323 infi-

291 3339 373 3402 nita.
419 3337 563 3402 Divinus
581 3334 693 3400 Amor
714 3356 776 3419 per
799 3335 960 3399 Divinam
982 3355 1080 3399 suam
1100 3334 1313 3418 Sapientiam
1336 3354 1415 3416 pro·

291 3434 388 3498 videt
412 3433 536 3509 media,
557 3451 618 3512 per
639 3450 728 3515 quae
750 3433 980 3515 unusquisque
1003 3430 1108 3494 homo
1127 3431 1252 3495 salvari
1275 3439 1415 3514 potest;

289 3549 397 3613 quare
413 3527 528 3593 dicere
544 3526 636 3611 quod
655 3528 929 3608 praedestinatio
944 3526 1012 3591 alia
1030 3527 1075 3590 sit
1091 3545 1193 3609 quarn
1208 3527 1254 3591 ad
1269 3526 1415 3602 caelum,

287 3634 346 3689 est
364 3626 479 3689 dicere
495 3623 587 3707 quod
606 3642 675 3687 non
694 3624 875 3705 providere
891 3624 1001 3709 possit
1020 3622 1144 3698 media,
1163 3643 1223 3706 per
1241 3643 1329 3706 quae
1347 3620 1416 3686 sal·

288 3721 396 3796 vatio,
414 3738 492 3784 cum
507 3730 628 3784 tamen
645 3719 803 3783 omnibus
822 3729 903 3785 sunt
922 3720 1045 3792 media,
1063 3729 1100 3784 ut
1120 3740 1222 3802 supra
1237 3730 1416 3783 ostensum

288 3827 357 3893 est,
375 3826 412 3880 et
431 3815 518 3879 haec
537 3824 618 3879 sunt
637 3835 683 3878 ex
704 3815 829 3880 Divina
845 3816 1078 3890 Providentia,
1096 3837 1183 3899 quae
1200 3814 1331 3879 infinita
1350 3824 1415 3879 est.

288 3911 396 3996 Quod
414 3921 531 3976 autem
549 3912 620 3975 sint
641 3913 698 3994 qui
722 3931 791 3975 non
815 3912 1004 3986 salvantur,
1025 3921 1079 3975 est
1099 3931 1204 3976 causa
1221 3913 1301 3994 quia
1320 3910 1416 3975 Divi·

289 4029 355 4072 nus
375 4007 487 4072 Amor
508 4007 584 4072 vult
607 4015 645 4070 ut
668 4006 774 4072 homo
791 4007 995 4072 felicitatem
1019 4018 1055 4073 et
1085 4007 1309 4088 beatudinem
1328 4005 1417 4072 caeli

289 4105 421 4169 sentiat
444 4105 479 4166 in
506 4122 554 4178 se,
579 4120 659 4166 narn
683 4102 810 4186 alioqui
833 4123 903 4166 non
925 4103 1014 4168 soret
1037 4103 1068 4167 ei
1091 4102 1248 4182 caelum;
1282 4111 1320 4168 et
1349 4102 1417 4166 hoc

292 4221 362 4264 non
386 4198 456 4263 fieri
480 4206 610 4281 potest,
631 4199 695 4262 nisi
718 4209 755 4262 ut
778 4207 944 4283 appareat
961 4199 1092 4262 homini
1111 4199 1202 4283 quod
1222 4200 1356 4282 cogitet
1379 4206 1418 4263 et

178 4313 180 4318 ’
289 4299 377 4362 ‘velit
398 4317 445 4360 ex
474 4315 522 4369 se,
543 4294 672 4377 absque
699 4294 759 4358 illa
778 4298 869 4360 enirn
900 4297 1105 4380 apparentia
1127 4294 1211 4360 nihil
1234 4297 1266 4361 ei
1290 4314 1415 4378 appro-

288 4394 468 4475 priaretur,
489 4408 552 4454 nec
571 4389 660 4453 soret
679 4388 807 4469 homo;
831 4401 973 4474 propter
988 4392 1054 4457 hoc
1079 4399 1133 4456 est
1155 4390 1279 4455 Divina
1298 4390 1416 4455 Provi-

286 4488 422 4562 dentia,
443 4505 531 4570 quae
560 4493 615 4548 est
645 4483 792 4550 Divinae
822 4484 1020 4570 Sapientiae
1046 4508 1093 4552 ex
1124 4487 1251 4552 Divino
1273 4485 1418 4551 Amore.

287 4587 351 4649 [4.]
382 4580 449 4645 Sed
468 4581 535 4645 hoc
554 4601 624 4644 non
643 4580 737 4646 tollit
756 4582 952 4659 veritatem,
973 4582 1064 4666 quod
1084 4601 1204 4648 omnes
1223 4582 1418 4667 praedesti·

287 4676 364 4741 nati
384 4676 454 4740 sint
472 4676 518 4740 ad
536 4675 670 4740 caelum
694 4685 730 4740 et
758 4676 871 4742 nullus
894 4678 938 4742 ad
961 4678 1151 4757 infernum
1183 4686 1220 4742 at
1250 4679 1278 4742 si
1301 4677 1420 4742 media
