3410 5382
262 677 306 741 74
627 615 832 724 sanguim
854 672 1052 724 ANGELICA

264 846 375 920 bolus,
396 857 478 909 tunc
510 844 582 928 ejus
611 845 755 910 ministri
785 855 821 910 et
853 845 1023 910 satellites
1053 854 1133 911 sunt
1161 845 1327 923 insaniae,
1350 865 1396 910 ac

265 943 410 1025 populus
423 944 519 1023 regni
535 941 606 1023 ejus
622 953 703 1004 sunt
719 942 807 1005 salsa
822 943 933 1006 omnis
946 944 1103 1024 generis;
1127 961 1215 1025 quae
1232 942 1395 1020 miuistri,

263 1058 349 1121 quos
370 1049 498 1102 vocant
518 1040 703 1120 sapientes,
725 1039 865 1102 tametsi
885 1051 964 1102 sunt
984 1039 1107 1114 insani,
1127 1058 1188 1123 per
1206 1039 1393 1103 ratiocina-

263 1135 378 1196 tiones
397 1155 443 1198 ex
462 1133 608 1199 fallaciis
627 1145 663 1198 et
687 1155 746 1218 per
763 1135 964 1218 phantasias
983 1135 1114 1198 iaciunt
1139 1143 1175 1198 ut
1199 1143 1395 1217 appareant

263 1229 352 1293 sicut
383 1251 475 1306 vera,
502 1250 542 1294 ac
575 1250 638 1314 pro
671 1231 758 1294 veris
789 1241 1034 1312 agnoscantur.
1081 1229 1171 1294 Num
1206 1230 1287 1293 talis
1318 1240 1393 1294 sta·

264 1335 320 1388 tus
342 1325 489 1390 hominis
508 1326 633 1390 mutari
655 1337 774 1408 potest
794 1327 896 1390 aliter
918 1345 1021 1409 quam
1046 1346 1107 1411 per
1129 1325 1221 1408 quod
1242 1324 1334 1389 mala
1357 1326 1394 1390 in

262 1432 412 1484 externo
431 1422 568 1486 homine
584 1422 850 1487 removeantur?
881 1423 929 1486 sic
948 1424 1055 1486 etiam
1074 1422 1394 1504 concupiscentiae,

263 1535 350 1598 quae
384 1518 572 1582 cohaerent
603 1519 713 1596 malis,
737 1529 970 1583 removentur.
1017 1517 1159 1600 Alioqui
1190 1536 1259 1580 non
1290 1526 1394 1599 patet

262 1615 551 1696 concupiscentiis
569 1616 696 1690 exitus,
714 1625 795 1679 sunt
815 1617 921 1679 etiarn
940 1614 1105 1690 inclusae,
1119 1613 1207 1676 sicut
1228 1612 1308 1676 urbs
1328 1612 1392 1674 ob·

260 1725 368 1784 sessa,
388 1720 424 1774 et
443 1711 531 1774 sicut
550 1711 647 1775 ulcus
665 1711 874 1776 obturatum.

325 1819 419 1890 114.
451 1804 525 1890 (iv.)
552 1805 650 1885 Quod
665 1806 756 1872 mala
771 1809 808 1871 in
826 1817 963 1872 externo
984 1804 1115 1870 homine
1129 1827 1152 1869 a
1174 1803 1395 1867 Dominarum

258 1899 394 1981 possint
413 1903 579 1965 removeri
594 1902 666 1966 nisi
680 1902 786 1966 medai>
801 1901 1027 1967 homine-In
1051 1901 1211 1964 omnibus
1230 1899 1395 1964 ecclesiis

263 1994 468 2060 Christianis
486 2009 663 2079 receptum
683 2007 738 2062 est
757 1997 822 2062 hoc
843 1995 1033 2071 dodlrinae,
1054 1998 1146 2079 quod
1165 1996 1271 2060 homo
1291 2004 1392 2060 ante·

263 2110 365 2174 quarn
384 2093 428 2154 ad
448 2090 604 2156 sanatam
624 2093 911 2157 Communionem
928 2093 1076 2167 accedit,
1098 2103 1209 2156 semet
1226 2091 1392 2174 explora·

262 2200 359 2250 turus
385 2188 443 2262 sit,
469 2189 601 2252 visurus
630 2198 665 2251 et
698 2190 878 2272 agniturus
908 2208 969 2251 sua
996 2199 1153 2271 peccata,
1182 2198 1217 2250 et
1252 2183 1395 2251 adiutus

261 2285 525 2366 paenitentiam,
550 2286 754 2348 desistendo
776 2286 821 2348 ab
843 2285 922 2359 illis,
947 2293 985 2347 et
1008 2283 1193 2365 rejiciendo
1217 2283 1286 2358 illa,
1310 2285 1393 2366 quia

262 2401 282 2443 a
301 2382 441 2446 diabolo
459 2392 560 2459 sunt3
583 2392 620 2445 et
640 2383 729 2464 quod
749 2382 876 2464 alioqui
895 2390 1040 2464 peccata
1062 2381 1093 2444 ei
1117 2399 1187 2443 non
1207 2381 1389 2443 remittan-

261 2487 327 2550 tur,
346 2489 381 2542 et
400 2480 490 2562 quod
514 2480 559 2542 sit
579 2479 773 2542 damnatus.
817 2477 938 2560 Angli,
956 2478 1100 2540 tametsi
1119 2476 1153 2539 in
1172 2471 1329 2539 doctrina
1345 2475 1394 2539 de

261 2574 336 2636 sola
356 2574 421 2637 fide
440 2585 532 2650 sunt,
553 2595 657 2657 usque
681 2576 715 2636 in
734 2574 891 2638 oratione
914 2572 958 2635 ad
982 2569 1144 2636 Sanctam
1164 2569 1391 2635 Communio-

262 2688 352 2742 nem,
370 2679 489 2752 aperte
507 2671 635 2732 docent
652 2668 943 2752 explorationem,
960 2667 1186 2750 agnitionem,
1201 2665 1387 2728 consessio·

261 2786 340 2830 nem
358 2777 591 2849 peccatorum,
609 2767 869 2848 paenitentiam,
888 2775 924 2830 et
942 2765 1204 2830 renovationem
1225 2765 1329 2838 vitae,
1347 2781 1391 2827 ac

261 2863 436 2927 minantur
451 2863 529 2925 illos
546 2863 602 2946 qui
620 2862 680 2925 illa
697 2881 766 2925 non
782 2861 924 2936 faciunt,
940 2860 994 2926 his
1010 2861 1135 2936 verbis,
1153 2861 1244 2942 quod
1263 2859 1403 2942 alioqui

261 2957 418 3023 diabolus
436 2959 623 3021 intraturus
646 2959 680 3022 in
703 2956 782 3021 illos
801 2959 890 3021 sicut
913 2958 947 3021 in
968 2956 1104 3039 Judam,
1124 2975 1165 3019 ac
1184 2955 1393 3035 impleturus

259 3055 340 3118 illos
353 3056 446 3118 omni
463 3054 655 3137 iniquitate,
669 3064 705 3118 et
723 3050 959 3117 destructurus
975 3061 1012 3116 et
1031 3071 1154 3134 corpus
1171 3060 1207 3113 et
1227 3051 1390 3113 animam.

262 3149 435 3225 Germani,
452 3148 564 3225 Sueci,
584 3151 685 3224 Dani,
709 3150 765 3234 qui
789 3151 895 3214 etiam
919 3149 953 3212 in
976 3144 1134 3211 doctrina
1157 3147 1200 3210 de
1224 3146 1299 3209 sola
1321 3145 1392 3208 fide

261 3258 353 3322 sunt,
369 3249 404 3310 in
424 3249 583 3311 oratione
602 3248 646 3310 ad
666 3244 820 3310 sanctam
838 3245 1124 3310 Communionem
1143 3244 1273 3306 docent
1293 3243 1389 3305 simi·

260 3343 328 3420 lia;
353 3344 517 3408 minando
536 3344 652 3418 etiam,
673 3343 765 3426 quod
784 3341 910 3425 alioqui
930 3361 967 3404 se
986 3360 1063 3403 reos
1080 3358 1266 3420 paenarum
1286 3337 1390 3400 inler-

262 3439 390 3504 nalium
415 3437 561 3505 1¹1sa5turi
585 3450 714 3514 essent,
734 3460 775 3503 ac
799 3437 1034 3501 damnationis
1053 3445 1228 3509 aeternae,
1246 3442 1392 3516 propter

262 3537 547 3600 commixtionem
567 3533 678 3599 sandli
699 3545 735 3599 et
759 3534 899 3618 profani.
945 3531 1042 3594 Haec
1066 3551 1087 3593 a
1109 3529 1292 3594 sacerdote
1314 3527 1391 3591 alta

261 3651 347 3693 voce
368 3631 613 3713 praeleguntur
632 3650 747 3693 coram
767 3628 908 3711 illisqui
927 3623 1090 3689 Sanctam
1110 3623 1241 3689 Cenam
1260 3622 1389 3687 obituri

262 3735 353 3800 sunt,
371 3737 407 3789 et
425 3725 661 3789 auscultantur
678 3725 722 3788 ab
738 3724 807 3788 illis
823 3743 901 3788 cum
918 3722 1012 3785 omni
1028 3721 1209 3803 agnitione
1224 3720 1317 3804 quod
1338 3719 1390 3783 ita

261 3823 314 3884 sit.
362 3825 419 3885 [2.]
447 3820 617 3884 Attamen
636 3821 751 3894 iidem,
770 3840 846 3884 curn
866 3817 989 3882 eodem
1012 3817 1069 3881 die
1088 3817 1232 3880 audiunt
1251 3815 1387 3898 praedi·

262 3917 437 3980 cationem
453 3916 497 3979 de
517 3915 592 3980 sola
608 3914 685 3990 fide,
702 3926 739 3979 et
755 3925 838 3980 tunc
855 3913 948 3998 quod
967 3912 1028 3977 lex
1048 3909 1126 3975 illos
1145 3930 1216 3975 non
1232 3909 1388 3984 damnet,

261 4015 340 4096 quia
360 4012 528 4077 Dominus
544 4011 640 4075 illam
657 4032 719 4095 pro
736 4011 804 4076 illis
820 4009 1037 4092 impleverat,
1054 4017 1091 4072 et
1109 4007 1202 4090 quod
1221 4026 1242 4069 a
1261 4025 1298 4070 se
1317 4023 1387 4069 non

262 4111 396 4192 possint
412 4109 550 4192 aliquod
569 4107 697 4172 bonum
714 4106 1008 4172 nisi—meritorium
1023 4103 1148 4178 lacere,
1165 4112 1201 4167 et
1217 4101 1265 4166 sic
1282 4119 1390 4184 opera

262 4205 346 4270 nihil
364 4204 487 4269 salutis
505 4207 539 4268 in
559 4225 595 4268 se
615 4204 778 4279 habeant,
798 4205 859 4267 sed
876 4202 951 4267 sola
969 4199 1066 4276 fides,
1082 4199 1227 4263 redeunt
1247 4198 1389 4261 domum

262 4321 340 4365 cum
357 4299 460 4383 plena
473 4301 647 4364 oblivione
664 4299 888 4363 confessionis
904 4296 1036 4382 prioris,
1053 4304 1089 4360 et
1109 4313 1185 4358 cum
1202 4288 1391 4374 rejectione

263 4397 345 4476 ejus,
376 4405 541 4479 quantum
571 4417 617 4459 ex
648 4395 907 4477 praedicatione
940 4394 983 4458 de
1013 4391 1089 4455 sola
1123 4388 1190 4453 fide
1220 4389 1390 4470 cogitant.

265 4491 356 4573 Quid
373 4512 462 4555 nunc
480 4512 597 4555 verum
614 4501 680 4566 est,
694 4492 766 4556 sive
781 4491 847 4555 hoc
864 4491 935 4555 sive
948 4487 1056 4552 illud?
1076 4507 1145 4550 non
1160 4494 1305 4567 possunt
1321 4483 1392 4545 duo

263 4589 327 4652 sibi
357 4589 531 4651 contraria
557 4608 633 4650 esse
664 4608 764 4664 vera;
799 4597 836 4652 ut
862 4585 955 4670 quod
985 4583 1115 4666 absque
1138 4579 1391 4663 exploratione,

262 4676 1391 4766 cognitione,agnitione,consessioneetrejettionepeccatorum,
