3352 5374
435 701 485 752 os
509 698 645 751 murno
668 697 811 763 arrosa,
832 699 927 750 anns
949 697 1083 750 ιιι-Ν.
1104 701 1175 769 247.
1326 705 1370 772 99

245 872 420 956 quomodo
439 871 543 934 homo
562 866 710 934 vidiurus
729 880 793 948 est,
814 879 850 934 et
871 880 1040 935 monstrat
1063 891 1165 956 quam
1188 872 1279 936 viam
1302 873 1368 936 itu-

247 987 312 1030 rus.
358 965 405 1028 Et
440 985 574 1046 quoque
601 965 762 1046 sequitur,
784 963 874 1045 quod
899 963 1060 1027 voluntas
1084 965 1187 1028 ducat
1211 962 1369 1028 intellec·

229 1067 329 1130 ·tum‚
345 1077 383 1120 ac
400 1056 525 1119 efficiat
542 1065 579 1119 ut
596 1075 712 1118 secum
727 1075 829 1118 unum
843 1067 946 1138 agat;
971 1066 1006 1119 et
1023 1056 1114 1139 quod
1132 1076 1228 1120 amor
1244 1057 1300 1140 qui
1316 1066 1370 1121 est

246 1151 436 1212 voluntatis
456 1150 488 1211 id
509 1159 610 1211 vocet
627 1149 831 1230 sapientiam
851 1150 882 1210 in
907 1145 1096 1224 intellectu,
1114 1149 1205 1232 quod
1225 1169 1371 1212 concor·

247 1245 319 1306 dat.
362 1242 399 1303 ln
411 1241 632 1323 sequentibus
642 1241 824 1314 videbitur,
841 1241 931 1324 quod
946 1240 1104 1304 voluntas
1118 1261 1177 1321 per
1193 1261 1229 1304 se
1242 1241 1370 1324 absque

248 1331 427 1398 intellectu
447 1333 528 1395 nihil
550 1342 643 1413 agat,
662 1334 722 1395 sed
742 1352 844 1396 omne
864 1333 953 1415 quod
974 1334 1058 1414 agit,
1075 1334 1108 1395 in
1129 1330 1370 1414 conjunctione

248 1446 325 1490 curn
339 1422 516 1489 intellectu
527 1435 610 1505 agat
623 1447 630 1502 ;
648 1435 684 1488 at
698 1425 788 1507 quod
802 1424 965 1488 voluntas
975 1426 1147 1489 adsciscat
1158 1422 1370 1490 intellectum

248 1521 281 1582 in
299 1520 505 1582 consortium
523 1537 649 1589 secum,
671 1537 732 1598 per
749 1516 926 1590 influxum,
948 1538 1016 1580 non
1036 1527 1152 1580 autem
1168 1519 1328 1580 vicissim.

313 1625 409 1693 245.
442 1610 539 1672 Nunc
553 1609 684 1671 dicetur
696 1608 806 1691 qualis
822 1619 876 1672 est
894 1609 1040 1672 influxus
1057 1610 1140 1672 lucis
1157 1610 1190 1673 in
1207 1621 1276 1673 tres
1292 1629 1371 1692 gra·

248 1706 312 1766 dus
342 1705 445 1776 vitae,
470 1722 557 1783 quae
587 1703 712 1764 mentis
743 1712 835 1774 sunt,
860 1702 949 1782 apud
980 1702 1166 1765 hominem.
1212 1701 1370 1778 Formae,

248 1816 335 1878 quae
355 1805 434 1857 sunt
454 1793 674 1875 receptacula
693 1793 815 1856 caloris
834 1802 868 1856 et
886 1794 982 1868 lucis,
1002 1815 1062 1857 seu
1082 1795 1207 1858 amoris
1226 1805 1262 1858 et
1281 1795 1371 1875 sapi·

248 1890 363 1950 entiae
381 1887 470 1968 apud
486 1886 593 1958 illum,
611 1898 646 1949 et
663 1906 761 1967 quae,
775 1897 812 1949 ut
829 1883 955 1949 dietum
972 1898 1037 1960 est,
1056 1888 1088 1949 in
1105 1887 1229 1969 triplici
1241 1887 1370 1961 ordine,

249 2001 309 2042 seu
329 1981 431 2042 trium
451 1978 618 2060 graduum
642 1988 733 2052 sunt,
753 1998 774 2040 a
796 1980 980 2042 nativitate
1004 1990 1083 2042 sunt
1107 1979 1310 2060 diaphanae,
1331 1999 1372 2042 ac

249 2072 360 2135 lucem
380 2071 592 2153 spiritualem
611 2071 865 2144 transmittunt,
883 2070 970 2134 sicut
990 2073 1116 2134 vitrum
1135 2071 1372 2152 crystallinum

250 2163 362 2226 lucem
380 2163 582 2226 naturalem.
628 2160 715 2225 Inde
734 2172 788 2225 est
807 2163 898 2245 quod
918 2162 1022 2226 homo
1038 2164 1150 2246 quoad
1167 2165 1373 2246 sapientiam

250 2277 357 2339 usque
375 2256 408 2318 in
428 2257 569 2318 tertium
585 2255 729 2336 gradum
746 2256 858 2337 possit
874 2255 1010 2319 elevari.
1055 2255 1107 2319 At
1124 2276 1230 2337 usque
1245 2256 1374 2320 formae

250 2348 331 2412 illae
351 2369 419 2410 non
439 2349 646 2429 aperiuntur,
667 2348 731 2410 nisi
750 2347 830 2410 dum
850 2347 944 2413 calor
962 2347 1147 2429 spiritualis
1170 2368 1208 2412 se
1231 2347 1373 2428 conjun-

250 2443 303 2522 git
323 2441 388 2504 luci
407 2438 585 2522 spirituali,
605 2460 665 2502 seu
684 2459 781 2502 amor
797 2441 1006 2521 sapientiae;
1030 2441 1193 2521 perhanc
1210 2439 1372 2520 conjunc-

251 2535 382 2596 tionem
395 2533 523 2596 lormae
535 2531 616 2594 illae
626 2530 817 2613 diaphanae
830 2533 1017 2595 secundum
1028 2534 1155 2613 gradus
1167 2535 1375 2614 aperiuntur.

254 2624 331 2689 Hoc
359 2624 469 2688 simile
500 2633 553 2687 est
583 2643 660 2686 cum
691 2623 767 2687 luce
797 2633 832 2687 et
863 2625 978 2688 calore
1001 2624 1084 2687 solis
1114 2625 1231 2688 mundi
1261 2626 1375 2708 quoad

253 2717 461 2799 vegetabilia
477 2736 579 2798 super
598 2715 731 2779 tellure.
776 2714 855 2780 Lux
875 2716 1041 2791 hiemalis,
1059 2737 1146 2800 quae
1166 2738 1273 2799 aeque
1293 2736 1374 2781 can-

252 2809 334 2872 dida
348 2819 402 2872 est
419 2827 496 2872 cum
512 2809 588 2871 luce
604 2808 747 2882 aestiva,
762 2827 831 2870 non
848 2811 960 2890 aperit
975 2809 1103 2892 aliquid
1120 2811 1153 2872 in
1170 2811 1300 2873 semine
1316 2818 1376 2874 aut

252 2901 287 2964 in
297 2902 417 2964 arbore
430 2923 437 2978 ;
452 2899 511 2963 sed
523 2919 599 2963 cum
613 2898 709 2963 calor
720 2898 869 2963 vernalis
881 2921 919 2964 se
929 2900 1192 2983 conjungitluci,
1203 2912 1375 2983 tuncape·

253 2994 318 3058 rit:
343 2993 462 3056 similis
480 3013 534 3056 res
553 3001 618 3067 est,
644 3010 722 3055 nam
746 2992 806 3055 lux
829 2991 1016 3074 spiritualis
1040 2995 1286 3076 correspondet
1310 2995 1376 3058 luci

254 3085 410 3160 naturali,
431 3094 467 3148 et
487 3083 581 3148 calor
600 3084 784 3166 spiritualis
803 3086 1052 3167 correspondet
1072 3086 1178 3150 calori
1197 3087 1353 3151 naturali.

316 3175 416 3260 246.
447 3173 549 3242 Calor
560 3176 618 3239 ille
632 3176 816 3258 spiritualis
832 3196 901 3240 non
917 3177 1020 3241 aliter
1030 3187 1259 3258 comparatur,
1272 3197 1375 3261 quam

252 3271 447 3354 perfugere
463 3269 554 3332 mala
570 3279 608 3331 ut
624 3279 780 3352 peccata,
794 3279 830 3332 et
848 3279 930 3332 tunc
947 3267 1103 3352 speltare
1119 3271 1164 3333 ad
1182 3269 1376 3334 Dominum.

255 3361 343 3426 Nam
354 3361 514 3444 quamdiu
524 3359 629 3424 homo
640 3361 673 3424 in
688 3361 786 3424 malis
797 3371 862 3435 est,
874 3362 979 3425 etiam
990 3363 1024 3424 in
1034 3381 1149 3425 amore
1160 3361 1299 3425 illorum
1310 3372 1375 3439 est,

252 3465 308 3518 est
321 3455 412 3517 enim
424 3453 746 3535 inconcupiscentia
759 3453 802 3516 ad
814 3453 883 3528 illa,
896 3472 935 3517 ac
946 3472 1043 3517 amor
1054 3453 1135 3516 mali
1148 3465 1184 3519 et
1197 3455 1376 3538 concupis·

254 3546 369 3610 centia
379 3555 433 3608 est
444 3546 477 3609 in
488 3564 604 3609 amore
615 3546 776 3628 opposito
785 3546 892 3609 amori
905 3556 940 3609 et
951 3542 1122 3610 affedlioni
1132 3546 1300 3629 spirituali
1313 3569 1320 3626 ;
1337 3568 1377 3612 ac

252 3638 313 3703 ille
328 3657 424 3701 amor
436 3658 495 3700 seu
507 3639 788 3718 concupiscentia
807 3658 875 3701 non
890 3647 1006 3720 potest
1020 3641 1186 3702 removeri
1205 3659 1306 3722 quam
1319 3661 1379 3722 per

254 3734 372 3816 sugere
386 3731 474 3795 mala
488 3743 524 3795 ut
539 3744 684 3815 peccata
697 3754 705 3808 ;
724 3744 760 3797 et
773 3735 851 3815 quia
863 3733 968 3797 homo
982 3754 1050 3797 non
1064 3745 1181 3816 potest
1194 3734 1310 3818 lugere
1320 3735 1381 3801 illa

254 3847 276 3889 a
292 3847 328 3888 se
345 3826 405 3888 sed
423 3846 442 3888 a
460 3824 620 3898 Domino,
634 3825 713 3888 ideo
726 3822 897 3907 spectabit
916 3826 959 3889 ad
977 3825 1103 3908 lpsum.
1134 3824 1247 3907 Quum
1263 3829 1379 3911 itaque

255 3919 342 4002 sugit
356 3920 414 3982 illa
427 3941 446 3982 a
459 3919 620 3992 Domin0,
635 3932 716 3984 tunc
730 3941 826 3983 amor
839 3921 918 3983 mali
932 3931 967 3984 et
984 3921 1078 3985 calor
1090 3921 1160 4004 ejus
1173 3934 1377 3998 removetur,

253 4025 291 4081 et
306 4016 384 4079 loco
396 4013 467 4094 ejus
480 4014 619 4078 infertur
633 4035 728 4078 amor
740 4015 821 4078 boni
833 4024 867 4078 et
885 4015 978 4078 calor
991 4015 1071 4097 ejus,
1086 4037 1146 4099 per
1158 4037 1258 4100 quem
1270 4018 1379 4098 aperi-

254 4120 311 4175 tur
332 4111 457 4192 gradus
476 4112 637 4190 superior.
675 4110 842 4174 Dominus
862 4112 952 4174 enim
976 4132 995 4174 a
1018 4113 1181 4194 superiori
1205 4111 1324 4184 influit,
1345 4120 1380 4176 et

254 4207 366 4288 aperit
377 4204 483 4274 illum.
495 4217 529 4270 et
544 4215 622 4267 tunc
635 4205 811 4286 conjungit
824 4224 975 4268 amorem
989 4227 1047 4268 seu
1058 4205 1206 4268 calorem
1221 4207 1379 4286 spiritua-

255 4299 324 4364 lem
336 4302 526 4380 sapientiae
538 4322 596 4366 seu
610 4301 674 4364 luci
688 4301 853 4382 spirituali
869 4323 876 4377 ;
891 4323 935 4364 ex
949 4321 1014 4384 qua
1025 4297 1264 4382 conjunctione
1276 4299 1383 4362 homo

255 4395 479 4477 spiritualiter
493 4395 610 4461 florere
623 4397 752 4476 incipit,
768 4397 856 4459 sicut
869 4396 970 4459 arbor
989 4406 1145 4477 tempore
1164 4395 1263 4457 veris.

322 4504 416 4573 247·
447 4489 509 4552 Per
528 4489 692 4557 influxum
714 4491 798 4553 lucis
815 4490 999 4572 spiritualis
1019 4492 1052 4553 in
1073 4509 1192 4553 omnes
1212 4500 1282 4552 tres
1302 4509 1380 4570 gra·

258 4585 321 4648 dus
352 4586 490 4657 mentis,
514 4585 620 4649 homo
643 4585 867 4667 distinguitur
889 4585 1072 4662 abestiis;
1106 4605 1145 4648 ac
1169 4584 1275 4648 homo
1300 4605 1380 4667 prae

258 4680 379 4744 bestiis
403 4690 522 4761 potest
547 4680 723 4762 analytice
747 4681 914 4762 cogitare,
939 4679 1055 4744 videre
1077 4699 1160 4744 vera
1179 4700 1246 4744 non
1270 4678 1381 4746 solum
