3426 5382
504 676 555 726 DE
578 675 716 728 121va
739 677 1099 736 PROVIDENTIA.-N.
1119 685 1170 756 75.
1360 695 1404 764 47

270 847 491 932 intelligendi
507 869 567 912 seu
582 848 810 925 rationalitas,
823 871 887 916 nec
903 851 1049 918 facultas
1066 855 1173 924 libere
1185 859 1325 927 volendi
1342 884 1403 929 seu

270 944 427 1022 libertas,
451 945 584 1010 sedeat
608 963 702 1009 mera
725 943 860 1010 afleitio
883 949 1048 1015 naturalis
1067 971 1145 1017 cum
1165 975 1227 1020 sua
1245 958 1400 1024 scientia.

271 1038 423 1106 Affectio
445 1039 612 1105 naturalis
628 1062 715 1124 quae
739 1052 793 1106 est
816 1041 893 1120 illis,
918 1056 972 1109 est
995 1045 1132 1112 afseftio
1155 1071 1192 1115 se
1216 1056 1399 1134 nutriendi,

270 1135 464 1212 habitandi,
489 1134 714 1219 prolificandi,
734 1138 886 1220 fugiendi
906 1150 942 1205 et
965 1145 1147 1209 aversandi
1166 1147 1304 1225 damna,
1322 1171 1400 1216 cum

268 1233 365 1296 omni
391 1233 537 1297 scientia
563 1233 728 1315 requisita
754 1235 898 1300 illarum.
946 1235 1035 1320 Quia
1063 1239 1143 1304 talis
1170 1253 1283 1307 status
1305 1248 1399 1312 vitae

270 1325 407 1393 illarum
426 1337 492 1405 est,
514 1347 582 1392 non
602 1339 748 1411 possunt
772 1332 939 1412 cogitare,
961 1332 1039 1398 Hoc
1059 1337 1140 1401 volo
1159 1349 1195 1402 et
1216 1361 1285 1404 non
1304 1344 1396 1421 volo,

271 1443 334 1488 nec
363 1424 442 1488 Hoc
468 1425 552 1500 scio,
580 1434 616 1488 et
644 1444 712 1488 non
739 1427 821 1502 scio,
846 1427 958 1491 minus
983 1428 1062 1494 Hoc
1086 1433 1247 1517 intelligo
1271 1447 1306 1500 et
1330 1438 1396 1502 hoc

266 1539 360 1597 amo,
380 1520 441 1584 sed
461 1520 616 1584 seruntur
638 1541 683 1584 ex
703 1519 883 1586 afsectione
902 1521 963 1587 sua
981 1546 1043 1608 per
1062 1530 1241 1594 scientiam
1267 1532 1396 1616 absque

266 1616 507 1680 rationalitate
523 1625 559 1679 et
583 1615 756 1680 libertate.
804 1615 907 1700 Quod
930 1621 979 1684 ita
997 1621 1161 1701 serantur,
1180 1647 1249 1691 non
1273 1637 1396 1693 estex

266 1711 419 1775 naturali
437 1712 576 1786 mundo,
597 1711 657 1774 sed
676 1733 722 1776 ex
741 1713 931 1794 spirituali;
956 1736 1034 1780 nam
1055 1739 1123 1783 non
1144 1722 1244 1786 datur
1266 1723 1395 1806 aliquid

265 1805 302 1868 in
322 1807 450 1870 mundo
466 1806 614 1870 naturali
630 1807 863 1872 inconnexum
884 1831 903 1873 a
923 1813 1052 1876 mundo
1069 1816 1257 1897 spirituali;
1282 1821 1395 1883 omnis

263 1919 371 1965 causa
386 1902 514 1966 iaciens
530 1898 687 1965 effectum
703 1904 783 1967 inde
799 1913 863 1968 est.
910 1905 1039 1990 Aliqua
1057 1909 1182 1975 dehac
1199 1933 1235 1977 re
1250 1915 1393 1978 videan-

262 2005 323 2062 tur
338 1999 444 2062 etiam
464 1996 550 2061 inira
567 1995 615 2080 (n.
630 1996 699 2081 96).

328 2104 396 2174 75.
426 2092 544 2157 Aliter
573 2102 627 2156 est
657 2112 735 2157 cum
765 2093 915 2173 homine,
942 2099 1001 2169 ,cui
1032 2120 1100 2164 non
1125 2103 1230 2167 modo
1256 2101 1394 2170 affectio

261 2190 390 2251 amoris
409 2187 575 2253 naturalis
593 2199 657 2263 est,
678 2190 739 2254 sed
763 2193 868 2256 etiam
888 2190 1023 2258 affectio
1042 2198 1168 2260 amoris
1192 2199 1391 2281 spiritualis,

261 2293 300 2348 et
331 2281 467 2348 alictiio
503 2285 629 2348 amoris
665 2286 837 2351 caelestis.
890 2288 990 2353 Mens
1027 2293 1118 2355 enim
1152 2293 1303 2358 humana
1336 2307 1391 2362 est

261 2379 367 2442 trium
394 2380 574 2463 graduum,
603 2381 694 2445 utin
719 2380 954 2448 transactione
981 2385 1032 2448 De
1055 2387 1182 2451 Dtin'no
1207 2389 1334 2454 Amore
1359 2401 1392 2456 et

259 2471 391 2539 Dr'vina
418 2474 605 2557 Sapientia,
633 2475 667 2539 in
695 2476 796 2541 Parte
827 2479 943 2553 tertia,
970 2491 1150 2545 ostensum
1176 2493 1250 2547 est:
1283 2506 1390 2568 quare

260 2568 368 2634 homo
391 2581 509 2653 potest
533 2570 659 2635 elevari
681 2592 701 2634 a
720 2573 867 2637 scientia
890 2576 1037 2639 naturali
1060 2577 1093 2640 in
1117 2578 1389 2661 intelligentiam

258 2666 486 2749 spiritualem,
511 2676 547 2730 et
570 2667 650 2730 inde
674 2667 707 2730 in
736 2669 942 2751 sapientiam
970 2671 1180 2752 caelestem;
1210 2685 1315 2757 atque
1341 2697 1388 2741 ex

258 2760 313 2825 his
336 2762 479 2838 duabus,
499 2761 732 2844 intelligentia
755 2773 791 2828 et
815 2766 996 2848 sapientia,
1017 2765 1174 2849 spectare
1197 2771 1240 2833 ad
1265 2770 1388 2838 Domi·

259 2875 353 2934 num,
370 2867 407 2921 et
423 2859 471 2921 sic
490 2856 652 2940 conjungi
669 2858 750 2940 lpsi,
769 2879 828 2942 per
852 2861 945 2943 quod
961 2862 1047 2926 vivit
1070 2864 1103 2926 in
1122 2875 1325 2929 aeternum:
1349 2876 1388 2934 at

257 2951 345 3018 haec
361 2953 513 3018 elevatio
529 2954 641 3036 quoad
665 2951 881 3020 affectionem
901 2977 970 3021 non
990 2959 1140 3032 daretur,
1158 2961 1222 3023 nisi
1242 2963 1272 3024 ei
1291 2971 1387 3029 esset

256 3047 405 3114 facultas
427 3049 586 3114 elevandi
609 3048 825 3116 intellectum
849 3073 894 3116 ex
918 3053 1167 3129 rationalitate,
1185 3075 1225 3119 ac
1245 3057 1386 3122 volendi

255 3143 292 3209 id
308 3166 354 3210 ex
371 3147 544 3210 libertate.
583 3159 641 3222 [2.]
665 3144 783 3211 Homo
799 3167 860 3229 per
874 3149 973 3212 binas
985 3148 1048 3212 has
1064 3148 1248 3215 facultates
1264 3162 1385 3233 potest

255 3243 413 3324 cogitare
429 3243 520 3306 intra
535 3263 572 3306 se
588 3242 631 3305 de
645 3241 711 3306 illis
727 3262 814 3324 quae
830 3243 975 3324 percipit
991 3244 1148 3306 sensibus
1164 3247 1214 3308 sui
1230 3249 1384 3329 corporis

253 3349 359 3402 extra
377 3359 427 3414 se,
444 3346 480 3402 et
498 3357 633 3421 quoque
656 3347 770 3420 potest
792 3339 946 3420 superius
970 3341 1128 3420 cogitare
1151 3342 1194 3404 de
1210 3341 1276 3404 illis
1295 3362 1384 3425 quae

254 3433 394 3499 inferius
410 3434 565 3517 cogitat3
588 3433 732 3516 quisque
747 3435 838 3496 enim
855 3443 973 3516 potest
990 3435 1115 3512 dicere,
1134 3434 1212 3498 Hoc
1229 3439 1383 3518 cogitavi

252 3537 291 3594 et
305 3529 372 3595 hoc
391 3531 522 3612 cogito,
540 3538 612 3593 tum
631 3527 708 3593 Hoc
725 3528 818 3593 volui
837 3538 874 3593 et
890 3528 956 3594 hoc
975 3529 1067 3606 volo,
1089 3540 1161 3595 tum
1177 3533 1284 3595 etiam
1303 3532 1381 3600 Hoc

252 3625 415 3709 intelligo
430 3624 521 3710 quod
537 3625 587 3689 ita
602 3626 659 3700 sit,
679 3623 756 3689 Hoc
772 3643 852 3689 amo
867 3626 945 3709 quia
961 3624 1033 3690 tale
1050 3635 1116 3702 est,
1134 3635 1170 3690 et
1190 3629 1237 3691 sic
1254 3647 1357 3711 porro
1371 3651 1379 3708 ;

253 3721 335 3786 inde
354 3731 463 3805 patet,
481 3720 572 3804 quod
591 3720 698 3784 homo
716 3739 818 3803 supra
836 3721 1089 3802 cogitationem
1108 3723 1212 3786 etiam
1232 3725 1378 3804 cogitet,

252 3827 290 3882 et
306 3819 395 3882 hanc
412 3817 529 3882 videat
545 3817 634 3880 sicut
650 3816 736 3880 insra
751 3837 810 3880 se:
834 3815 900 3880 hoc
917 3815 1046 3882 homini
1061 3827 1117 3882 est
1136 3839 1182 3882 ex
1199 3821 1378 3884 rationali·

252 3921 328 3978 tate
345 3922 381 3977 et
397 3934 443 3978 ex
460 3913 642 3990 libertate;
667 3933 712 3976 ex
731 3912 969 3976 rationalitate
985 3913 1076 3996 quod
1096 3914 1207 3995 possit
1223 3916 1378 3997 superius

249 4010 418 4092 cogitare,
432 4029 477 4072 ex
494 4008 658 4072 libertate
670 4007 761 4090 quod
778 4029 823 4072 ex
839 4005 1018 4072 affe6tione
1030 4008 1116 4072 velit
1132 4009 1182 4073 ita
1198 4010 1376 4091 cogitare:

250 4124 332 4169 nam
353 4105 416 4169 nisi
434 4105 466 4169 ei
484 4104 572 4168 foret
590 4102 732 4168 libertas
747 4103 797 4167 ita
809 4103 1000 4198 cogitandi,
1016 4123 1086 4167 non
1102 4104 1191 4169 soret
1207 4105 1238 4170 ei
1253 4104 1376 4169 volun·

250 4210 317 4276 tas,
338 4211 375 4264 et
398 4200 476 4265 inde
496 4220 559 4265 nec
583 4198 764 4282 cogitatio.
810 4213 868 4275 [3.]
901 4197 1126 4283 Quapropter
1147 4199 1207 4276 illi,
1225 4201 1281 4284 qui
1305 4221 1375 4265 non

246 4296 373 4362 volunt
390 4295 586 4378 intelligere
601 4295 693 4359 aliud
716 4314 818 4377 quam
836 4296 928 4378 quod
948 4297 1065 4360 mundi
1085 4306 1121 4360 et
1139 4294 1211 4378 ejus
1230 4304 1374 4362 naturae

247 4402 316 4470 est,
333 4402 371 4458 et
386 4403 455 4458 no'n
470 4392 552 4476 quid
567 4391 694 4456 bonum
712 4401 747 4456 et
761 4410 879 4456 verum
896 4391 1027 4456 morale
1043 4401 1080 4456 et
1095 4391 1286 4475 spirituale,
1303 4412 1373 4456 non

249 4498 396 4572 possunt
417 4486 546 4553 elevari
569 4509 589 4551 a
611 4488 756 4552 scientia
782 4489 815 4551 in
842 4487 1120 4570 intelligentiam,
1144 4496 1181 4551 et
1204 4487 1315 4551 minus
1338 4488 1372 4553 in

247 4585 467 4668 sapientiam,
487 4603 567 4649 nam
589 4583 773 4649 facultates
792 4583 868 4647 illas
887 4584 1171 4666 obstipaverunt3
1199 4603 1305 4667 quare
1322 4583 1373 4648 fa·

247 4679 344 4745 ciunt
366 4701 403 4745 se
426 4699 497 4745 non
520 4679 597 4764 plus
622 4678 791 4755 homines,
815 4699 918 4762 quam
941 4679 1033 4762 quod
1060 4700 1106 4743 ex
1133 4676 1376 4744 rationalitate
