3448 5374
355 591 414 656 182
637 575 639 578 ’
702 601 906 655 salanum
928 601 1123 654 unomen

350 779 408 840 diu
441 797 501 841 cor
533 785 702 852 movetur,
733 775 866 838 tamdiu
894 793 992 839 amor
1022 794 1099 839 cum
1133 797 1195 841 suo
1226 775 1339 842 calore
1371 776 1470 845 vitali

350 878 518 944 remanet,
539 876 575 932 et
598 868 705 931 vitam
728 876 923 942 conservat,
949 875 986 930 ut
1016 876 1114 950 patet
1141 889 1163 932 a
1192 867 1360 952 deliquiis,
1384 879 1420 934 et
1449 891 1471 936 a

350 959 641 1037 suffocationibus,
668 968 741 1023 tum
771 979 792 1024 a
824 968 920 1023 statu
950 959 1044 1023 vitae
1072 959 1270 1042 embryonis
1296 962 1330 1025 in
1358 971 1468 1028 utero.

349 1051 478 1130 Verbo,
507 1053 577 1116 vita
606 1052 758 1132 corporis
787 1049 936 1115 hominis
954 1052 1084 1133 pendet
1113 1072 1135 1116 a
1163 1054 1470 1136 correspondentia

349 1145 465 1228 pulsus
484 1154 521 1208 et
540 1143 775 1226 respirationis
794 1141 864 1224 ejus
884 1161 960 1206 cum
979 1143 1078 1226 pulsu
1097 1153 1133 1207 et
1156 1144 1380 1227 respiratione
1398 1147 1468 1229 spi·

348 1238 432 1301 ritus
452 1235 545 1318 ejus;
577 1247 613 1300 et
637 1255 714 1299 cum
738 1234 1046 1318 correspondentia
1067 1232 1128 1298 illa
1151 1245 1276 1312 cessat,
1296 1237 1368 1300 vita
1391 1255 1467 1300 cor·

348 1330 439 1411 poris
455 1337 580 1402 cessat,
599 1337 635 1391 et
651 1327 790 1410 spiritus
806 1325 877 1408 ejus
893 1325 976 1402 abit,
994 1336 1030 1389 et
1049 1327 1230 1391 continuat
1247 1329 1354 1392 vitam
1371 1347 1467 1392 suam

347 1423 381 1485 in
412 1421 541 1485 mundo
567 1419 743 1501 spirituali,
767 1439 854 1502 quae
885 1428 956 1482 tam
983 1418 1104 1483 similis
1129 1429 1182 1483 est
1209 1420 1303 1484 vitae
1332 1419 1403 1502 ejus
1432 1421 1467 1484 in

347 1513 477 1576 mundo
500 1512 659 1586 naturali,
684 1519 721 1574 ut
747 1530 817 1576 non
840 1513 928 1575 sciat
952 1511 1044 1594 quod
1068 1511 1266 1576 decesserit.
1312 1511 1467 1596 Plerique

346 1613 425 1686 post
443 1604 581 1668 biduum
605 1625 624 1667 e
646 1623 788 1686 corpore
807 1604 841 1667 in
861 1603 988 1666 mundo
1007 1603 1175 1684 spirituali
1191 1614 1294 1684 sunt;
1317 1613 1396 1686 post
1415 1604 1467 1669 bi-

346 1697 449 1760 duum
469 1697 652 1760 enimcum
672 1695 841 1778 aliquibus
861 1695 998 1759 locutus
1014 1713 1100 1758 sum.

408 1804 508 1871 391.
538 1787 639 1869 Quod
665 1788 803 1870 spiritus
831 1808 939 1871 aeque
960 1788 1111 1869 gaudeat
1133 1787 1233 1869 pulsu
1256 1797 1292 1851 et
1319 1789 1465 1870 respira·

346 1881 452 1956 tione,
470 1889 507 1943 ut
526 1879 629 1943 homo
645 1879 762 1942 mundi
781 1880 814 1942 in
831 1899 986 1962 corpore,
1004 1899 1071 1943 non
1092 1879 1228 1942 aliunde
1244 1889 1362 1962 potest
1381 1899 1466 1944 con·

346 1971 469 2035 firmari
485 1991 586 2054 quam
602 1971 647 2035 ab
662 1972 744 2054 ipsis
760 1970 933 2052 spiritibus
946 1981 981 2035 et
997 1971 1141 2053 angelis,
1156 1991 1233 2034 cum
1250 1972 1351 2035 datur
1366 1974 1466 2056 copia

345 2063 508 2127 cumillis
528 2063 631 2146 loqui.
677 2063 774 2126 Haec
795 2065 894 2145 copia
913 2061 995 2126 mihi
1017 2063 1101 2127 data
1123 2073 1202 2141 est;
1233 2084 1336 2147 quare
1358 2065 1401 2128 de
1423 2086 1465 2130 ea

345 2177 380 2218 re
410 2157 615 2238 interrogati
644 2157 818 2230 dixerunt,
842 2155 933 2237 quod
963 2175 1071 2238 aeque
1099 2157 1167 2219 sint
1191 2155 1346 2219 homines
1376 2159 1464 2224 sicut

345 2249 501 2312 homines
520 2249 553 2310 in
574 2248 712 2322 mundo,
733 2256 769 2311 et
795 2248 886 2330 quod
906 2267 1014 2330 aeque
1030 2248 1208 2329 gaudeant
1228 2266 1381 2330 corpore,
1402 2249 1463 2315 sed

344 2339 520 2422 spirituali,
534 2350 570 2404 et
588 2341 678 2422 quod
692 2359 798 2422 aeque
812 2341 965 2403 sentiant
982 2339 1116 2422 pulsum
1129 2341 1243 2404 cordis'
1261 2342 1295 2403 in
1312 2339 1463 2422 pectore,

344 2442 380 2496 et
410 2433 609 2495 arteriarum
633 2452 734 2514 supra
754 2431 915 2512 palmam,
936 2432 1024 2495 sicut
1048 2431 1098 2494 illi
1122 2434 1179 2515 qui
1206 2442 1286 2496 sunt
1306 2432 1464 2498 homines

344 2526 377 2587 in
398 2524 543 2587 naturali
561 2524 710 2586 mundo:
736 2524 779 2586 de
798 2523 864 2586 hoc
881 2525 1092 2604 interrogavi
1107 2524 1232 2606 plures,
1251 2536 1286 2588 et
1307 2524 1463 2589 similiter

344 2616 517 2680 dixerunt.
563 2615 665 2696 Quod
684 2616 822 2697 spiritus
841 2615 988 2679 hominis
1004 2616 1038 2678 in
1057 2634 1200 2699 corpore
1216 2616 1287 2699 ejus
1306 2618 1461 2700 respiret,

344 2709 463 2771 datum
483 2717 536 2771 est
555 2729 600 2771 ex
624 2709 759 2790 propria
775 2707 992 2789 experientia
1010 2709 1105 2772 scire.
1152 2707 1334 2791 Quondam
1354 2730 1460 2791 ange·

344 2799 385 2862 lis
413 2801 497 2863 data
521 2810 575 2864 est
599 2801 698 2882 copia
723 2800 984 2881 respirationem
1011 2819 1123 2864 meam
1148 2801 1284 2876 ducere,
1306 2813 1342 2865 et
1366 2802 1461 2866 illam

343 2892 387 2954 ad
418 2891 552 2956 libitum
580 2892 778 2966 diminuere,
804 2902 839 2954 et
871 2891 1012 2955 tandem
1040 2893 1226 2966 retrahere,
1249 2913 1355 2976 usque
1379 2894 1460 2957 dum

343 2983 419 3048 sola
440 2985 622 3066 respiratio
644 2985 782 3064 spiritus
807 2983 873 3047 mei
893 2986 1108 3060 remanserit,
1129 3005 1230 3067 quam
1253 2995 1334 3050 tunc
1358 3005 1461 3048 sensu

342 3078 489 3160 percepi.
532 3074 634 3158 Quod
650 3075 758 3140 simile
776 3096 910 3140 mecum
927 3074 1052 3140 laetum
1069 3078 1126 3151 sit,
1140 3077 1220 3139 dum
1237 3079 1322 3140 scire
1339 3078 1460 3143 datum

343 3181 397 3235 est
418 3180 550 3234 statum
569 3170 798 3244 morientium,
815 3171 848 3231 in
871 3188 973 3249 opere
1000 3167 1051 3231 De
1076 3167 1175 3233 Caelo
1200 3177 1232 3231 et
1255 3169 1394 3248 Inferna
1411 3170 1460 3253 (n.

341 3262 420 3346 449)
444 3263 611 3326 videatur.
656 3261 852 3345 Aliquoties
875 3261 980 3323 etiam
1005 3261 1037 3322 in
1064 3260 1173 3323 solam
1198 3262 1459 3341 respirationem

342 3357 479 3436 spiritus
498 3355 565 3418 mei
581 3351 738 3417 redadius
758 3372 843 3426 sum,
862 3371 963 3434 quam
986 3361 1067 3416 tunc
1089 3353 1296 3416 concordem
1312 3355 1459 3435 respira·

342 3448 429 3510 tioni
452 3447 623 3509 communi
645 3445 730 3508 caeli
752 3465 854 3508 sensu
879 3444 1037 3525 percepi:
1070 3443 1186 3509 multis
1208 3446 1312 3509 etiam
1329 3445 1460 3510 vicibus

342 3540 375 3602 in
395 3537 496 3601 simili
515 3545 608 3600 statu
626 3557 704 3599 cum
722 3535 856 3617 angelis
875 3535 931 3609 sui,
952 3546 987 3598 et
1007 3556 1140 3619 quoque
1160 3537 1203 3599 ad
1224 3537 1303 3600 illos
1327 3539 1360 3600 in
1379 3557 1457 3602 cae·

342 3629 412 3692 lum
431 3629 600 3702 elevatuS,
620 3638 656 3691 et
676 3639 757 3691 tunc
788 3630 821 3690 in
841 3629 961 3708 spiritu
982 3638 1085 3691 extra
1104 3647 1237 3710 corpus,
1258 3638 1293 3692 et
1324 3627 1458 3693 locutus

342 3744 419 3788 cum
436 3722 503 3787 illis
519 3743 596 3787 cum
614 3724 850 3805 respiratione,
869 3723 1026 3786 similiter
1042 3734 1078 3786 ut
1096 3724 1129 3786 in
1146 3725 1284 3787 mundo.
1332 3725 1388 3788 Ex
1404 3725 1459 3790 his

341 3832 377 3884 et
396 3820 472 3884 aliis
491 3821 577 3883 vivis
593 3819 808 3882 documentis
825 3819 906 3882 mihi
926 3820 1049 3900 patuit,
1067 3840 1135 3882 non
1156 3820 1260 3884 modo
1278 3821 1367 3904 quod
1387 3823 1457 3904 spi·

340 3918 425 3980 ritus
454 3915 602 3979 hominis
632 3914 777 3995 respiret
807 3915 839 3976 in
870 3934 1023 3998 corpore,
1048 3916 1108 3978 sed
1138 3917 1243 3980 etiam
1274 3926 1457 4000 postquam

340 4012 475 4094 reliquit
495 4031 637 4093 corpus;
665 4019 701 4072 et
720 4010 810 4092 quod
830 4010 1009 4091 respiratio
1025 4011 1163 4091 spiritus
1183 4021 1255 4074 tarn
1274 4010 1381 4074 tacita
1400 4012 1457 4090 sit,

341 4117 465 4170 utnon
486 4107 692 4190 percipiatur
711 4105 755 4167 ab
773 4103 921 4181 homine,
942 4115 978 4169 et
1001 4106 1091 4188 quod
1112 4105 1230 4169 influat
1253 4107 1287 4168 in
1310 4107 1457 4188 respira·

341 4205 470 4267 tionem
490 4200 706 4264 manifestam
726 4201 886 4280 corporiS,
908 4201 967 4263 vix
996 4200 1095 4264 aliter
1114 4220 1215 4283 quam
1241 4202 1329 4263 sicut
1355 4217 1458 4264 causa

341 4301 373 4360 in
394 4295 560 4370 effedtum
580 4307 616 4359 et
641 4296 810 4376 cogitatio
833 4297 866 4358 in
887 4295 1095 4377 pulmonem,
1116 4305 1151 4359 et
1181 4316 1240 4377 per
1259 4295 1456 4378 pulmonem

340 4395 372 4455 in
398 4392 579 4474 loquelam.
627 4391 682 4452 Ex
707 4390 760 4453 his
779 4410 911 4473 quoque
931 4399 1041 4472 patet,
1063 4390 1154 4473 quod
1173 4387 1367 4472 conjundiio
1385 4389 1454 4472 spi-

340 4485 425 4548 ritus
444 4494 480 4548 et
499 4485 650 4566 corporis
670 4484 760 4566 apud
779 4483 953 4548 hominem
970 4485 1015 4549 sit
1035 4505 1095 4568 per
1112 4485 1455 4568 correspondentiam

340 4587 455 4642 motus
473 4577 621 4642 cardiaci
640 4585 675 4642 et
693 4588 806 4643 motus
824 4577 1035 4664 pulmonaris
1055 4581 1238 4663 utriusque.
