3448 5374
492 677 543 728 DE
566 677 703 728 DIVINO
729 678 871 739 AMORE,
893 677 984 728 PARS
1006 677 1121 726 V.-N.
1138 677 1212 743 410.
1353 676 1414 746 197

285 870 334 914 ex
352 848 493 932 illisqui
513 847 744 926 suffocantur3
769 857 842 910 tum
862 868 906 910 ex
924 847 1169 928 embryonibus
1187 848 1222 910 in
1241 848 1358 924 uteris,
1377 857 1413 913 et
1468 860 1472 867 '

287 966 334 1008 ex
366 942 468 1028 pullis
503 944 535 1005 in
567 944 649 1006 ovis.
695 941 920 1024 Experientia
944 944 1141 1006 anatomica
1163 942 1270 1006 etiam
1296 944 1412 1020 docet,

285 1039 380 1122 quod
404 1059 473 1114 cor,
494 1039 575 1102 dum
594 1037 705 1101 solum
726 1039 810 1120 agit,
830 1037 955 1103 formet
975 1037 1188 1121 pulmonem,
1208 1058 1248 1100 ac
1268 1038 1414 1120 adaptet

285 1134 396 1210 illum,
416 1143 453 1198 ut
478 1135 587 1216 possit
612 1134 657 1197 ibi
681 1134 941 1214 respirationem
965 1153 1088 1216 agere3
1126 1143 1162 1197 et
1193 1133 1412 1216 quodetiam

285 1230 417 1314 reliqua
436 1231 568 1293 viscera
590 1239 627 1293 et
651 1247 782 1311 organa
800 1229 937 1306 formet,
958 1240 995 1294 ut
1018 1230 1052 1292 in
1076 1227 1143 1292 illis
1167 1231 1279 1312 possit
1298 1233 1413 1294 varios

285 1346 367 1388 usus
387 1345 509 1408 agere3
534 1343 665 1407 organa
683 1324 781 1388 faciei
801 1335 838 1388 ut
858 1325 967 1407 possit
986 1326 1126 1400 sentire,
1145 1344 1276 1407 organa
1295 1336 1412 1390 motus

286 1432 324 1485 ut
341 1423 450 1505 possit
468 1441 582 1504 agere,
601 1430 636 1484 et
652 1419 782 1502 reliqua
802 1421 1006 1503 incorpore,
1024 1430 1062 1484 ut
1079 1421 1190 1501 possit
1211 1441 1290 1482 usus
1307 1420 1411 1484 affec·

285 1517 437 1580 tionibus
456 1518 583 1582 amoris
603 1517 916 1597 correspondentes
935 1518 1068 1580 sistere.
1114 1515 1171 1579 Ex
1195 1516 1246 1578 his
1266 1518 1412 1598 primum

283 1622 437 1687 constat,
454 1613 545 1696 quod
565 1613 654 1675 sicut
670 1632 729 1676 cor
746 1612 829 1676 talia
848 1612 1006 1694 producit
1027 1620 1169 1693 propter
1184 1613 1296 1674 varias
1314 1611 1410 1675 sunc-

284 1709 409 1784 tiones,
433 1729 518 1792 quas
540 1709 575 1771 in
597 1728 741 1790 corpore
761 1709 934 1772 obiturum
954 1719 1019 1782 est,
1040 1709 1090 1772 ita
1113 1727 1210 1770 amor
1229 1707 1353 1771 similia
1376 1708 1410 1771 in

285 1802 508 1885 receptaculo
535 1823 607 1878 suo,
632 1803 723 1888 quod
754 1812 898 1867 vocatur
927 1803 1101 1879 voluntas,
1131 1811 1273 1884 propter
1299 1803 1411 1866 varias

282 1897 494 1974 affectiones,
509 1919 595 1982 quae
611 1898 741 1963 faciunt
756 1899 902 1963 sormam
915 1899 986 1984 ejus
1001 1919 1008 1977 ;
1033 1898 1227 1982 quaequod
1244 1899 1288 1961 sit
1301 1898 1410 1961 forma

282 1995 444 2070 humana,
460 2015 561 2077 supra
574 2005 751 2058 ostensum
768 2005 833 2060 est.
878 1994 977 2058 Nunc
998 1997 1076 2078 quia
1093 1996 1223 2076 primae
1239 2004 1275 2058 et
1292 1995 1409 2076 proxi·

282 2111 362 2156 mae
388 2092 516 2154 amoris
540 2089 738 2155 affectiones
762 2102 842 2156 sunt
869 2089 1003 2154 affectio
1030 2091 1172 2166 sciendi,
1195 2088 1330 2154 affectio
1356 2091 1408 2152 in·

282 2186 475 2269 telligendi,
500 2195 536 2250 et
563 2184 697 2250 affectio
724 2187 863 2251 videndi
894 2188 927 2251 id
958 2188 1050 2270 quod
1073 2188 1139 2251 scit
1167 2197 1203 2251 et
1230 2186 1407 2268 intelligit,

282 2285 437 2365 sequitur
452 2283 543 2365 quod
557 2301 654 2346 amor
669 2303 732 2365 pro
748 2282 814 2346 illis
830 2283 955 2347 formet
972 2280 1198 2358 intellectum,
1213 2292 1249 2346 et
1266 2284 1357 2365 quod
1373 2285 1407 2347 in

282 2378 361 2442 illas
391 2376 573 2442 actualiter
594 2379 723 2455 veniat,
749 2379 829 2442 dum
853 2379 973 2461 incipit
1004 2380 1134 2442 sentire
1164 2388 1200 2442 et
1231 2398 1346 2460 agere,
1370 2387 1407 2442 et

281 2493 361 2538 cum
379 2475 500 2556 incipit
519 2475 687 2556 cogitare.
733 2472 835 2556 Quod
854 2472 1053 2538 intellectus
1072 2472 1155 2537 nihil
1174 2475 1218 2536 ad
1237 2473 1302 2537 hoc
1323 2493 1406 2537 con·

281 2569 380 2645 serat,
399 2579 539 2634 constat
559 2590 604 2633 ex
624 2570 859 2653 parallelismo
878 2571 992 2633 cordis
1011 2579 1047 2633 et
1067 2569 1250 2650 pulmonis,
1271 2568 1314 2630 de
1338 2589 1406 2651 quo

283 2685 396 2747 supra.
442 2664 499 2730 Ex
527 2664 579 2728 his
599 2665 706 2730 videri
725 2675 855 2748 potest,
875 2666 965 2748 quod
985 2685 1082 2729 amor
1104 2686 1165 2729 seu
1184 2665 1345 2728 voluntas
1368 2685 1407 2729 se

280 2761 472 2843 conjungat
491 2761 684 2843 sapientiae
703 2783 762 2825 seu
782 2758 984 2836 intellectui,
1005 2771 1042 2826 et
1066 2781 1134 2825 non
1158 2761 1327 2842 sapientia
1346 2780 1405 2824 seu

280 2853 478 2921 intellectus
502 2877 539 2920 se
562 2856 670 2920 amori
694 2877 755 2920 seu
777 2856 970 2936 voluntati;
998 2868 1034 2920 et
1057 2857 1138 2920 inde
1161 2877 1297 2940 quoque
1320 2876 1403 2919 con·

281 2962 366 3029 stat,
386 2952 478 3036 quod
501 2953 648 3016 scientia
679 2971 780 3035 quam
804 2972 901 3015 amor
923 2973 968 3016 ex
991 2949 1171 3017 affectione
1190 2952 1321 3015 sciendi
1340 2951 1404 3015 sibi

280 3050 438 3134 acquirit,
455 3068 494 3113 ac
512 3048 690 3131 perceptio
706 3049 777 3112 veri
796 3068 898 3131 quam
914 3069 959 3112 ex
976 3046 1157 3112 affectione
1173 3048 1403 3129 intelligendi,

279 3155 316 3210 et
332 3145 502 3226 cogitatio
515 3163 617 3227 quam
636 3164 681 3207 ex
697 3140 876 3208 affectione
892 3143 1031 3207 videndi
1050 3144 1084 3206 id
1103 3144 1195 3226 quod
1215 3144 1281 3207 scit
1301 3152 1335 3207 et
1352 3144 1404 3206 in·

280 3240 420 3323 telligit,
439 3259 508 3302 non
527 3241 571 3302 sit
591 3235 801 3312 intellectus,
819 3239 880 3302 sed
900 3239 992 3320 quod
1011 3240 1057 3302 sit
1076 3239 1212 3302 amoris.
1259 3237 1402 3320 Cogita-

278 3338 406 3411 tiones,
428 3336 667 3417 perceptiones
694 3345 730 3399 et
757 3335 837 3398 inde
860 3335 1035 3408 scientiae,
1056 3333 1199 3397 influunt
1223 3334 1360 3416 quidem
1384 3355 1404 3398 e

278 3431 409 3496 mundo
432 3430 611 3512 spirituali,
633 3441 669 3495 at
691 3451 796 3514 usque
821 3450 889 3493 non
912 3430 1122 3510 recipiuntur
1144 3430 1189 3492 ab
1211 3426 1401 3507 intellectu,

279 3527 339 3590 sed
373 3526 418 3589 ab
450 3545 565 3589 amore
595 3527 783 3590 secundum
810 3524 881 3606 ejus
911 3521 1110 3588 affectiones
1143 3525 1177 3588 in
1210 3521 1401 3589 intellectu.

279 3621 438 3705 Apparet
463 3623 551 3685 sicut
575 3618 771 3685 intellectus
794 3621 936 3701 recipiat
960 3620 1030 3695 illa,
1054 3631 1091 3685 et
1121 3639 1190 3684 non
1217 3639 1315 3682 amor
1342 3642 1402 3685 seu

277 3717 450 3794 voluntas,
464 3718 525 3782 sed
542 3728 596 3781 est
611 3717 756 3781 fallacia.
801 3717 960 3800 Apparet
977 3720 1084 3781 etiam
1100 3717 1188 3781 sicut
1204 3714 1402 3781 intellectus

276 3812 465 3896 conjungat
485 3834 522 3876 se
538 3813 646 3876 amori
664 3834 723 3877 seu
742 3811 925 3888 voluntati,
943 3813 1003 3876 sed
1023 3812 1088 3876 hoc
1106 3814 1212 3877 etiam
1231 3820 1284 3877 est
1302 3811 1401 3877 salla·

278 3909 330 3972 cia
350 3929 358 3988 ;
382 3929 480 3973 amor
498 3929 558 3972 seu
576 3908 738 3972 voluntas
761 3929 797 3971 se
822 3908 1003 3990 conjungit
1026 3905 1232 3983 intellectui,
1252 3929 1292 3972 ac
1317 3907 1400 3972 facit

277 4015 315 4068 ut
331 4005 504 4088 reciproce
521 4004 769 4086 conjungatur3
789 4004 881 4087 quod
897 4005 1073 4086 reciproce
1088 4002 1329 4085 conjungatur,
1346 4009 1401 4068 est

276 4120 322 4163 ex
343 4097 503 4183 conjugio
522 4101 649 4163 amoris
669 4119 746 4163 cum
766 4098 845 4179 illa;
870 4099 948 4164 inde
968 4099 1006 4164 fit
1025 4095 1220 4182 conjunctio
1239 4099 1327 4162 sicut
1345 4119 1400 4164 re·

275 4196 414 4278 ciproca
436 4215 457 4259 a
479 4195 552 4259 vita
570 4205 606 4260 et
628 4195 709 4260 inde
733 4196 893 4280 potentia
908 4196 1044 4260 amoris.
1088 4191 1208 4261 Simile
1236 4203 1291 4259 est
1320 4213 1399 4259 cum

276 4288 438 4374 conjugio
457 4292 539 4355 boni
563 4300 599 4355 et
628 4291 710 4368 veri,
731 4310 811 4356 nam
833 4291 962 4356 bonum
986 4300 1040 4356 est
1064 4290 1202 4368 amoris,
1221 4300 1257 4355 et
1280 4308 1400 4354 verum

276 4395 331 4452 est
354 4384 574 4452 intellectus:
605 4387 735 4452 bonum
760 4389 834 4469 agit
859 4388 985 4464 omnia,
1010 4408 1051 4452 ac
1078 4386 1201 4469 recipit
1223 4405 1341 4450 verum
1364 4387 1399 4452 in

277 4481 417 4548 domum
437 4502 544 4559 suam,
565 4493 601 4547 et
625 4503 663 4548 se
686 4481 864 4565 conjungit
884 4503 960 4547 cum
984 4484 1044 4547 illo
1063 4490 1234 4566 quatenus
1253 4500 1399 4547 concor-

275 4580 348 4643 dat.
395 4579 515 4643 Potest
536 4580 640 4642 etiam
660 4578 788 4643 bonum
804 4579 990 4642 admittere
1009 4598 1091 4641 vera
1114 4598 1202 4660 quae
1223 4598 1292 4642 non
1313 4597 1399 4642 con·

275 4673 434 4751 cordant,
455 4675 515 4738 sed
539 4675 604 4738 hoc
627 4674 710 4738 facit
732 4693 777 4738 ex
801 4671 981 4737 affectione
1005 4672 1146 4751 sciendi,
1166 4673 1398 4756 intelligendi,
