3344 5402
347 711 392 788 46
702 715 905 767 SAPIENTIA
927 713 1124 765 ANGELICA

347 886 542 973 conjuntiio
572 898 637 953 est.
690 885 894 971 Conjundtio
924 897 977 951 est
1008 885 1147 950 Domini
1171 905 1247 950 cum
1272 883 1410 968 angelo,
1429 906 1472 950 ac

347 985 463 1068 angeli
479 1005 556 1049 cum
574 985 744 1061 Domino;
769 1003 871 1067 quare
889 993 942 1046 est
962 980 1157 1066 conjundlio
1174 983 1357 1065 reciproca.
1405 981 1474 1046 Est

347 1081 407 1146 illa
429 1103 449 1145 a
468 1090 567 1164 parte
591 1079 706 1162 angeli
726 1089 762 1142 ut
785 1079 956 1162 sequitur:
982 1078 1126 1161 angelus
1150 1099 1218 1142 non
1238 1078 1383 1162 percipit
1406 1075 1470 1143 ali·

347 1189 401 1243 ter
420 1197 521 1261 quam
551 1177 643 1260 quod
673 1176 718 1238 sit
746 1177 779 1238 in
808 1195 923 1238 amore
947 1185 982 1238 et
1008 1175 1178 1257 sapientia
1201 1195 1221 1236 a
1244 1194 1292 1248 se,
1313 1173 1472 1237 similiter

347 1285 384 1338 ut
404 1273 520 1349 homo,
538 1282 574 1336 et
590 1271 670 1334 inde
687 1271 775 1335 sicut
792 1290 889 1334 amor
905 1281 940 1334 et
958 1271 1128 1352 sapientia
1147 1271 1216 1332 sint
1233 1269 1302 1352 ejus
1319 1279 1379 1332 aut
1398 1290 1469 1333 sua.

346 1367 420 1432 Nisi
443 1369 493 1432 ita
515 1367 719 1450 perciperet,
740 1386 809 1429 non
831 1366 919 1430 foret
943 1365 1056 1448 aliqua
1080 1361 1295 1447 conjunctim
1325 1365 1375 1429 ita
1398 1385 1469 1428 non

345 1465 433 1528 soret
451 1461 620 1526 Dominus
637 1461 669 1524 in
683 1459 754 1537 illo,
773 1470 809 1525 et
825 1460 884 1524 ille
900 1462 933 1523 in
952 1459 1111 1523 Domino.
1157 1458 1230 1522 Nec
1248 1459 1319 1522 dari
1336 1467 1469 1542 potest,

345 1558 437 1644 quod
457 1556 625 1622 Dominus
644 1557 689 1620 sit
709 1557 742 1619 in
761 1555 876 1639 aliquo
895 1554 1020 1637 angelo
1040 1565 1075 1618 et
1094 1553 1244 1628 homine,
1265 1555 1328 1616 nisi
1346 1553 1416 1630 ille,
1432 1553 1470 1617 in

344 1672 413 1738 quo
436 1671 512 1716 cum
542 1671 660 1716 amore
683 1660 718 1715 et
741 1649 911 1734 sapientia
934 1661 999 1725 est,
1025 1651 1193 1732 percipiat
1219 1659 1255 1713 et
1280 1649 1410 1712 sentiat
1432 1649 1469 1712 id

344 1749 433 1812 sicut
453 1767 569 1811 suum:
595 1768 655 1831 per
671 1745 736 1810 hoc
755 1767 823 1809 non
840 1745 944 1808 modo
960 1745 1131 1828 recipitur,
1149 1744 1330 1808 sedetiam
1347 1763 1466 1827 recep-

344 1852 402 1907 tus
420 1843 597 1918 retinetur,
618 1851 654 1906 et
674 1861 807 1924 quoque
827 1843 1035 1905 redametur.
1082 1838 1198 1922 Quare
1216 1860 1276 1922 per
1295 1840 1328 1902 id
1348 1838 1385 1904 fit
1405 1859 1467 1903 an-

344 1937 443 2020 gelus
461 1939 608 2020 sapiens,
627 1945 662 2001 et
682 1947 800 2000 manet
818 1937 965 2019 sapiens.
1011 1933 1096 2018 Quis
1112 1945 1231 2018 potest
1247 1935 1336 2000 velle
1352 1955 1468 1999 amare

344 2031 531 2097 Dominum
555 2041 592 2096 et
615 2033 822 2114 proximum,
843 2041 879 2095 et
903 2032 977 2115 quis
999 2041 1118 2112 potest
1141 2030 1232 2094 velle
1251 2051 1382 2115 sapere,
1403 2030 1467 2094 nisi

344 2129 473 2192 sentiat
497 2139 533 2192 et
558 2127 724 2210 percipiat
748 2126 782 2189 id
804 2126 896 2209 quod
920 2136 1025 2202 amat,
1046 2127 1150 2191 discit
1174 2136 1210 2189 et
1233 2125 1356 2202 haurit,
1377 2127 1467 2190 sicut

344 2223 464 2286 suum?
509 2221 594 2305 Quis
617 2222 719 2286 aliter
741 2232 860 2305 potest
883 2223 1031 2285 retinere
1054 2220 1139 2284 illud
1159 2220 1249 2303 apud
1273 2220 1333 2284 se?
1378 2218 1413 2285 Si
1431 2220 1465 2282 id

344 2338 414 2381 non
437 2317 536 2395 foret,
555 2337 651 2382 amor
673 2327 709 2382 et
732 2318 903 2400 sapientia
926 2316 1069 2381 influens
1088 2336 1157 2380 non
1178 2316 1326 2400 aliquam
1346 2314 1464 2378 sedem

342 2411 497 2489 haberet,
516 2413 733 2478 transflueret
758 2414 848 2477 enim
873 2432 936 2476 nec
956 2410 1130 2489 afficeret;
1157 2413 1204 2474 sic
1228 2410 1373 2493 angelus
1393 2428 1462 2474 non

341 2507 431 2572 foret
444 2508 599 2591 angelus,
615 2528 677 2573 nec
694 2507 799 2571 homo
815 2508 903 2571 foret
921 2507 1045 2585 homo;
1069 2508 1175 2570 immo
1191 2523 1260 2570 non
1275 2504 1464 2569 ioretaliud

342 2623 443 2686 quam
457 2607 545 2668 sicut
558 2614 611 2668 est
624 2604 861 2667 inanimatum.
906 2602 963 2666 Ex
980 2601 1032 2665 his
1049 2611 1211 2666 constare
1228 2609 1354 2684 potest,
1373 2599 1463 2684 quod

341 2699 555 2781 reciprocum
576 2720 651 2762 esse
671 2699 808 2774 debeat,
830 2707 866 2762 ut
884 2699 929 2761 sit
949 2695 1152 2780 conjundtio.

405 2794 499 2858 116.
529 2792 597 2857 Sed
618 2795 792 2877 quomodo
810 2794 876 2857 hoc
897 2792 945 2868 lit,
966 2794 1057 2876 quod
1077 2792 1220 2876 angelus
1240 2793 1407 2876 percipiat
1426 2801 1461 2857 et

341 2892 467 2954 sentiat
483 2899 520 2954 ut
537 2909 645 2965 suum,
663 2891 762 2954 etsie
780 2890 923 2972 recipiat
939 2898 975 2953 et
991 2890 1149 2965 retineat,
1168 2908 1243 2952 cum
1262 2898 1379 2952 tamen
1393 2908 1461 2953 non

339 2983 412 3067 ejus
432 2994 495 3060 est,
516 2983 610 3068 (nam
630 3005 731 3067 supra
747 2983 875 3049 dictum
891 2995 955 3061 est,
974 2985 1065 3068 quod
1085 2984 1229 3067 angelus
1247 3004 1316 3046 non
1335 2985 1380 3048 sit
1400 3005 1461 3047 an·

340 3079 439 3163 gelus
456 3101 475 3142 a
495 3101 566 3154 suo,
584 3081 644 3142 sed
665 3080 708 3143 ab
726 3080 794 3143 illis
810 3101 897 3163 quae
915 3081 1005 3163 apud
1025 3100 1102 3144 eum
1123 3089 1202 3142 sunt
1218 3099 1263 3142 ex
1283 3077 1460 3163 Domino)

324 3175 428 3239 'nunc
445 3176 587 3240 dicetur.
633 3175 703 3239 Res
715 3177 749 3238 in
766 3197 803 3239 se
820 3175 899 3240 talis
916 3187 979 3240 est.
1021 3175 1084 3239 Est
1097 3176 1185 3258 apud
1202 3177 1461 3258 unumquemvis

339 3272 501 3354 angelum
519 3271 661 3336 liberum
676 3282 711 3335 et
725 3271 960 3336 rationalitas:
982 3271 1066 3335 haec
1080 3273 1147 3335 duo
1164 3279 1243 3334 sunt
1260 3271 1350 3352 apud
1367 3271 1461 3335 illum

340 3377 522 3450 propterea
546 3377 582 3430 ut
606 3367 817 3451 receptibilis
846 3369 970 3432 amoris
995 3377 1029 3430 et
1053 3367 1243 3448 sapientiae
1267 3387 1286 3428 a
1311 3366 1461 3430 Domino

339 3462 394 3524 sit.
441 3461 508 3526 Sed
539 3473 729 3545 utrumque,
751 3474 822 3527 tam
848 3463 990 3526 liberum
1015 3483 1116 3545 quam
1141 3463 1370 3537 rationalitas,
1392 3481 1460 3524 non

339 3565 393 3620 est
415 3557 515 3630 illius,
540 3557 601 3620 sed
623 3567 678 3620 est
703 3557 841 3620 Domini
865 3559 954 3640 apud
979 3557 1084 3621 illum.
1131 3557 1181 3620 At
1205 3558 1283 3640 quia
1306 3556 1367 3620 illa
1391 3558 1461 3621 duo

338 3652 459 3715 intime
479 3648 661 3732 conjuncta
680 3662 759 3715 sunt
779 3654 870 3716 vitae
887 3653 968 3734 ejus,
989 3655 1039 3716 ita
1055 3654 1175 3716 intime
1193 3662 1229 3715 ut
1247 3652 1314 3715 dici
1333 3661 1461 3736 queant

338 3746 432 3810 vitae
451 3743 612 3827 lnjuncta,
633 3748 711 3810 ideo
731 3747 790 3810 illa
813 3759 982 3832 apparent
1006 3749 1094 3812 sicut
1118 3750 1254 3832 propria
1277 3747 1357 3831 ejus.
1403 3746 1459 3811 Ex

338 3839 405 3905 illis
429 3850 548 3925 potest
568 3843 723 3924 cogitare
746 3853 780 3906 et
799 3845 900 3920 velle,
921 3865 960 3908 ac
985 3844 1077 3927 loqui
1101 3855 1136 3907 et
1159 3865 1282 3927 agere;
1314 3853 1349 3908 et
1370 3844 1461 3927 quod

337 3956 384 4001 ex
407 3937 473 4001 illis
496 3936 637 4020 cogitat,
658 3938 744 4014 vult,
765 3939 912 4022 loquitur
935 3949 970 4004 et
995 3941 1077 4023 agit,
1098 3948 1242 4022 apparet
1262 3941 1350 4004 sicut
1369 3961 1389 4003 a
1412 3961 1461 4004 se.

340 4029 417 4096 Hoc
447 4032 529 4097 lacit
563 4034 786 4117 reciprocum,
811 4056 870 4117 per
897 4037 987 4118 quod
1018 4033 1220 4117 conjunctio.
1273 4034 1324 4098 At
1355 4055 1462 4118 usque

336 4138 504 4210 quantum
521 4127 665 4210 angelus
681 4130 789 4192 credit
806 4131 897 4212 quod
914 4151 1010 4194 amor
1027 4139 1062 4194 et
1074 4131 1239 4212 sapientia
1253 4129 1322 4194 sint
1338 4131 1371 4193 in
1388 4129 1460 4204 illo,

335 4232 374 4287 et
397 4225 444 4289 sic
461 4224 614 4288 vindicat
636 4223 696 4287 illa
719 4225 782 4288 sibi
799 4236 836 4288 ut
853 4247 924 4301 sua,
946 4236 1083 4290 tantum
1103 4246 1171 4289 non
1191 4236 1246 4290 est
1265 4224 1461 4308 angelicum

335 4317 371 4381 in
394 4318 465 4394 illo,
482 4329 518 4384 et
540 4319 620 4384 inde
640 4329 775 4383 tantum
800 4341 869 4384 non
893 4331 947 4385 est
971 4318 1167 4403 conjuntlio
1189 4319 1261 4404 ejus
1284 4341 1361 4384 cum
1386 4318 1459 4383 Do·

336 4414 450 4492 min03
476 4434 544 4478 non
564 4415 654 4478 enirn
674 4425 727 4478 est
746 4416 780 4478 in
800 4418 967 4494 veritate;
992 4427 1027 4479 et
1047 4418 1125 4500 quia
1144 4418 1269 4480 veritas
1286 4436 1362 4480 cum
1383 4415 1459 4478 luce

334 4507 424 4573 caeli
443 4529 547 4574 unum
566 4509 656 4586 lacit,
678 4521 815 4574 tantum
832 4532 899 4575 non
921 4523 1037 4594 potest
1057 4534 1133 4576 esse
1153 4515 1186 4577 in
1207 4511 1327 4589 caelo;
1351 4533 1396 4575 ex
1416 4531 1459 4575 eo

334 4602 428 4670 cnim
452 4615 560 4686 negat
584 4606 674 4686 quod
691 4607 786 4668 vivat
810 4629 854 4669 ex
880 4607 1040 4680 Domino,
1063 4618 1098 4670 et
1121 4608 1230 4671 credit
1254 4607 1345 4689 quod
1363 4608 1459 4670 vivat

336 4718 383 4763 ex
402 4719 449 4774 se,
470 4712 722 4780 consequenter
741 4704 832 4783 quod
850 4701 974 4765 Divina
994 4705 1144 4766 essentia
1162 4702 1210 4764 illi
1231 4703 1285 4766 sit.
1332 4701 1371 4765 In
1391 4701 1460 4765 illis
