3422 5380
285 687 350 750 244
641 678 844 732 SAPIENTIA
866 679 1062 732 ANGELICA

285 855 434 938 piantur,
454 851 615 938 quoniam
636 851 751 916 omnia
769 873 857 936 quae
876 851 1087 935 recipiuntur
1106 873 1125 916 a
1141 851 1335 929 voluntate,
1353 873 1415 937 ap·

284 951 503 1034 propriantur
515 948 644 1013 homini
657 969 665 1027 ;
685 956 721 1010 at
732 968 819 1031 quae
832 947 1042 1032 recipiuntur
1055 949 1282 1030 cogitatione,
1294 958 1330 1013 et
1344 970 1414 1015 non

283 1045 475 1120 voluntate,
488 1044 547 1108 illa
559 1053 763 1127 separantur
773 1051 808 1106 et
821 1042 1037 1126 ablegantur.
1067 1043 1165 1107 Haec
1179 1052 1233 1108 est
1247 1045 1414 1110 continua

284 1140 424 1205 Domini
444 1139 664 1205 Providentia
686 1140 777 1221 apud
802 1138 923 1215 malos,
941 1160 1040 1222 quae,
1061 1149 1098 1203 ut
1122 1135 1250 1202 dictum
1273 1148 1340 1216 cst,
1360 1149 1414 1206 est

283 1239 448 1301 continua
465 1237 644 1320 permissio
660 1235 706 1298 ob
724 1233 826 1298 finem
846 1243 884 1297 ut
902 1236 946 1298 sit
966 1243 1131 1318 perpetua
1150 1233 1322 1300 abductio.
1353 1241 1411 1302 [9.]

283 1331 337 1396 De
353 1331 405 1395 his
422 1332 527 1396 homo
545 1332 603 1394 vix
620 1329 747 1414 aliquid
763 1331 841 1404 scit,
859 1331 939 1413 quia
955 1349 1024 1393 non
1041 1331 1208 1414 percipit;
1233 1331 1324 1414 quod
1342 1349 1411 1394 nou

281 1429 459 1511 percipiat,
468 1437 522 1491 est
535 1423 693 1510 primaria
705 1445 818 1502 causa,
827 1427 907 1510 quia
919 1435 1000 1490 sunt
1014 1424 1105 1490 mala
1114 1427 1413 1509 concupiscentia·

281 1542 356 1586 rum
372 1524 499 1587 amoris
511 1523 602 1587 vitae
621 1521 703 1604 ejus,
718 1531 754 1586 et
770 1521 830 1585 illa
846 1521 938 1586 mala
954 1541 1023 1586 non
1040 1523 1237 1587 sentiuntur
1253 1532 1291 1586 ut
1307 1522 1409 1598 mala,

280 1619 343 1682 sed
363 1629 400 1683 ut
416 1617 578 1702 jucunda,
596 1618 640 1681 ad
656 1639 743 1703 quae
760 1637 830 1682 non
846 1617 969 1702 aliquis
988 1619 1152 1683 attendit.
1191 1617 1277 1700 Quis
1292 1629 1409 1684 atten-

280 1715 333 1780 dit
356 1716 400 1779 ad
423 1715 574 1798 jucunda
600 1715 651 1779 sui
675 1713 827 1778 amoris?
874 1715 913 1779 In
936 1715 989 1778 his
1013 1724 1110 1779 natat
1132 1717 1304 1798 cogitatio
1325 1714 1409 1797 ejus,

280 1810 368 1874 sicut
386 1810 510 1892 cymba
532 1831 619 1894 quae
642 1809 749 1874 fertur
764 1811 799 1874 in
815 1829 905 1874 vena
923 1809 1034 1888 fluvii;
1059 1830 1098 1874 ac
1115 1810 1302 1893 percipitur
1320 1812 1409 1876 sicut

278 1905 526 1987 atmosphaera
546 1904 741 1988 fragranter
759 1905 869 1981 olens,
887 1927 974 1989 quae
999 1905 1103 1987 pleno
1122 1906 1242 1988 spiritu
1261 1905 1408 1971 attrahi·

279 2009 354 2065 tur:
388 2001 498 2064 solum
521 2000 649 2084 aliquid
672 2022 719 2064 ex
742 2001 810 2065 illis
833 2002 963 2066 sentire
987 2011 1105 2082 potest
1129 2002 1163 2063 in
1191 2003 1408 2084 cogitatione

279 2115 342 2158 sua
360 2106 520 2170 externa,
541 2096 601 2159 sed
622 2117 728 2180 usque
748 2117 811 2160 nec
831 2097 875 2160 ad
893 2097 953 2160 illa
971 2097 1017 2160 ibi
1036 2097 1202 2171 attendit,
1220 2098 1283 2160 nisi
1300 2097 1408 2179 probe

279 2191 368 2255 sciat
384 2191 475 2274 quod
496 2191 564 2254 sint
584 2191 684 2256 mala.
731 2191 798 2256 Sed
818 2193 861 2257 de
880 2192 933 2256 his
953 2192 1050 2274 plura
1068 2193 1102 2255 in
1123 2211 1212 2254 nunc
1232 2194 1407 2276 sequenti·

278 2285 353 2350 bus
399 2291 471 2354 [Ιο.]
495 2285 686 2368 Quartum:
716 2286 815 2366 Quod
829 2287 983 2352 abductio
999 2310 1022 2351 a
1041 2287 1129 2351 malo
1142 2287 1213 2370 fiat
1227 2287 1320 2350 mille
1337 2309 1406 2351 mo·

278 2381 345 2458 dis,
364 2383 467 2446 etiam
488 2383 735 2461 circuncisionis,
754 2405 777 2446 a
795 2383 944 2446 Domino.
989 2383 1046 2446 Ex
1070 2383 1137 2446 illis
1156 2382 1267 2446 solum
1291 2383 1407 2466 aliqua

279 2477 361 2542 mihi
381 2475 521 2542 detecta
543 2487 635 2554 sunt,
657 2498 775 2543 verum
799 2498 869 2541 non
892 2479 956 2542 nisi
979 2497 1081 2562 quam
1102 2479 1405 2556 communissima;

277 2594 366 2656 quae
398 2583 490 2649 sunt,
517 2574 608 2657 quod
636 2573 788 2656 jucunda
813 2575 1183 2656 concupiscentiarum,
1211 2573 1254 2636 de
1284 2573 1406 2656 quibus

276 2667 383 2732 homo
403 2669 486 2732 nihil
507 2671 584 2744 scit,
605 2671 812 2734 catervatim
835 2679 870 2732 et
892 2668 1118 2733 fasciculatim
1142 2670 1349 2732 emittantur
1371 2669 1405 2732 in

276 2765 512 2847 cogitationes
531 2766 722 2840 interiores,
740 2785 826 2848 quae
844 2774 924 2828 sunt
941 2765 1080 2847 spiritus
1094 2764 1254 2838 hominis,
1272 2773 1308 2827 et
1324 2765 1405 2828 inde

276 2859 311 2924 in
342 2861 575 2942 cogitationes
601 2862 795 2924 exteriores
823 2860 905 2942 ejus,
933 2862 968 2924 in
996 2861 1117 2942 quibus
1144 2869 1313 2943 apparent
1342 2861 1405 2922 sub

276 2954 391 3038 aliquo
407 2975 509 3018 sensu
527 2955 672 3037 volupis‚
690 2957 826 3019 amoeni
846 2965 905 3018 aut
922 2956 1035 3037 cupidi
1050 2975 1057 3034 ;
1082 2964 1118 3019 et
1135 2957 1404 3018 commiscentur

275 3049 322 3115 ibi
342 3071 418 3114 cum
434 3050 592 3132 jucundis
615 3051 828 3115 naturalibus
845 3062 880 3115 et
899 3050 1114 3115 sensualibus
1129 3050 1211 3130 ejus.
1258 3049 1309 3113 Ibi
1325 3059 1404 3113 sunt

275 3146 390 3209 media
406 3147 635 3228 separationis
652 3157 687 3210 et
704 3146 960 3231 purificationis,
974 3155 1010 3210 et
1030 3166 1165 3229 quoque
1181 3145 1257 3208 viae
1274 3145 1402 3209 abduc·

274 3243 380 3306 tionis
411 3252 448 3307 et
478 3243 747 3307 exonerationis.
802 3242 918 3306 Media
949 3251 1029 3304 sunt
1060 3241 1225 3323 imprimis
1252 3238 1403 3322 jucunda

274 3340 525 3415 meditationis,
540 3341 775 3422 cogitationis,
790 3339 985 3402 reflexionis
1002 3348 1143 3421 propter
1155 3337 1288 3420 aliquos
1305 3335 1401 3414 fines,

275 3437 330 3517 qui
348 3447 427 3499 sunt
445 3455 533 3510 usus
546 3445 582 3499 et
599 3435 683 3500 fines
696 3437 752 3519 qui
769 3443 849 3498 sunt
863 3455 943 3498 usus
960 3445 1038 3497 sunt
1056 3434 1203 3496 totidem
1221 3441 1306 3516 quot
1323 3453 1400 3514 par·

274 3531 432 3595 ticularia
454 3540 490 3595 et
512 3531 699 3614 singularia
722 3532 854 3614 negotii
878 3541 914 3594 et
937 3527 1121 3593 sunttionis
1141 3528 1302 3610 alicujus;
1326 3538 1400 3592 tum

274 3628 380 3690 etiam
393 3639 477 3710 quot
495 3638 574 3689 sunt
586 3627 738 3707 jucunda
755 3626 952 3690 reflexionis
972 3634 1114 3706 propter
1132 3622 1216 3687 lines
1236 3633 1273 3687 ut
1292 3643 1399 3706 appa·

273 3733 348 3785 reat
361 3723 449 3786 sicut
461 3721 568 3786 homo
580 3723 688 3786 civilis
701 3733 737 3786 et
751 3722 901 3796 moralis,
917 3731 952 3785 et
965 3741 1099 3803 quoque
1112 3721 1199 3783 sicut
1213 3719 1317 3782 homo
1330 3720 1399 3802 spi-

272 3817 417 3892 ritualis
436 3827 573 3900 praeter
592 3817 775 3900 injucunda
794 3839 881 3901 quae
897 3815 1121 3899 interpolant.
1168 3815 1233 3878 Illa
1249 3814 1399 3896 jucunda

272 3913 352 3996 quia
367 3923 447 3977 sunt
464 3913 589 3976 amoris
605 3913 676 3996 ejus
693 3915 726 3976 in
744 3917 893 3977 externo
909 3913 1059 3982 homine,
1074 3922 1153 3973 sunt
1171 3910 1283 3973 media
1299 3929 1401 3992 sepa·

271 4009 427 4083 rationis,
448 4007 702 4092 purificationis,
720 4009 931 4073 excretionis
947 4017 983 4071 et
999 4003 1215 4069 abdufitionis
1231 4004 1398 4087 jucundo·

271 4124 346 4167 rum
365 4106 721 4186 concupiscentiarum
744 4105 824 4167 mali
841 4104 966 4167 interni
982 4101 1141 4166 hominis.
1181 4106 1242 4167 [11.]
1267 4099 1320 4164 Sit
1336 4119 1400 4181 pro

270 4200 435 4282 exemplo
450 4199 557 4281 judex
577 4199 733 4282 injustus,
753 4203 808 4283 qui
828 4196 963 4282 spectat
984 4198 1077 4261 lucra
1096 4205 1154 4260 aut
1173 4197 1344 4260 amicitias
1361 4205 1398 4260 ut

271 4293 356 4358 fines
372 4316 432 4358 seu
448 4305 486 4358 ut
499 4317 578 4358 usus
591 4293 772 4359 functionis
785 4316 866 4359 suae
879 4317 886 4374 ;
907 4297 935 4358 is
948 4293 1090 4356 interius
1102 4293 1265 4356 continue
1280 4292 1315 4354 in
1330 4290 1399 4354 illis

270 4405 338 4470 est,
356 4395 416 4458 sed
436 4395 589 4459 exterius
609 4406 645 4457 ut
665 4407 748 4478 agat
773 4397 862 4458 sicut
887 4393 1106 4476 legisperitus
1130 4401 1165 4456 et
1181 4391 1314 4473 justus;
1338 4389 1397 4454 ille

269 4491 435 4552 continue
454 4490 487 4553 in
504 4489 655 4572 jucundo
679 4491 927 4565 meditationis
948 4487 1184 4570 cogitationis
1201 4486 1398 4551 reflexiouis

269 4603 311 4647 ac
329 4585 531 4649 intentionis
547 4596 612 4660 est,
630 4596 667 4649 ut
680 4585 734 4667 jus
749 4582 876 4659 flectat,
890 4593 1016 4657 vertat,
1030 4583 1175 4665 adaptet
1192 4592 1227 4647 et
1244 4590 1394 4665 coaptet,

270 4699 376 4762 usque
392 4689 429 4744 ut
446 4679 581 4762 legibus
594 4680 781 4760 conforme,
796 4700 837 4744 ac
850 4679 1001 4764 justitiae
1014 4678 1188 4762 analogon
1205 4686 1373 4760 appareat
1386 4699 1395 4760 ;
