3448 5374
341 683 405 747 204
697 678 900 730 SAPIENTIA
922 679 1119 729 ANGELICA

339 859 507 934 quantum
527 869 623 913 amor
638 848 747 932 primo
766 847 844 913 loco
861 849 959 932 ponit
975 847 1120 926 caelum,
1141 858 1176 914 et
1196 851 1350 915 secundo
1369 871 1469 917 mun·

340 963 433 1023 uum,
455 954 491 1011 et
514 943 614 1009 simul
642 953 809 1028 quantum
833 947 943 1028 primo
973 945 1051 1010 loco
1081 947 1179 1028 ponit
1209 945 1406 1024 Dominum,
1431 957 1469 1015 et

340 1041 491 1109 secundo
506 1048 629 1118 semet,
645 1047 783 1106 tantum
799 1060 895 1105 amor
910 1040 1109 1107 defaecatur
1125 1041 1170 1106 ab
1186 1042 1370 1108 immundis
1386 1046 1467 1124 suis,

340 1147 376 1204 et
394 1135 607 1222 purificatur;
637 1134 705 1201 hoc
729 1147 794 1214 est,
815 1146 951 1202 tantum
970 1137 1126 1202 elevatur
1143 1137 1178 1202 in
1198 1137 1348 1204 calorem
1367 1139 1466 1220 caeli,

338 1243 376 1300 et
395 1230 613 1317 conjungitur
631 1231 698 1296 luci
717 1232 815 1308 caeli,
836 1233 870 1297 in
889 1253 956 1316 qua
974 1241 1028 1297 est
1043 1230 1252 1311 intellectus,
1269 1243 1305 1300 et
1324 1235 1364 1300 fit
1383 1256 1466 1302 con·

334 1327 478 1414 jugium,
502 1329 596 1412 quod
618 1337 765 1394 vocatur
794 1326 989 1412 conjugium
1018 1328 1101 1394 boni
1130 1339 1167 1394 et
1196 1331 1278 1407 veri,
1301 1330 1369 1396 hoc
1399 1342 1466 1411 est,

338 1425 466 1491 amoris
485 1435 520 1489 et
543 1423 745 1508 sapientiae.
791 1421 942 1508 Quisque
966 1433 1085 1506 potest
1107 1423 1287 1490 intellectu
1310 1445 1466 1511 compre·

338 1519 502 1598 hendere,
526 1529 562 1585 et
585 1517 802 1586 rationaliter
824 1519 952 1597 videre,
976 1521 1068 1605 quod
1092 1531 1258 1602 quantum
1281 1523 1355 1605 quis
1378 1523 1467 1607 fugit

338 1625 375 1681 et
393 1624 571 1681 aversatur
588 1615 679 1680 furta
696 1624 733 1680 et
753 1615 1042 1692 defraudationes,
1062 1624 1199 1680 tantum
1216 1628 1309 1682 amet
1325 1619 1466 1684 sinceri·

338 1721 461 1788 tatem,
482 1709 724 1777 rectitudinem
743 1722 779 1776 et
795 1710 986 1792 justitiam3
1010 1720 1083 1776 tum
1100 1721 1267 1797 quantum
1285 1715 1360 1796 quis
1378 1712 1466 1798 sugit

337 1818 374 1871 et
404 1817 580 1871 aversatur
602 1804 773 1871 vindittas
795 1817 831 1871 et
854 1807 943 1884 odia,
968 1815 1105 1871 tantum
1128 1817 1222 1871 amet
1245 1809 1464 1890 proximum3

338 1912 375 1968 ut
400 1913 435 1968 et
458 1913 625 1987 quantum
651 1904 725 1987 quis
748 1904 836 1987 fugit
859 1913 895 1968 et
919 1911 1098 1968 aversatur
1120 1903 1302 1979 adulteria,
1327 1912 1465 1971 tantum

338 2013 430 2064 amet
447 2002 657 2076 castitatem,
672 2009 708 2064 et
725 2001 772 2063 sic
790 2019 902 2081 porro.
940 1999 1052 2063 Immo
1068 1999 1127 2062 vix
1144 1999 1265 2082 aliquis
1281 2004 1465 2084 cognoscit

338 2096 418 2178 quid
442 2095 528 2160 caeli
552 2106 587 2160 et
611 2096 691 2179 quid
716 2093 855 2159 Do'mini
878 2104 931 2159 est
954 2095 988 2158 in
1011 2095 1222 2170 sinceritate,
1248 2092 1463 2175 rectitudine,

333 2189 477 2272 justitia,
503 2211 619 2255 amore
649 2211 731 2273 erga
761 2191 967 2273 proximum,
993 2191 1168 2265 castitate,
1193 2199 1229 2254 et
1260 2191 1294 2254 in
1325 2192 1464 2275 reliquis

337 2289 462 2350 amoris
478 2287 639 2351 caelestis
655 2282 901 2361 affectionibus,
917 2287 1120 2369 priusquam
1139 2295 1332 2351 removerat
1346 2307 1464 2353 eorum

336 2385 508 2465 opposita.
565 2382 650 2447 Cum
674 2391 870 2446 removerat
893 2383 1064 2464 opposita,
1090 2391 1171 2446 tunc
1196 2383 1229 2444 in
1251 2381 1319 2444 illis
1341 2393 1407 2459 est,
1427 2393 1466 2449 et

336 2501 382 2542 ex
403 2479 469 2542 illis
489 2479 671 2560 cognoscit
688 2489 723 2543 et
739 2477 835 2541 videt
852 2477 929 2540 illas
944 2498 952 2555 ;
975 2477 1109 2540 interea
1124 2487 1179 2540 est
1195 2478 1282 2542 sicut
1301 2477 1463 2543 velamen

336 2577 589 2657 interpositum,
610 2575 701 2657 quod
721 2574 859 2658 quidem
879 2573 991 2638 lucem
1011 2573 1097 2637 caeli
1115 2573 1159 2636 ad
1179 2592 1329 2637 amorem
1349 2583 1462 2639 trans·

337 2671 456 2746 mittit,
470 2671 529 2733 sed
544 2672 623 2753 quia
636 2669 816 2752 conjugem
831 2670 1036 2751 sapientiam
1050 2689 1120 2733 non
1133 2670 1166 2732 in
1180 2689 1222 2732 eo
1234 2670 1344 2750 gradu
1357 2679 1460 2746 amat,

336 2785 404 2828 non
425 2766 544 2848 recipit
567 2765 672 2842 illam,
693 2767 796 2830 immo
818 2765 906 2829 forte
929 2766 1104 2847 redarguit
1125 2776 1161 2828 et
1181 2765 1335 2849 increpat
1355 2765 1460 2843 illam,

337 2860 419 2924 dum
433 2883 477 2924 ex
490 2861 684 2925 elevatione
695 2862 783 2925 redit
796 2883 804 2940 ;
825 2861 885 2924 sed
899 2881 1004 2944 usque
1015 2860 1235 2926 adblanditur
1245 2862 1359 2942 perid,
1369 2860 1461 2946 quod

336 2957 506 3039 sapientia
522 2954 718 3020 intellectus
734 2959 784 3020 sui
801 2957 910 3039 possit
927 2957 1088 3021 inservire
1104 2956 1236 3031 honori,
1254 2957 1385 3038 gloriae
1401 2965 1461 3022 aut

336 3051 431 3117 lucro
451 3073 512 3135 pro
529 3053 666 3132 medio;
686 3063 723 3117 at
740 3063 820 3116 tunc
842 3054 952 3136 primo
972 3053 1050 3117 loco
1070 3055 1165 3136 ponit
1181 3063 1292 3118 semet
1308 3065 1344 3117 et
1361 3073 1459 3117 mun·

336 3148 429 3225 dum,
450 3159 486 3213 et
510 3148 664 3213 secundo
687 3148 872 3212 Dominum
895 3158 931 3213 et
951 3148 1107 3227 caelum,
1139 3158 1174 3213 et
1194 3150 1285 3232 quod
1308 3149 1461 3213 secundo

335 3243 414 3309 loco
433 3247 580 3327 ponitur,
599 3253 735 3309 tantum
754 3255 889 3309 amatur
908 3253 1074 3329 quantum
1097 3244 1238 3308 inservit
1254 3266 1261 3323 ;
1285 3253 1320 3308 et
1339 3245 1366 3307 si
1389 3264 1459 3309 non

334 3341 488 3417 inservit,
513 3343 693 3406 abdicatur
715 3351 751 3406 et
775 3341 946 3424 rejicitur;
978 3342 1006 3404 si
1030 3360 1099 3404 non
1123 3342 1224 3423 prius,
1250 3362 1354 3424 usque
1379 3347 1459 3423 post

334 3447 491 3501 mortem.
537 3436 594 3502 Ex
613 3438 666 3502 his
683 3457 771 3501 nunc
789 3447 929 3501 constat
945 3436 1083 3509 veritas,
1098 3436 1188 3518 quod
1209 3455 1306 3499 amor
1321 3456 1381 3499 seu
1397 3456 1458 3501 vo·

334 3529 450 3596 luntas
470 3533 665 3614 purificetur
688 3533 721 3596 in
745 3533 937 3608 intellectu,
959 3533 986 3594 si
1006 3531 1105 3593 simul
1125 3530 1314 3595 elevantur.

397 3641 499 3709 42⁰.
529 3627 646 3693 Simile
673 3627 845 3710 effigiatur
871 3629 905 3691 in
933 3625 1107 3710 pulmone,
1133 3625 1225 3707 cujus
1251 3626 1398 3690 arteriae
1421 3635 1458 3691 et
1553 3685 1561 3696 .

333 3741 443 3785 venae
474 3724 746 3805 correspondent
772 3720 1007 3788 affectionibus
1038 3743 1125 3805 quae
1151 3732 1231 3785 sunt
1259 3722 1396 3797 amoris,
1420 3730 1458 3787 et

335 3815 426 3898 :ujus
447 3819 690 3899 respirationes
713 3819 986 3901 correspondent
1008 3817 1287 3900 perceptionibus
1306 3827 1342 3881 et
1361 3816 1456 3900 cogi·

333 3913 521 3977 tationibus
533 3934 621 3996 quae
634 3924 715 3978 sunt
729 3913 939 3989 intellectus,
953 3922 990 3977 ut
1007 3932 1109 3994 supra
1125 3913 1255 3976 dictum
1269 3921 1330 3976 est.
1355 3911 1460 3994 Quod

332 4009 474 4090 sanguis
500 4010 615 4073 cordis
642 4010 675 4073 in
707 4009 869 4092 pulmone
893 4029 930 4073 se
954 4006 1110 4091 purificet
1134 4007 1179 4071 ab
1202 4008 1395 4090 indigestis,
1420 4015 1457 4072 et

333 4105 424 4188 quod
444 4125 488 4169 ex
509 4126 587 4170 aere
606 4114 760 4170 attracto
779 4127 816 4170 se
833 4107 939 4170 etiam
958 4105 1089 4169 nutriat
1108 4103 1391 4180 conducibilibus,
1411 4124 1459 4168 ex

332 4199 442 4265 multa
465 4203 682 4285 experientia
705 4211 855 4266 constat.
902 4199 999 4281 Quod
1017 4197 1163 4283 sanguis
1180 4220 1218 4265 se
1237 4199 1395 4284 purificet
1414 4197 1459 4264 ab

331 4293 513 4378 indagarat
542 4297 580 4362 in
604 4297 770 4379 pulmone,
802 4305 943 4362 constat
973 4317 1042 4360 non
1071 4296 1183 4360 solum
1212 4316 1259 4359 ex
1288 4295 1459 4378 sanguine

331 4389 506 4468 influente,
527 4394 583 4477 qui
603 4403 656 4458 est
673 4414 833 4470 venosus,
851 4402 886 4457 et
907 4393 987 4456 inde
1004 4391 1166 4475 oppletus
1182 4390 1286 4473 chylo
1305 4390 1459 4455 collecto

330 4485 376 4547 ab
409 4486 597 4552 esculentis
627 4498 663 4553 et
692 4490 832 4564 vinosis,
857 4488 917 4552 sed
949 4489 1054 4553 etiam
1091 4487 1135 4550 ab
1164 4485 1458 4568 exspirationibus

331 4599 420 4662 quae
438 4580 600 4647 humidae
619 4593 710 4658 sunt,
732 4594 767 4647 et
791 4584 835 4647 ab
857 4583 925 4647 illis
948 4584 1121 4668 perceptis
1139 4582 1245 4646 odore
1265 4581 1396 4644 narium
1412 4581 1459 4644 ab

331 4671 420 4755 aliis,
436 4685 475 4742 ut
499 4686 604 4744 etex
627 4680 803 4763 sanguinis
826 4678 1001 4744 refluentis
1027 4678 1062 4742 in
1084 4676 1316 4743 ventriculum
1342 4673 1460 4741 cordis
