3424 5368
508 658 558 709 DE
582 657 718 707 DIVINA
742 653 1098 706 PROVIDEN'l'IA.-N.
1118 655 1190 721 209.
1351 652 1408 720 145

283 831 344 898 ille
362 850 441 896 cum
463 851 524 894 sua
546 835 710 894 consorte
732 827 844 902 sedet,
861 835 897 890 et
920 846 982 910 pro
1001 834 1125 890 natura
1143 832 1266 888 contra
1286 822 1411 899 Deum,

285 939 321 994 et
349 949 412 1012 pro
438 927 574 1010 propria
600 923 785 1008 prudentia
812 931 935 986 contra
961 921 1123 986 Divinam
1153 919 1412 983 Providentiam

284 1025 395 1090 amice
414 1023 675 1086 ratiocinantur.

348 1131 446 1202 Μ.
480 1117 574 1182 Unde
601 1126 633 1180 et
661 1115 747 1199 quid
765 1113 895 1178 Divina
916 1111 1261 1178 Providentia-Est
1285 1111 1413 1174 Divina

285 1215 444 1300 operatio
466 1213 557 1296 apud
580 1213 766 1288 hominem,
783 1211 840 1296 qui
864 1228 1016 1274 amorem
1041 1209 1091 1270 sui
1114 1210 1281 1288 removit;
1316 1227 1413 1271 amor

285 1312 376 1377 enim
390 1309 441 1372 sui
457 1318 522 1384 est,
536 1318 574 1373 ut
594 1306 723 1373 didtum
739 1316 805 1384 est,
817 1306 985 1380 diabolus,
1000 1325 1039 1368 ac
1059 1304 1362 1386 concupiscentiae
1374 1311 1412 1366 et

285 1407 405 1470 harum
422 1403 571 1486 jucunda
593 1413 674 1468 sunt
698 1403 789 1467 mala
807 1403 905 1485 regni
926 1399 1010 1483 ejus,
1031 1400 1122 1482 quod
1145 1407 1201 1462 est
1223 1397 1413 1477 infernum;

287 1521 354 1584 quo
387 1509 535 1577 remoto,
566 1501 675 1563 intrat
710 1499 879 1563 Dominus
911 1516 989 1560 cum
1018 1492 1256 1559 affectionibus
1286 1494 1415 1556 amoris

286 1597 446 1682 proximi,
471 1604 508 1659 et
531 1597 642 1678 aperit
665 1594 852 1658 fenestram
871 1590 956 1658 tecti
978 1591 1061 1674 ejus,
1082 1599 1119 1656 et
1142 1591 1221 1655 dein
1243 1589 1414 1653 fenestras

287 1692 444 1768 laterum,
462 1700 499 1755 et
515 1691 597 1755 facit
614 1700 651 1755 ut
669 1691 787 1755 videat
803 1689 896 1774 quod
912 1688 1048 1753 caelum
1064 1689 1121 1764 sit,
1136 1686 1227 1771 quod
1244 1686 1316 1749 vita
1331 1694 1413 1769 post

287 1799 445 1865 mortem,
466 1799 502 1853 et
521 1788 613 1872 quod
632 1798 776 1852 aeterna
793 1787 962 1864 felicitas;
986 1796 1022 1849 et
1042 1805 1103 1866 per
1121 1784 1233 1848 lucem
1253 1783 1413 1866 spiritua·

286 1885 354 1951 lem
371 1895 408 1950 et
427 1886 527 1950 simul
545 1906 606 1967 per
621 1905 774 1948 amorem
791 1882 1005 1968 spiritualem
1022 1891 1104 1947 tunc
1121 1880 1314 1954 influentes,
1331 1878 1418 1945 facit

285 1981 381 2046 illum
401 2003 604 2064 agnoscere,
624 1981 716 2064 quod
738 1981 831 2046 Deus
850 2001 911 2063 per
930 1977 1093 2042 Divinam
1112 1995 1209 2040 suam
1226 1975 1416 2040 Providen-

286 2079 370 2142 tiam
390 2086 489 2160 regat
509 2078 634 2141 omnia.

349 2171 450 2237 2⁰8.
482 2172 625 2252 Quinam
643 2181 675 2237 et
691 2171 806 2255 quales
824 2171 866 2236 ln'
882 2182 915 2236 et
935 2170 992 2235 illi
1005 2170 1195 2236 sunt-Illi
1213 2173 1269 2257 qui
1289 2173 1413 2254 Deum,

286 2279 322 2334 et
353 2269 515 2332 Divinam
543 2269 655 2350 Ipsius
686 2268 942 2332 Providentiam
973 2277 1180 2350 agnoscunt,
1209 2280 1290 2333 sunt
1324 2272 1413 2337 sicut

286 2364 402 2447 angeli
426 2366 523 2440 caeli,
544 2366 599 2448 qui
623 2375 826 2428 aversantur
844 2364 923 2428 duci
946 2383 966 2427 a
989 2374 1113 2440 semet,
1133 2373 1168 2427 et
1192 2376 1311 2429 amant
1335 2351 1424 2432 duci‘

285 2483 306 2525 a
323 2463 484 2526 Domino.
530 2461 699 2525 Indicium
719 2461 810 2544 quod
830 2460 1046 2543 ducantur-a
1065 2460 1226 2535 Domino,
1246 2471 1301 2526 est
1320 2464 1412 2546 quod

286 2568 404 2622 ament
424 2557 629 2639 proximum.
674 2555 726 2619 At
749 2556 806 2639 qui
829 2565 988 2619 naturam
1011 2564 1048 2620 et
1071 2556 1244 2639 propriam
1263 2558 1412 2641 pruden-

286 2656 371 2719 tiam
390 2663 597 2735 agnoscunt,
617 2662 698 2716 sunt
717 2653 806 2715 sicut
826 2651 965 2734 spiritus
984 2650 1116 2728 inferni,
1134 2652 1191 2735 qui
1209 2663 1414 2718 aversantur

286 2751 364 2813 duci
388 2771 407 2812 a
436 2749 596 2824 Domino,
618 2757 655 2812 et
678 2757 799 2812 amant
823 2746 900 2810 duci
929 2767 949 2811 a
976 2758 1112 2812 semet:
1140 2748 1196 2830 qui
1222 2749 1252 2812 si
1277 2749 1413 2815 fuerunt

287 2855 470 2927 magnates
490 2844 615 2927 Regni,
637 2844 759 2909 volunt
779 2843 947 2907 dominari
970 2863 1071 2927 super
1094 2844 1230 2907 omnia:
1256 2845 1414 2911 similiter

284 2943 313 3004 si
328 2941 465 3005 fuerunt
479 2941 643 3022 primates
654 2940 841 3017 ecclesiae;
861 2940 889 3002 si
905 2937 1040 3003 fuerunt
1053 2939 1197 3021 judices,
1212 2951 1413 3022 pervertunt

282 3035 419 3121 judicia,
444 3048 480 3100 et
509 3036 725 3100 dominatum
749 3055 850 3118 super
878 3033 975 3116 leges
999 3045 1187 3114 exercent;
1220 3037 1247 3099 si
1277 3037 1413 3104 fuerunt

286 3130 389 3208 docti,
408 3131 596 3195 scientifica
613 3131 790 3216 applicant
808 3130 850 3193 ad
871 3129 1143 3194 confirmandum
1161 3134 1333 3214 proprium
1349 3134 1412 3198 ho·

285 3231 386 3292 minis
402 3238 437 3292 et
454 3238 611 3292 naturam
629 3249 635 3307 ;
661 3229 688 3291 si
705 3228 942 3310 negotiatores
954 3226 1098 3302 fuerunt,
1110 3237 1219 3308 agunt
1237 3228 1411 3313 latrones;

284 3328 312 3390 si
337 3326 450 3390 coloni
473 3325 620 3400 fuerunt,
640 3334 748 3408 agunt
769 3323 893 3388 [liures.
939 3321 1070 3388 Omnes
1093 3332 1173 3387 sunt
1193 3323 1311 3389 hostes
1336 3325 1411 3402 Dei,

284 3432 321 3486 et
339 3423 608 3486 subsannatores
625 3420 772 3485 Divinae
792 3420 1044 3485 Providentiae.

348 3530 451 3599 οὓς.
482 3515 639 3580 Mirabile
657 3527 722 3592 est,
742 3517 833 3600 quod
853 3537 930 3580 cum
947 3517 1099 3600 aperitur
1117 3515 1245 3581 talibus
1266 3517 1411 3598 caelum,

284 3623 321 3678 et
345 3613 469 3676 dicitur
488 3613 579 3695 quod
598 3614 783 3688 insaniant,
805 3622 840 3677 et
864 3614 897 3677 id
917 3634 1052 3696 quoque
1075 3614 1119 3677 ad
1142 3615 1252 3696 ipsam
1275 3614 1411 3680 illorum

285 3709 556 3792 perceptionem,
588 3710 679 3791 quod
707 3707 745 3773 fit
780 3729 840 3792 per
867 3709 1032 3772 influxum
1059 3729 1099 3774 ac
1129 3709 1410 3788 illustrationem,

285 3806 537 3882 manifestatur,
555 3828 663 3891 usque
680 3818 798 3874 tamen
818 3830 863 3873 ex
882 3809 1122 3891 indignatione
1138 3807 1328 3872 occludunt
1348 3809 1411 3873 sibi

283 3902 428 3978 caelum,
447 3913 482 3966 et
497 3900 656 3986 spedtant
673 3905 706 3968 in
723 3914 862 3978 terram,
876 3904 939 3968 sub
954 3925 1022 3988 qua
1037 3915 1091 3968 est
1108 3903 1286 3968 infernum.
1333 3903 1410 3968 Hoc

283 3999 321 4062 fit
353 3999 520 4063 cumillis
551 4001 584 4062 in
614 4002 743 4065 mundo
766 4001 945 4084 spirituali,
969 4002 1025 4085 qui
1049 4000 1160 4065 adhuc
1184 4009 1286 4064 extra
1309 4000 1411 4065 infer·

283 4115 366 4159 num
400 4105 491 4170 sunt,
526 4117 565 4159 ac
597 4096 709 4161 tales:
745 4119 791 4161 ex
821 4118 889 4181 quo
922 4107 1022 4180 patet
1056 4119 1150 4162 error
1179 4098 1326 4174 illorum,
1355 4101 1411 4182 qui

283 4193 458 4274 cogitant,
478 4189 542 4255 “Si
566 4192 683 4256 videro
703 4194 848 4268 caelum,
868 4205 904 4259 et
928 4195 1092 4260 audivero
1110 4194 1255 4278 angelos
1275 4215 1410 4260 mecum

284 4286 479 4370 loquentes,
505 4289 723 4369 agnoscam.”
768 4288 836 4354 Sed
859 4289 1057 4356 intelledtus
1081 4291 1216 4356 illorum
1239 4293 1411 4376 agnoscit,

280 4394 322 4447 at
345 4385 373 4447 si
405 4403 473 4447 non
504 4384 604 4447 simul
636 4385 809 4458 voluntas,
835 4408 941 4470 usque
975 4408 1043 4450 non
1078 4399 1295 4469 agnoscunt:
1331 4409 1410 4452 nam

283 4498 382 4543 amor
401 4477 593 4542 voluntatis
617 4477 761 4560 inspirat
783 4475 974 4542 intelledtui
997 4479 1155 4561 quicquid
1179 4479 1263 4555 vult,
1284 4489 1319 4543 et
1340 4499 1409 4542 non

282 4574 455 4651 vicissim;
497 4573 603 4636 immo
632 4571 729 4637 delet
759 4590 861 4635 omne
894 4571 986 4656 quod
1017 4572 1050 4635 in
1080 4570 1260 4638 inteltettu
1291 4592 1360 4637 non
1390 4595 1412 4636 a

283 4678 397 4742 semet
416 4675 481 4732 est.
