3352 5374
437 683 486 732 DE
510 681 646 733 DlVINO
671 681 817 746 AMORE,
836 681 929 734 PARS
952 682 1085 735 111.-N.
1104 685 1175 749 242.
1326 687 1368 754 97

245 873 305 936 per
327 853 552 934 aperitionem
576 853 666 916 enim
696 853 830 916 illorum
847 853 941 917 venit
963 853 997 916 in
1028 852 1153 935 gradus
1177 855 1370 935 superiores

245 947 369 1010 amoris
392 956 428 1009 et
455 945 656 1027 sapientiae,
681 946 728 1008 sic
754 946 892 1026 propius
916 946 960 1008 ad
989 946 1185 1008 Dominum.
1231 945 1289 1009 Ex
1317 946 1370 1008 his

245 1048 407 1102 constare
419 1045 547 1120 potest,
562 1037 652 1120 quod
669 1039 757 1101 sicut
771 1037 819 1100 illi
832 1038 959 1120 gradus
975 1038 1185 1120 aperiuntur,
1202 1037 1251 1100 ita
1264 1037 1370 1100 homo

246 1130 279 1194 in
300 1131 450 1193 Domino
469 1130 525 1204 sit,
546 1139 582 1193 et
603 1129 771 1192 Dominus
790 1129 823 1193 in
844 1127 914 1193 illo.

308 1237 401 1304 241·
433 1217 570 1284 Didium
594 1231 648 1284 est
675 1243 788 1304 supra,
814 1221 903 1304 quod
929 1232 999 1286 tres
1022 1222 1150 1304 gradus
1173 1221 1369 1284 altitudinis

246 1315 314 1377 sint
337 1315 425 1376 sicut
444 1312 530 1386 finis,
552 1333 654 1376 causa
676 1323 712 1376 et
736 1313 886 1388 effedlus,
907 1323 942 1377 et
965 1315 1056 1396 quod
1081 1314 1268 1378 secundum
1289 1312 1368 1375 illos

246 1405 372 1488 gradus
391 1405 580 1468 succedant
596 1425 703 1478 amor,
718 1407 886 1486 sapientia
906 1417 943 1469 et
962 1427 1040 1468 usus
1056 1427 1063 1482 ;
1088 1427 1191 1488 quare
1210 1404 1263 1468 hic
1285 1425 1367 1486 pau·

247 1499 295 1560 cis
314 1498 448 1561 dicetur
466 1497 509 1560 de
533 1517 648 1560 amore
666 1498 756 1579 quod
782 1500 826 1560 sit
843 1496 930 1572 finis,
951 1499 994 1560 de
1019 1499 1187 1580 sapientia
1206 1498 1296 1578 quod
1322 1499 1367 1560 sit

247 1610 360 1662 causa,
381 1599 417 1652 et
436 1590 479 1652 de
499 1610 559 1651 usu
579 1590 669 1672 quod
690 1591 734 1652 sit
754 1587 904 1652 effectus.
951 1589 1102 1671 Quisque
1122 1592 1177 1671 qui
1198 1592 1367 1652 rationein

247 1702 353 1755 suam,
375 1683 454 1744 dum
479 1682 538 1743 illa
568 1683 602 1743 in
633 1682 708 1744 luce
732 1694 797 1755 est,
818 1683 979 1756 consulit,
1001 1693 1118 1764 potest
1138 1683 1253 1744 videre
1267 1681 1367 1762 ¹quod

220 1795 224 1802 ·
247 1794 342 1837 amor
361 1774 509 1837 hominis
532 1774 576 1835 sit
598 1773 674 1836 finis
694 1775 846 1837 omnium
863 1774 944 1855 ejus,
965 1794 1044 1837 nam
1065 1775 1154 1857 quod
1174 1784 1280 1847 amat,
1301 1774 1367 1836 hoc
1439 1815 1441 1822 ·

247 1867 391 1947 cogitat,
412 1865 478 1929 hoc
499 1866 687 1941 concludit,
705 1877 741 1930 et
755 1867 819 1930 hoc
840 1867 932 1940 lacit,
953 1878 1206 1948 consequenter
1223 1887 1283 1948 pro
1302 1865 1369 1928 fine

247 1959 372 2035 habet;
403 1959 508 2021 homo
531 1959 637 2021 etiam
666 1981 712 2021 ex
742 1961 875 2022 ratione
899 1980 959 2022 sua
983 1960 1097 2022 videre
1129 1970 1256 2040 potest,
1278 1961 1368 2040 quod

247 2052 419 2132 sapientia
442 2052 486 2114 sit
510 2071 623 2123 causa,
644 2071 723 2113 nam
746 2051 815 2126 ille,
833 2073 892 2114 seu
916 2052 987 2132 ejus
1006 2071 1101 2114 amor
1124 2053 1180 2133 qui
1204 2062 1257 2114 est
1282 2051 1367 2125 finis,

247 2143 280 2205 in
297 2139 476 2207 intellediu
492 2144 661 2224 conquirit
678 2145 802 2217 media,
817 2164 876 2225 per
891 2165 977 2226 quae
997 2144 1040 2206 ad
1060 2143 1161 2206 finem
1178 2163 1275 2205 suum
1293 2163 1368 2224 per·

247 2237 383 2312 veniat;
415 2237 464 2298 ita
487 2236 635 2298 consulit
655 2237 860 2316 sapientiam
881 2256 987 2310 suam,
1008 2256 1047 2298 ac
1072 2237 1184 2298 media
1203 2236 1263 2297 illa
1286 2236 1367 2298 laci-

248 2337 309 2390 unt
336 2347 474 2390 causam
502 2347 562 2408 per
592 2346 703 2409 quam.
756 2325 857 2408 Quod
888 2349 967 2390 usus
998 2329 1042 2391 sit
1070 2326 1209 2390 eiledtus
1240 2328 1370 2409 absque

248 2418 484 2501 explicatione
503 2428 611 2502 patet.
657 2417 725 2482 Sed
749 2440 845 2482 amor
868 2421 958 2502 apud
978 2440 1081 2483 unum
1101 2419 1274 2483 hominem
1299 2441 1369 2483 non

248 2521 302 2574 est
320 2512 411 2575 idem
431 2513 487 2594 qui
506 2511 596 2593 apud
616 2511 784 2590 alterum;
813 2513 862 2576 ita
882 2532 944 2575 nec
964 2513 1135 2594 sapientia
1154 2515 1244 2594 apud
1266 2531 1369 2574 unum

248 2614 301 2667 est
321 2605 442 2668 eadem
462 2625 549 2686 quae
569 2604 659 2686 apud
679 2603 847 2682 alterum;
872 2606 1014 2686 proinde
1032 2625 1093 2668 nec
1115 2626 1193 2667 usus
1205 2627 1213 2682 ;
1238 2616 1273 2668 et
1292 2606 1370 2686 quia

248 2697 312 2759 tria
330 2695 390 2762 illa
409 2696 626 2778 homogenea
645 2706 736 2771 sunt,
760 2694 812 2780 (ut
832 2717 943 2779 supra,
963 2717 993 2758 n.
1018 2698 1171 2778 189-194,
1190 2707 1369 2760 ostensum

248 2787 331 2870 est,)
352 2789 515 2870 sequitur,
540 2789 630 2872 quod
651 2789 761 2872 qualis
780 2789 869 2872 apud
890 2789 1065 2852 hominem
1086 2799 1139 2852 est
1159 2808 1266 2864 amor,
1288 2789 1370 2852 talis

249 2881 338 2963 apud
358 2879 522 2944 illumsit
545 2881 724 2963 sapientia,
745 2891 781 2944 et
805 2881 896 2963 quod
928 2881 1007 2944 talis
1032 2883 1076 2944 sit
1101 2902 1189 2943 usus.
1235 2880 1371 2945 Dicitur

249 2973 428 3054 sapientia,
449 2973 510 3037 sed
530 2972 738 3056 intelligitur
756 2974 789 3037 id
809 2974 900 3057 quod
920 2971 1118 3037 intelledlus
1137 2973 1207 3056 ejus
1227 2982 1290 3036 est.

250 3212 365 3297 Quot>
398 3229 475 3280 LUX
499 3228 734 3280 SPIRITUALIS
770 3221 940 3278 INFLUAT
972 3227 1043 3278 PER
1080 3228 1175 3279 TRES
1215 3227 1369 3280 GRADUS

375 3321 477 3372 APUD
507 3319 703 3382 HOMINEM,
734 3320 804 3372 SED
834 3320 915 3370 NON
952 3319 1079 3369 anOR
1116 3319 1368 3383 SP1R1TUAL18,

376 3412 452 3463 NISI
475 3411 663 3476 QUANTUM
691 3411 803 3462 HOMO
827 3411 942 3463 FUGIT
971 3411 1081 3462 MALA
1105 3411 1155 3462 UT
1184 3410 1368 3474 PECCATA,

376 3504 425 3556 ET
447 3504 613 3555 SPECTAT
637 3505 689 3554 AD
713 3503 907 3574 DOMINlJM.

314 3654 435 3740 mm·
457 3655 514 3720 Ex
542 3676 643 3739 supra
670 3657 918 3720 demonstratis
945 3665 1096 3732 constat,
1122 3656 1213 3741 quod
1241 3677 1261 3721 a
1288 3653 1370 3720 Sole

251 3749 348 3824 caeli,
365 3750 421 3832 qui
440 3760 493 3813 est
511 3751 655 3830 primum
672 3751 862 3832 procedens
879 3749 994 3813 Divini
1010 3749 1151 3813 Amoris
1167 3759 1203 3814 et
1223 3749 1370 3813 Divinae

251 3841 459 3924 Sapientiae,
476 3841 534 3924 (de
550 3863 617 3924 quo
636 3841 668 3904 in
683 3841 842 3906 Secunda
859 3842 958 3906 Parte
975 3840 1089 3905 actum
1107 3840 1189 3926 est,)
1206 3843 1371 3925 procedat

251 3935 313 3998 lux
333 3946 368 3997 et
388 3935 503 4012 calor;
532 3954 552 3996 a
570 3933 746 4014 Sapientia
766 3934 876 4016 ipsius
896 3936 967 4010 lux,
989 3946 1024 3998 et
1048 3935 1092 3998 ab
1111 3934 1242 3998 Amore
1260 3934 1371 4017 ipsius
1397 3985 1402 3995 .

252 4027 359 4104 calor;
383 4036 419 4090 et
431 4027 523 4109 quod
539 4025 599 4088 lux
616 4029 661 4089 sit
677 4027 932 4107 receptaculum
949 4028 1150 4108 sapientiae,
1161 4035 1196 4089 et
1212 4027 1306 4089 calor
1317 4047 1369 4088 re-

252 4119 469 4200 ceptaculum
482 4119 607 4181 amoris
622 4139 629 4194 ;
653 4129 690 4181 et
706 4120 796 4200 quod
813 4129 978 4200 quantum
995 4119 1100 4182 homo
1115 4119 1150 4180 in
1167 4118 1371 4198 sapientiam

252 4211 358 4285 venit,
376 4220 512 4274 tantum
531 4211 564 4272 in
585 4209 745 4273 Divinam
764 4209 857 4272 illam
875 4211 986 4272 lucem
1005 4212 1132 4284 veniat,
1151 4220 1186 4273 et
1205 4220 1371 4291 quantum

253 4304 287 4365 in
306 4322 468 4376 amorem,
486 4311 622 4365 tantum
641 4303 675 4365 in
695 4301 856 4364 Divinum
875 4300 970 4364 illum
987 4302 1148 4364 calorem.
1195 4301 1252 4365 Ex
1271 4323 1372 4384 supra

254 4395 496 4458 demonstratis
512 4395 618 4457 etiam
634 4404 785 4470 constat,
803 4395 894 4476 quod
910 4405 981 4457 tres
999 4395 1124 4475 gradus
1143 4393 1226 4458 lucis
1246 4404 1281 4458 et
1301 4404 1372 4458 tres

254 4486 380 4567 gradus
392 4486 515 4550 caloris
531 4486 611 4562 sint,
629 4507 688 4550 seu
708 4497 778 4551 tres
794 4487 919 4568 gradus
936 4489 1128 4569 sapientiae
1148 4497 1183 4551 et
1203 4497 1274 4550 tres
1293 4507 1371 4569 gra·

256 4578 318 4641 dus
341 4579 476 4654 amoris,
501 4588 537 4642 et
566 4580 657 4660 quod
682 4578 729 4641 illi
759 4579 885 4660 gradus
915 4581 1005 4660 apud
1036 4579 1209 4643 hominem
1235 4580 1372 4643 formati

256 4669 336 4746 sint,
351 4678 389 4733 ut
407 4670 510 4734 homo
527 4671 782 4753 receptaculum
801 4671 914 4733 Divini
933 4671 1071 4734 Amoris
1092 4682 1127 4734 et
1147 4671 1291 4734 Divinae
1311 4669 1372 4734 Sa-
