3410 5382
347 689 385 756 32
692 679 899 734 SAPIENTIA
921 679 1129 731 ANGELICA.

341 859 449 924 videri
468 878 512 923 ao
531 855 599 922 illis
619 855 675 941 qui
694 854 865 932 humilius,
885 853 951 919 hoc
975 863 1041 930 est,
1061 855 1228 920 exterius.
1276 863 1333 932 [2.]
1365 855 1430 933 llli,
1451 877 1472 921 a

340 955 463 1039 quibus
490 953 599 1017 videri
623 960 753 1036 potest,
778 950 935 1034 cogitant
957 949 1050 1033 quod
1076 948 1247 1015 infinitum
1270 951 1374 1032 spatii
1402 971 1471 1016 non

340 1051 449 1134 possit
465 1049 548 1126 dari,
567 1048 711 1133 proinde
728 1067 790 1112 nec
807 1045 977 1112 infinitum
994 1047 1162 1130 temporis
1179 1047 1271 1131 quod
1288 1057 1342 1111 est
1358 1060 1470 1114 aeter·

340 1166 421 1211 num
438 1168 539 1231 aquo
554 1168 562 1226 ;
583 1147 662 1230 quia
674 1143 844 1208 infinitum
859 1153 914 1208 est
926 1144 1057 1226 absque
1073 1141 1140 1207 fine
1153 1146 1265 1226 primo
1281 1153 1318 1207 et
1335 1145 1469 1225 ultimo,

339 1265 400 1308 seu
416 1245 547 1328 absque
565 1241 731 1307 terminis.
772 1238 941 1322 Cogitant
957 1240 1075 1316 etiam,
1090 1241 1181 1324 quod
1199 1259 1263 1303 nec
1277 1239 1349 1303 dari
1366 1251 1471 1324 queat

339 1338 514 1403 Infinitum
533 1360 554 1403 a
572 1360 631 1418 se;
656 1337 736 1421 quia
759 1355 779 1399 a
802 1357 839 1399 se
863 1335 962 1420 ponit
985 1336 1170 1400 terminum
1193 1345 1230 1400 et
1253 1335 1469 1419 principium,

338 1446 399 1500 aut
427 1437 520 1518 prius
549 1456 570 1500 a
600 1455 691 1520 quo;
726 1442 980 1516 consequenter
1007 1431 1100 1516 quod
1129 1450 1256 1496 vanum
1285 1432 1331 1495 sit
1355 1433 1469 1498 dicere

339 1531 516 1597 Infinitum
541 1551 580 1596 ac
601 1529 796 1594 Aeternum
820 1550 841 1593 a
859 1550 907 1604 se,
927 1528 1006 1612 quia
1023 1527 1059 1591 id
1080 1526 1170 1593 soret
1189 1528 1279 1591 sicut
1299 1527 1470 1593 diceretur

339 1627 427 1692 Esse
450 1649 470 1691 a
493 1648 542 1704 se,
563 1627 655 1710 quod
679 1635 733 1691 est
756 1623 1073 1700 contradidtorium,
1093 1641 1173 1687 nam
1197 1622 1373 1688 Infinitum
1393 1645 1414 1689 a
1432 1646 1469 1690 se

338 1723 427 1788 soret
451 1722 628 1789 Infinitum
658 1723 703 1786 ab
734 1721 886 1798 Infinito,
915 1730 952 1786 et
976 1720 1065 1784 Esse
1087 1740 1109 1784 a
1134 1739 1171 1784 se
1192 1720 1281 1784 soret
1311 1719 1400 1784 Esse
1425 1721 1469 1785 ab

338 1817 448 1898 Esse;
473 1839 513 1882 ac
533 1817 618 1882 illud
643 1816 818 1882 Infinitum
837 1837 877 1881 ac
894 1815 982 1880 Esse
997 1816 1087 1880 foret
1108 1815 1165 1879 vel
1183 1816 1275 1880 idem
1292 1834 1370 1879 cum
1388 1815 1467 1880 Infi-

338 1916 423 1992 nito,
441 1913 497 1978 vel
515 1914 604 1978 soret
623 1911 767 1977 finitum.
813 1912 871 1977 Ex
889 1912 943 1976 his
961 1920 997 1976 et
1016 1910 1194 1985 similibus,
1214 1931 1302 1995 quae
1326 1912 1468 1976 interius

335 2010 371 2074 in
398 2009 557 2075 rationali
588 2019 735 2092 possunt
759 2009 879 2085 videri,
904 2017 1016 2092 patet,
1039 2007 1132 2092 quod
1155 2009 1199 2071 sit
1228 2005 1404 2073 Infinitum
1434 2009 1468 2073 in
1534 2034 1540 2044 ·

336 2127 385 2183 se,
405 2126 444 2170 ac
466 2105 660 2170 Aeternum
679 2104 714 2168 in
736 2124 785 2181 se,
802 2114 838 2169 et
857 2104 950 2188 quod
973 2104 1038 2168 boc
1062 2112 1098 2168 et
1121 2102 1206 2167 illud
1229 2103 1275 2167 sit
1294 2102 1467 2184 Divinum,

337 2223 382 2266 ex
401 2222 470 2285 quo
488 2201 614 2264 omnia.

399 2313 475 2379 49·
506 2295 586 2361 Scio
608 2295 701 2380 quod
728 2293 845 2378 plures
872 2313 990 2359 secum
1022 2292 1145 2359 didturi
1172 2293 1255 2370 sint,
1280 2291 1468 2378 Quomodo

337 2402 455 2477 potest
486 2392 610 2477 aliquis
644 2389 939 2473 comprehendere
969 2389 1113 2453 interius
1142 2389 1176 2452 in
1210 2409 1273 2453 suo
1307 2390 1467 2455 rationali

336 2488 465 2574 aliquid
481 2489 611 2573 absque
628 2488 743 2571 spatio
756 2495 791 2550 et
806 2487 936 2570 absque
952 2496 1130 2567 tempore;
1153 2494 1189 2549 et
1206 2485 1298 2568 quod
1314 2484 1380 2549 hoc
1399 2505 1466 2549 non

336 2584 448 2648 solum
465 2585 520 2656 sit,
539 2583 600 2646 sed
618 2583 724 2647 etiam
744 2581 836 2665 quod
856 2582 902 2644 sit
918 2599 1033 2655 omne,
1050 2589 1086 2644 et
1106 2579 1197 2662 quod
1216 2582 1261 2644 sit
1279 2581 1403 2663 ipsum,
1420 2601 1466 2644 ex

336 2701 405 2764 quo
425 2679 566 2743 omnia?
611 2676 680 2743 Sed
701 2679 821 2760 cogita
840 2677 994 2752 interius,
1012 2694 1093 2738 num
1112 2695 1210 2740 amor
1232 2686 1291 2740 aut
1309 2677 1380 2741 ulla
1395 2677 1467 2759 ejus

335 2773 482 2850 affediio‚
503 2783 563 2838 aut
584 2775 756 2856 sapientia
778 2783 839 2838 aut
862 2772 933 2836 ulla
955 2770 1026 2853 ejus
1049 2773 1239 2856 perceptio,
1258 2773 1364 2836 immo
1384 2790 1466 2837 num

336 2870 507 2953 cogitatio
522 2869 568 2932 sit
586 2869 619 2932 in
639 2871 754 2952 spatio
770 2879 806 2934 et
822 2869 857 2932 in
874 2878 1042 2951 tempore,
1060 2888 1100 2932 ac
1115 2867 1354 2950 deprehendes
1373 2867 1466 2951 quod

335 2986 405 3030 non
430 2967 509 3028 sint.
555 2963 602 3027 Et
631 2983 708 3028 cum
736 2963 901 3028 Divinum
928 2973 982 3028 est
1006 2964 1079 3046 ipse
1107 2963 1218 3028 Amor
1240 2971 1276 3028 et
1300 2964 1375 3045 ipsa
1402 2962 1464 3027 Sa·

334 3063 477 3146 pientia,
508 3060 663 3143 sequitur
696 3059 787 3144 quod
822 3058 986 3123 Divinum
1019 3079 1088 3123 non
1123 3060 1234 3142 possit
1264 3059 1400 3141 'concipi
1430 3059 1465 3123 in

334 3159 447 3242 spatio
473 3166 509 3221 et
529 3157 563 3220 in
583 3164 763 3240 tempore3
787 3155 837 3219 ita
857 3174 919 3218 nec
945 3151 1128 3217 Infinitum.
1174 3153 1225 3219 Ut
1248 3152 1314 3218 hoc
1339 3153 1466 3218 clarius

334 3254 553 3337 percipiatur,
572 3252 734 3335 expende
751 3270 832 3315 num
849 3249 1021 3333 cogitatio
1040 3250 1085 3313 sit
1101 3250 1135 3313 in
1154 3259 1311 3331 tempore
1327 3259 1363 3314 et
1383 3271 1463 3333 spa·

333 3351 396 3426 tio,
417 3369 508 3432 pone
529 3349 810 3431 progressionem
830 3345 902 3427 ejus
926 3346 1047 3409 decem
1071 3354 1130 3408 aut
1153 3344 1337 3408 duodecim
1360 3347 1462 3411 hora·

331 3464 431 3524 rum;
467 3463 584 3508 annon
615 3442 682 3506 hoc
714 3442 864 3526 spatium
896 3441 1064 3522 temporis
1092 3440 1202 3523 possit
1232 3460 1398 3522 apparere
1425 3452 1462 3508 ut

332 3542 431 3606 unius
461 3539 568 3603 horae
598 3546 658 3602 aut
689 3536 857 3601 duarum?
891 3556 931 3600 ac
962 3536 1070 3599 etiam
1099 3536 1210 3618 possit
1233 3556 1399 3618 apparere
1426 3547 1464 3603 ut

332 3637 431 3701 unius
451 3633 517 3698 diei
533 3642 594 3698 aut
610 3633 755 3697 duorum
772 3632 784 3697 ἓ
828 3632 986 3716 Apparet
1007 3633 1195 3696 secundum
1212 3643 1343 3698 statum
1360 3633 1462 3700 affec·

333 3732 438 3799 tionis
455 3751 501 3794 ex
517 3750 584 3812 qua
596 3729 786 3810 cogitatio:
811 3729 839 3793 si
855 3726 990 3793 affectio
1007 3728 1163 3793 laetitiae
1179 3740 1245 3807 est,
1259 3731 1292 3794 in
1309 3753 1376 3815 qua
1392 3752 1461 3796 non

332 3831 509 3914 cogitatur
532 3826 577 3890 de
601 3835 770 3909 tempore,
791 3836 845 3891 est
869 3828 1042 3910 cogitatio
1060 3827 1180 3891 decem
1201 3840 1260 3893 aut
1279 3830 1461 3896 duodecim

331 3925 503 4000 horarum,
520 3924 581 3987 vix
598 3924 697 3986 unius
713 3933 773 3988 aut
790 3924 931 3987 duarum
948 3945 955 4002 ;
979 3923 1129 3988 vicissim
1145 3934 1262 3988 autem
1281 3927 1308 3988 si
1327 3923 1463 3991 affectio

331 4022 471 4097 doloris,
485 4021 519 4084 in
536 4041 603 4104 qua
620 4023 816 4087 attenditur
832 4025 875 4088 ad
892 4033 1037 4107 tempus.
1083 4023 1141 4088 Ex
1157 4047 1226 4108 quo
1241 4036 1352 4109 patet,
1369 4027 1461 4111 quod

331 4128 469 4201 tempus
493 4119 538 4180 sit
559 4118 665 4184 modo
688 4123 890 4204 apparentia
914 4121 1101 4186 secundum
1121 4132 1253 4187 statum
1272 4120 1462 4188 affectionis

331 4237 376 4280 ex
396 4235 463 4298 qua
479 4215 660 4297 cogitatio.
707 4217 824 4283 Simile
844 4229 898 4300 est
915 4240 991 4283 cum
1012 4219 1115 4303 spatii
1131 4219 1299 4284 distantia
1317 4219 1351 4284 in
1363 4219 1460 4303 cogi·

330 4313 475 4389 tatione,
493 4315 564 4376 sive
583 4318 739 4383 ambulas
757 4320 828 4384 sive
846 4319 1083 4404 peregrinaris.

394 4423 468 4492 5⁰·
500 4413 673 4496 Quoniam
697 4417 812 4501 angeli
835 4428 871 4481 et
891 4417 1029 4499 spiritus
1053 4425 1134 4479 sunt
1155 4413 1353 4480 afiedtiones
1372 4433 1461 4497 quae

330 4511 467 4588 amoris,
485 4535 525 4578 ac
544 4514 779 4596 cogitationes
795 4514 886 4587 inde,
904 4513 981 4576 ideo
998 4531 1061 4575 nec
1079 4510 1128 4575 illi
1145 4522 1226 4577 sunt
1243 4513 1277 4576 in
1294 4511 1407 4593 spatio
1424 4519 1460 4574 et

330 4617 499 4692 tempore,
529 4609 590 4674 sed
621 4609 731 4674 solum
759 4610 791 4672 in
817 4609 1020 4690 apparentia
1049 4607 1195 4671 illorum.
1242 4607 1460 4688 Apparentia

329 4707 433 4790 spatii
450 4716 485 4770 et
506 4706 672 4785 temporis
692 4715 744 4769 est
766 4705 831 4768 illis
849 4705 1034 4770 secundum
1057 4715 1169 4767 status
1189 4701 1406 4768 afiedtionum
1423 4713 1458 4765 et
