3426 5382
517 645 569 697 oa
592 645 730 697 murus
753 645 1110 698 unumunurm-u.
1135 635 1186 700 88.
1380 650 1422 720 55

289 817 489 883 reformatio
518 827 554 883 et
587 818 828 901 regeneratio;
862 828 944 884 sunt
974 819 1065 883 enim
1095 817 1187 883 mala
1216 838 1294 884 cum
1324 819 1423 886 falsis

289 916 381 999 apud
411 915 521 979 malos
541 915 629 980 sicut
656 916 690 980 in
721 925 853 991 centro,
874 935 914 979 ac
942 916 1035 979 bona
1059 934 1136 979 cum
1156 916 1245 980 veris
1268 917 1302 980 in
1327 919 1417 1000 peri·

288 1011 438 1095 pheriis;
462 1020 500 1074 at
519 1010 611 1074 bona
630 1029 707 1074 cum
724 1011 813 1075 veris
832 1012 923 1092 apud
943 1011 1054 1075 bonos
1073 1012 1206 1075 suntin
1226 1022 1359 1091 centro,
1377 1033 1420 1078 ac

289 1106 476 1171 malacum
494 1105 588 1170 salsis
604 1107 638 1169 in
651 1105 871 1189 peripheriis:
896 1116 932 1170 et
952 1108 1109 1190 utrinque
1126 1107 1186 1170 illa
1201 1129 1289 1192 quae
1306 1111 1420 1174 centri

288 1212 381 1279 sunt,
406 1224 444 1266 se
468 1200 648 1267 effundunt
673 1223 779 1286 usque
802 1203 846 1266 ad
866 1203 1086 1287 peripherias‚
1107 1205 1196 1269 sicut
1219 1205 1264 1268 ab
1281 1206 1362 1288 igne
1381 1206 1417 1269 in

288 1309 410 1364 centro
428 1299 535 1375 calor,
557 1308 593 1364 et
611 1319 631 1362 a
647 1298 728 1381 gelu
743 1301 777 1362 in
796 1309 917 1363 centro
935 1299 1050 1382 frigus.
1098 1300 1153 1364 Ita
1169 1301 1260 1364 bona
1276 1302 1310 1365 in
1326 1303 1417 1385 peri·

289 1396 415 1478 pheriis
434 1397 524 1478 apud
545 1395 655 1459 malos
675 1406 948 1478 conspurcantur
971 1419 991 1460 a
1014 1396 1114 1460 malis
1130 1398 1252 1474 centri,
1270 1407 1307 1462 et
1323 1398 1419 1462 mala

287 1493 321 1556 in
341 1493 542 1576 peripheriis
561 1494 651 1576 apud
675 1493 786 1557 bonos
809 1495 997 1558 mitescunt
1015 1514 1036 1558 a
1054 1494 1154 1558 bonis
1173 1495 1303 1558 centri:
1327 1515 1417 1577 quae

287 1599 475 1665 causaest,
496 1589 587 1671 quod
607 1589 700 1652 mala
716 1600 960 1671 regeneratum
979 1609 1049 1653 non
1069 1591 1248 1666 damnent,
1266 1610 1306 1654 ac
1323 1590 1418 1654 bona

287 1705 357 1749 non
376 1695 619 1768 regeneratum
636 1705 706 1748 non
723 1685 871 1750 salvent.

349 1778 418 1862 87.
450 1779 514 1863 (v.)
548 1779 646 1858 Quod
659 1785 755 1842 homo
772 1781 891 1844 mediis
905 1779 977 1844 illis
994 1779 1081 1842 brirr's
1090 1779 1318 1860 facultatibus
1336 1789 1412 1845 tan·

286 1884 357 1938 tum
371 1875 558 1954 reformari
567 1884 601 1938 et
618 1875 819 1957 regenerari
825 1875 948 1957 possit.
962 1883 1123 1957 quantum
1133 1884 1247 1956 potest
1256 1885 1323 1956 per
1335 1874 1419 1939 illas

285 1970 410 2034 adduci
424 1970 474 2032 ad
491 1970 747 2052 agnoscendum,
768 1971 859 2053 quod
877 1990 971 2034 omne
987 1990 1103 2032 verum
1125 1979 1159 2032 et
1176 1969 1306 2046 bonum,
1326 1968 1421 2052 quod

285 2065 413 2147 cogitat
426 2066 570 2145 etfacit,
591 2066 640 2129 sit
656 2086 678 2128 a
701 2065 848 2134 Domino.
868 2075 901 2128 et
918 2085 980 2127 non
998 2085 1020 2128 a
1038 2078 1148 2128 semet.
1194 2064 1287 2146 Quid
1305 2065 1411 2130 refor-

285 2163 394 2225 matio
418 2170 455 2224 et
480 2161 561 2244 quid
585 2153 815 2243 regeneratioj
840 2180 923 2224 mox
949 2180 1052 2241 supra
1076 2158 1205 2224 didlum
1228 2171 1306 2239 est;
1336 2171 1413 2226 tum

285 2258 377 2340 quod
403 2257 508 2320 homo
535 2277 595 2340 per
622 2257 721 2320 binas
751 2257 828 2320 illas
854 2255 1051 2331 facultates,
1082 2276 1169 2339 quae
1196 2267 1276 2320 sunt
1303 2258 1411 2321 ratio·

284 2352 412 2417 nalitas
438 2362 474 2417 et
504 2351 659 2428 libertas,
693 2353 897 2416 reformetur
922 2361 958 2416 et
990 2361 1235 2434 regeneretur:
1269 2361 1305 2414 et
1331 2353 1414 2434 quia

283 2447 349 2512 hoc
384 2468 445 2530 per
477 2448 555 2511 illas
589 2447 638 2523 fit,
669 2449 747 2512 ideo
776 2449 819 2511 de
853 2447 920 2511 illis
952 2448 1063 2512 adhuc
1098 2447 1213 2529 aliqua
1242 2448 1410 2513 dicentur.

284 2543 402 2608 Homo
426 2565 471 2608 ex
491 2543 731 2609 rationalitate
753 2543 861 2608 habet
884 2544 977 2626 quod
1004 2545 1115 2626 possit
1142 2542 1350 2624 intelligere,
1373 2553 1413 2609 et

282 2660 327 2704 ex
359 2640 511 2704 libertati
535 2641 626 2723 quod
651 2641 762 2723 possit
785 2638 886 2714 velle,
912 2649 1095 2722 utrumque
1121 2640 1210 2702 sicut
1237 2660 1258 2703 a
1284 2659 1341 2718 se;
1372 2651 1410 2704 at

281 2756 383 2819 posse
406 2756 453 2798 ex
477 2735 585 2799 libero
605 2735 695 2799 velle
714 2735 854 2810 bonum,
872 2743 908 2797 et
931 2735 1011 2798 inde
1030 2735 1217 2798 secundum
1237 2735 1410 2799 rationem

280 2831 314 2896 id
334 2852 449 2914 agere,
470 2851 539 2894 non
558 2842 676 2913 potest
697 2832 761 2894 nisi
779 2839 1014 2913 regeneratus.
1060 2829 1173 2894 Malus
1196 2829 1308 2893 solum
1328 2841 1407 2912 pot·

280 2938 335 2991 est
353 2949 398 2992 ex
418 2926 526 2990 libero
545 2926 635 2990 velle
659 2927 798 3001 malum,
819 2946 858 2990 ac
883 2927 916 2988 id
937 2928 1124 2990 secundum
1144 2927 1409 3008 cogitationem,

280 3042 381 3106 quam
412 3043 472 3105 per
498 3020 778 3086 confirmationes
809 3023 897 3085 sicut
931 3023 1073 3085 rationis
1100 3021 1193 3098 lacit,
1222 3021 1255 3084 id
1283 3041 1409 3102 agere;

280 3117 407 3182 malum
430 3119 521 3181 enim
545 3129 663 3200 potest
688 3139 796 3201 aeque
820 3116 1024 3192 confirmari,
1050 3119 1138 3180 sicut
1163 3117 1312 3192 bonum3
1345 3118 1406 3180 sed

279 3214 407 3278 malum
424 3235 485 3297 per
496 3212 651 3278 fallacias
666 3225 703 3278 et
720 3215 951 3296 apparentias,
965 3234 1053 3296 quae
1065 3213 1146 3276 dum
1160 3210 1410 3275 confirmantur

278 3307 365 3374 fiunt
380 3309 478 3384 falsa,
496 3319 626 3374 etcum
645 3309 886 3373 confirmatum
903 3318 968 3382 est,
985 3318 1131 3390 apparet
1147 3309 1236 3371 sicut
1252 3308 1407 3372 rationis.

342 3405 412 3473 88.
441 3404 592 3488 Quisque
608 3407 662 3469 cui
678 3405 791 3488 aliqua
807 3405 975 3486 cogitatio
991 3425 1036 3467 ex
1052 3404 1206 3467 interiori
1225 3400 1408 3466 intellectu

279 3512 343 3578 est,
364 3510 483 3583 potest
502 3503 631 3576 videre,
652 3504 743 3586 quod
767 3522 870 3585 posse
893 3500 984 3564 velle
1008 3509 1043 3563 et
1067 3520 1169 3583 posse
1193 3497 1407 3581 intelligere,

279 3617 348 3660 non
367 3598 412 3660 sit
431 3599 476 3660 ab
494 3597 645 3672 homine,
666 3599 727 3661 sed
752 3598 795 3661 ab
816 3597 896 3679 Ipso
920 3597 972 3659 cui
992 3597 1102 3680 ipsum
1123 3595 1228 3659 Posse
1252 3603 1318 3671 est,
1338 3594 1406 3657 hoc

277 3703 342 3767 est,
363 3694 416 3757 cui
435 3693 540 3757 Posse
560 3703 614 3757 est
631 3695 665 3757 in
682 3715 742 3756 sua
758 3694 921 3757 essentia.
966 3691 1092 3773 Cogita
1111 3692 1226 3766 modo,
1244 3691 1334 3754 unde
1351 3700 1406 3755 est

278 3787 392 3850 Posse.
439 3787 570 3851 Annon
597 3789 642 3850 ab
667 3787 758 3870 Ipso,
785 3788 838 3850 cui
861 3789 895 3850 id
919 3798 972 3851 est
996 3787 1030 3850 in
1053 3787 1129 3868 ipsa
1152 3807 1213 3848 sua
1235 3786 1407 3869 potentia,

277 3882 342 3946 hoc
362 3893 428 3958 est,
450 3885 503 3947 cui
522 3885 556 3947 id
581 3885 687 3948 estin
709 3885 802 3967 Ipso,
821 3894 857 3948 et
880 3885 928 3947 sic
948 3884 992 3947 ab
1012 3882 1117 3966 Ipso?
1163 3880 1279 3963 Quare
1302 3900 1407 3962 posse

276 3979 310 4041 in
327 3999 364 4043 se
380 3990 434 4044 est
452 3980 623 4044 Divinum.
668 3980 726 4045 Ad
743 4001 845 4045 omne
862 4000 964 4062 posse
981 3981 1045 4045 erit
1062 3979 1172 4060 copia,
1187 3999 1274 4062 quae
1290 3977 1405 4041 danda

276 4087 353 4152 est;
385 4085 421 4139 et
451 4077 499 4140 sic
533 4079 781 4142 determinatio
814 4078 858 4142 ab
888 4077 1039 4140 interiori
1070 4096 1130 4138 seu
1163 4074 1326 4156 superiori
1358 4094 1405 4136 se.

276 4169 406 4236 Oculus
423 4193 491 4236 non
510 4185 628 4256 potest
645 4178 761 4240 videre
779 4196 798 4240 a
815 4198 862 4250 se,
877 4197 940 4240 nec
958 4176 1046 4239 auris
1063 4173 1179 4237 audire
1195 4193 1215 4234 a
1231 4192 1279 4245 se,
1294 4189 1407 4252 neque

276 4287 314 4331 os
334 4267 426 4350 loqui
445 4290 465 4333 a
484 4291 532 4346 se,
553 4282 612 4334 aut
633 4293 754 4336 manus
773 4273 885 4337 lacere
901 4293 921 4335 a
937 4293 995 4350 se;
1019 4272 1118 4352 copia
1136 4278 1172 4332 et
1192 4267 1271 4331 inde
1289 4266 1405 4328 deter-

276 4365 458 4431 minatioa
478 4379 594 4433 mente
614 4369 688 4433 erit.
736 4368 808 4434 Nec
830 4379 948 4452 potest
969 4387 1066 4431 mens
1085 4363 1242 4448 cogitare
1259 4373 1295 4427 et
1314 4361 1407 4425 velle

276 4459 342 4524 hoc
369 4472 430 4526 aut
457 4461 541 4528 illud
569 4484 589 4528 a
616 4483 666 4539 se,
687 4464 751 4528 nisi
778 4464 906 4547 aliquid
931 4463 1074 4526 interius
1098 4470 1157 4526 aut
1182 4459 1336 4543 superius
1359 4458 1405 4522 sit

276 4558 368 4639 quod
392 4568 548 4624 mentem
571 4559 614 4624 ad
638 4561 672 4625 id
700 4560 921 4626 determinat.
968 4557 1086 4622 Simile
1113 4567 1167 4620 est
1195 4576 1272 4621 cum
1301 4575 1406 4639 posse

274 4653 472 4737 intelligere
497 4665 532 4720 et
552 4676 655 4739 posse
673 4656 786 4733 velle;
810 4656 895 4719 haec
916 4675 985 4718 non
1009 4654 1081 4718 dari
1106 4663 1252 4734 possunt
1273 4653 1317 4716 ab
1336 4652 1407 4716 alio
