3410 5382
509 689 560 740 ns
583 689 720 742 nrumn
744 687 1097 740 PROV1DENT1A.—N.
1120 689 1188 758 125.
1373 678 1411 740 81

286 880 401 940 mune,
425 861 519 946 quod
548 862 637 927 sicut
666 880 770 926 unum
793 861 879 944 agit,
904 861 1058 944 sequitur
1086 859 1178 944 quod
1200 879 1313 942 ‚unum
1343 879 1413 925 non

286 959 397 1042 possit
415 958 568 1022 emoveri
586 958 676 1034 loco,
696 977 736 1022 ac
757 959 881 1021 mutari
900 957 1012 1040 quoad
1032 967 1174 1033 statum,
1195 955 1259 1019 nisi
1277 957 1311 1019 in
1328 976 1413 1020 con·

285 1073 389 1118 sensu
405 1052 632 1137 reliquorum3
656 1071 736 1116 nam
752 1055 781 1116 si
798 1072 900 1115 unum
917 1062 1135 1116 emoveretur
1151 1051 1230 1116 loco
1246 1061 1282 1116 et
1299 1062 1413 1116 muta·

284 1161 380 1215 retur
398 1151 512 1234 quoad
531 1160 675 1226 statum,
696 1159 873 1232 pateretur
892 1149 1011 1226 forma,
1032 1170 1120 1232 quae
1137 1159 1175 1212 ut
1194 1168 1299 1212 unum
1318 1158 1414 1232 aget.

285 1245 344 1310 Ex
374 1245 427 1310 his
454 1255 562 1331 patet,
587 1246 679 1329 quod
710 1245 880 1310 Dominus
905 1264 1072 1329 nusquam
1102 1255 1186 1326 agat
1210 1246 1244 1308 in
1271 1243 1412 1329 aliquod

285 1343 504 1427 particulare,
535 1342 599 1405 nisi
628 1341 728 1406 simul
758 1343 793 1405 in
821 1341 946 1406 omnia.
993 1340 1048 1404 Ita
1076 1340 1245 1404 Dominus
1274 1341 1349 1423 agit
1378 1341 1412 1405 in

286 1440 480 1504 universum
501 1438 636 1503 caelum
655 1438 863 1520 angelicum,
883 1437 1045 1520 quoniam
1064 1437 1258 1501 universum
1277 1435 1411 1500 caelum

283 1535 481 1619 angelicum
510 1545 566 1600 est
596 1535 630 1597 in
660 1531 803 1617 aspeltu
831 1531 971 1596 Domini
1003 1541 1039 1595 ut
1068 1552 1154 1594 unus
1186 1531 1313 1595 Homo.
1358 1531 1412 1596 Ita

284 1655 420 1718 quoque
453 1634 528 1716 agit
562 1631 731 1696 Dominus
766 1631 801 1695 in
835 1629 1094 1712 unumquemvis
1127 1627 1302 1711 angelum,
1333 1629 1412 1710 quia

284 1732 515 1815 unusquisque
541 1728 698 1812 angelus,
717 1737 773 1792 est
801 1726 835 1790 in
864 1726 1004 1789 minima
1030 1725 1139 1789 forma
1165 1723 1310 1788 caelum.
1355 1722 1412 1789 lta

283 1829 391 1892 etiam
414 1827 488 1909 agit
511 1827 545 1890 in
569 1823 829 1908 unumquemvis
852 1821 1039 1897 hominem,
1057 1822 1214 1914 proxime
1237 1821 1271 1883 in
1295 1820 1412 1884 omnia

285 1925 412 1987 mentis
439 1922 522 2006 ejus,
546 1931 582 1986 et
608 1942 668 2005 per
694 1921 780 1985 haec
807 1920 843 1982 in
872 1919 988 1981 omnia
1017 1917 1172 1999 corporis
1201 1915 1292 1998 ejus;
1328 1933 1409 1980 nam

283 2039 383 2083 mens
405 2018 554 2083 hominis
577 2029 631 2082 est
655 2015 726 2099 ejus
749 2017 900 2100 spiritus,
925 2025 961 2078 et
984 2016 1172 2079 secundum
1195 2009 1409 2095 conjunctio·

283 2134 364 2180 nem
387 2134 464 2178 cum
488 2113 640 2178 Domino
662 2123 716 2177 est
739 2112 895 2196 angelus,
911 2131 951 2175 ac
975 2130 1098 2194 corpus
1121 2118 1176 2174 est
1199 2108 1409 2174 obedientia.

284 2215 344 2278 [3.]
377 2209 446 2275 Sed
473 2211 579 2294 probe
605 2211 858 2274 observandum
882 2218 947 2284 est,
972 2209 1064 2294 quod
1092 2206 1261 2273 Dominus
1288 2207 1410 2292 singil-

283 2304 382 2370 latim
412 2307 519 2370 immo
542 2305 811 2389 singularissime
840 2306 875 2370 in
898 2325 1001 2369 omne
1032 2305 1238 2387 particulare
1261 2305 1412 2370 hominis

282 2402 390 2466 etiam
413 2413 509 2484 agat,
533 2403 594 2466 sed
618 2402 718 2465 simul
742 2423 803 2485 per
825 2403 941 2467 omnia
963 2401 1091 2465 formae
1115 2401 1205 2483 ejus;
1242 2411 1279 2466 at
1303 2423 1409 2486 usque

283 2519 353 2563 non
377 2508 489 2564 mutat
509 2509 640 2563 statum
659 2497 799 2580 alicujus
822 2499 940 2582 partis,
957 2519 1018 2562 seu
1041 2497 1180 2581 alicujus
1202 2499 1250 2562 rei
1272 2498 1306 2562 in
1330 2519 1408 2582 par·

282 2594 426 2671 ticulari
444 2595 508 2658 nisi
531 2595 598 2658 toti
620 2595 749 2658 formae
772 2593 1031 2658 convenienter.
1077 2592 1145 2658 Sed
1168 2595 1212 2658 de
1234 2593 1287 2658 his
1311 2594 1409 2677 plura

282 2691 317 2755 in
340 2691 564 2774 sequentibus
587 2692 756 2767 dicentur,
773 2691 829 2755 ubi
852 2691 1144 2755 demonstrabitur
1165 2690 1258 2775 quod
1282 2690 1408 2758 Divina

283 2785 400 2849 Divini
423 2786 644 2852 Providentia
662 2788 707 2850 sit
726 2786 928 2852 universalis
952 2787 1030 2871 quia
1052 2787 1087 2851 in
1110 2787 1350 2870 singularibus,
1370 2797 1408 2855 et

282 2883 375 2965 quod
394 2884 439 2946 sit
457 2883 639 2965 singularis
662 2883 741 2966 quia
759 2893 813 2947 est
833 2882 1044 2948 universalis.
1089 2887 1147 2948 [4.]
1177 2882 1274 2961 Quod
1289 2884 1407 2950 Domi·

281 2999 346 3044 nus
364 2987 451 3061 agat
464 2978 507 3041 ab
522 2977 650 3042 intrim's
665 2987 697 3042 et
713 2978 756 3043 ab
771 2977 900 3043 ultimis
918 2978 1028 3056 simul,
1046 2988 1100 3044 est
1116 2981 1194 3062 quia
1212 2980 1260 3044 sic
1280 2990 1317 3045 et
1335 3003 1406 3047 non

280 3073 382 3139 aliter
398 3075 514 3138 omnia
529 3084 565 3139 et
581 3073 718 3158 singula
733 3074 956 3140 continentur
970 3077 1005 3140 in
1024 3097 1126 3152 nexu,
1143 3077 1298 3160 pendent
1313 3080 1406 3144 enim

280 3171 489 3235 intermedia
510 3172 705 3235 successive
730 3170 775 3234 ab
799 3171 929 3236 intimis
952 3193 1058 3256 usque
1083 3171 1127 3235 ad
1154 3172 1287 3248 ultima,
1311 3184 1348 3239 et
1371 3176 1406 3241 in

281 3266 413 3331 ultimis
440 3276 521 3330 sunt
545 3266 605 3332 illa
628 3265 750 3346 simul;
789 3287 868 3331 nam
895 3268 929 3330 in
955 3264 1187 3333 transallione
1209 3267 1262 3332 De
1280 3267 1408 3337 Divino

280 3361 408 3426 Amore
422 3371 455 3425 et
468 3361 597 3426 Dzbr'na
613 3360 801 3445 Sapientia,
818 3363 852 3426 in
872 3363 974 3428 Parte
990 3362 1120 3439 Tertia,
1139 3373 1317 3429 ostensum
1336 3378 1405 3448 est,

281 3458 373 3541 quod
403 3458 437 3522 in
465 3458 586 3522 ultimo
612 3459 657 3524 sit
683 3459 928 3525 simultaneum
954 3460 1107 3526 omnium
1134 3483 1155 3526 a
1180 3463 1300 3545 primo.
1346 3465 1404 3530 Ex

280 3575 323 3618 eo
347 3555 451 3619 etiam
474 3565 539 3629 est,
564 3556 656 3637 quod
681 3555 849 3620 Dominus
872 3556 916 3619 ab
938 3567 1081 3620 aeterno
1104 3579 1163 3622 seu
1185 3557 1343 3640 Jehovah
1369 3562 1404 3626 in

281 3652 446 3714 mundum
461 3651 606 3728 venerit,
627 3672 666 3715 ac
690 3652 735 3715 ibi
758 3652 908 3718 induerit
930 3662 967 3717 et
990 3655 1180 3736 susceperit
1205 3653 1404 3724 Humanum

279 3747 315 3810 in
336 3747 475 3824 ultimis,
493 3757 531 3812 ut
555 3749 728 3829 potuisset
751 3770 771 3812 a
795 3749 910 3832 primis
926 3760 963 3815 et
981 3749 1081 3814 simul
1105 3753 1138 3816 in
1162 3754 1292 3818 ultimis
1315 3777 1402 3834 esse,

280 3854 317 3908 et
341 3846 389 3908 sic
413 3866 432 3908 a
456 3845 571 3927 primis
595 3865 655 3927 per
673 3845 795 3909 ultima
810 3867 931 3930 regere
953 3849 1149 3913 universum
1173 3855 1348 3928 mundum,
1368 3865 1404 3919 et

279 3939 328 4003 sic
352 3940 486 4004 salvare
510 3940 680 4016 homines,
703 3963 789 4026 quos
812 3944 998 4009 secundum
1029 3945 1126 4028 leges
1153 3948 1298 4014 Divinae
1322 3973 1404 4017 suae

280 4034 533 4112 Providentiae,
550 4057 637 4120 quae
653 4039 759 4104 etiarn
781 4050 862 4105 sunt
882 4041 977 4124 leges
997 4043 1142 4108 Divinae
1161 4067 1243 4110 suae
1260 4047 1404 4130 Sapien-

278 4132 360 4206 tiae,
381 4131 517 4197 salvare
540 4142 670 4216 potest.
716 4134 795 4201 Hoc
816 4139 933 4222 itaque
954 4143 1182 4227 est,quod1n
1207 4145 1404 4215 Christiano

278 4227 362 4293 orbe
385 4238 507 4294 notum
531 4239 596 4306 est,
620 4232 714 4315 quod
734 4233 848 4298 nullus
870 4238 1067 4304 mortalium
1091 4242 1216 4308 salvari
1240 4247 1400 4326 potuerit.

278 4325 343 4388 nisr
335 4325 554 4390 Dominus
545 4349 579 4391 m
596 4330 761 4396 mundum
776 4335 918 4408 venerit.
934 4336 977 4401 de
993 4357 1061 4420 quo
1073 4339 1228 4404 videatur
1239 4338 1404 4406 Dollrma

278 4419 397 4486 Novae
418 4421 670 4507 Hierosolymae
686 4427 823 4494 deFide
846 4429 892 4512 (n.
915 4429 981 4515 35).
1027 4433 1113 4499 Inde
1135 4443 1190 4527 est
1213 4435 1304 4518 quod
1329 4435 1402 4500 Do

278 4519 391 4582 minus
407 4520 540 4584 dicatur
559 4521 690 4588 Primus
707 4533 743 4589 et
759 4523 918 4590 Ultimus.

342 4629 435 4701 125.
460 4617 558 4682 Haec
581 4639 708 4684 arcana
731 4621 888 4701 angelica
914 4623 1103 4704 praemissa
1128 4633 1218 4700 sunt,
1242 4633 1280 4690 ut
1305 4647 1400 4692 com·

275 4711 446 4794 prehendi
482 4715 603 4796 possit,
635 4721 810 4799 quomodo
848 4717 973 4783 Divina
1011 4718 1229 4786 Providentia
1262 4722 1402 4790 Domini
