3358 5384
476 680 526 732 us
550 681 686 732 o1v11r0
710 681 856 744 anona,
877 681 971 733 raus
990 681 1108 733 11.—-u.
1124 684 1175 750 92.
1353 670 1393 738 37
1427 692 1435 709 ·

259 853 414 936 Quisque
437 851 544 915 homo
568 852 680 934 quoad
704 853 831 916 mentis
855 872 937 916 suae
960 852 1124 916 interiora
1155 861 1209 916 est
1239 853 1388 934 spiritus.

259 949 346 1014 Cum
360 948 469 1012 homo
486 948 638 1022 moritur,
656 947 831 1028 egreditur
846 967 985 1030 prorsus
1000 969 1020 1011 e
1037 947 1166 1012 mundo
1182 957 1337 1023 naturae,
1355 958 1390 1012 et

259 1044 422 1128 relinquit
439 1043 556 1108 omnia
571 1041 653 1123 ejus,
672 1053 707 1106 et
725 1043 917 1124 ingreditur
935 1043 969 1107 in
986 1043 1151 1108 mundum
1170 1044 1205 1107 in
1222 1063 1289 1127 quo
1305 1043 1388 1106 nihil

260 1151 404 1206 naturae
421 1149 498 1219 est;
522 1149 558 1203 et
575 1141 610 1202 in
626 1137 693 1202 hoc
710 1139 840 1202 mundo
855 1139 905 1203 ita
918 1148 1098 1222 separatus
1116 1159 1137 1204 a
1156 1149 1279 1204 natura
1291 1139 1387 1216 vivit,

260 1248 297 1303 ut
317 1257 387 1301 non
406 1235 478 1299 ulla
496 1235 766 1299 communicatio
784 1234 831 1299 sit
850 1255 910 1318 per
926 1237 1139 1310 continuum,
1157 1235 1223 1300 hoc
1240 1245 1304 1312 est,
1322 1237 1388 1299 sic-

259 1344 298 1399 ut
320 1333 436 1418 purius
460 1341 496 1397 et
517 1332 675 1408 crassius,
698 1331 761 1395 sed
785 1331 873 1395 sicut
896 1333 988 1416 prius
1012 1341 1048 1397 et
1071 1333 1264 1415 posterius;
1303 1353 1388 1416 quo·

256 1448 334 1494 rum
357 1429 630 1493 communicatio
657 1446 727 1490 non
757 1426 825 1491 alia
848 1427 952 1491 datur
974 1447 1076 1511 quam
1101 1447 1161 1511 per
1184 1447 1388 1510 correspon-

256 1527 407 1590 dentias.
453 1523 541 1589 Inde
560 1533 722 1588 constare
742 1533 873 1605 potest,
893 1523 986 1607 quod
1006 1523 1099 1588 calor
1115 1522 1300 1606 spiritualis
1319 1543 1388 1587 non

257 1622 304 1687 sit
323 1622 439 1704 purior
457 1620 552 1685 calor
569 1619 747 1696 naturalis,
765 1629 801 1683 et
820 1618 881 1683 lux
900 1616 1086 1701 spiritualis
1106 1639 1175 1682 non
1195 1621 1309 1701 purior
1327 1618 1388 1682 lux

257 1715 437 1793 naturalis,
462 1716 524 1780 sed
542 1715 635 1798 quod
658 1716 728 1779 sint
752 1733 892 1797 prorsus
918 1735 964 1777 ex
991 1713 1059 1777 alia
1082 1714 1258 1792 essentia;
1293 1713 1389 1777 calor

256 1815 351 1879 enim
374 1821 411 1878 et
435 1813 496 1877 lux
515 1811 703 1896 spiritualis
722 1810 866 1875 trahunt
883 1807 1072 1874 essentiam
1092 1829 1137 1874 ex
1157 1807 1238 1874 Sole
1258 1811 1314 1892 qui
1333 1819 1388 1874 est

258 1929 361 1992 purus
380 1908 515 1986 Amor;
539 1909 595 1990 qui
615 1917 670 1971 est
689 1907 763 1988 ipsa
781 1903 887 1983 Vita3
912 1915 948 1970 et
971 1905 1067 1969 calor
1085 1914 1122 1969 et
1141 1903 1201 1968 lux
1220 1905 1387 1969 naturalis

257 2004 400 2068 trahunt
412 2003 600 2067 essentiam
617 2022 663 2065 ex
679 2001 753 2066 sole
769 2001 826 2084 qui
842 2010 897 2064 est
913 2019 1016 2082 purus
1028 2001 1130 2082 ignis,
1149 2001 1183 2064 in
1199 2020 1268 2083 quo
1283 2000 1386 2064 abso·

258 2097 332 2163 lute
351 2097 434 2162 nihil
451 2099 545 2162 vitae
564 2107 618 2162 est
634 2118 642 2176 ;
667 2104 705 2160 ut
724 2115 826 2178 supra
845 2092 986 2159 dictum.

321 2207 391 2276 91·
421 2191 593 2276 Quoniam
607 2190 678 2256 tale
691 2191 874 2256 discrimen
887 2199 941 2254 est
953 2191 1044 2253 inter
1056 2190 1207 2252 calorem
1222 2198 1258 2252 et
1274 2188 1386 2255 lucem

258 2291 355 2354 unius
382 2301 417 2354 et
448 2288 590 2353 alterius
614 2286 743 2363 mundi,
767 2295 868 2368 patet
890 2284 983 2349 clare
1007 2285 1097 2348 unde
1124 2294 1189 2358 est,
1214 2285 1305 2366 quod
1336 2285 1385 2349 illi

256 2386 315 2468 qui
332 2385 367 2449 in
386 2405 454 2448 uno
474 2383 604 2447 mundo
623 2391 703 2446 sunt
721 2400 791 2445 non
810 2380 946 2463 possint
964 2378 1081 2442 videre
1101 2377 1179 2442 illos
1202 2381 1257 2461 qui
1277 2381 1310 2442 in
1334 2380 1384 2443 al-

257 2490 334 2545 tero
353 2480 482 2544 mundo
502 2486 592 2542 sunt.
637 2475 739 2542 Oculi
757 2477 849 2542 enim
866 2474 1027 2550 hominis,
1047 2475 1168 2557 quiex
1188 2474 1263 2537 luce
1282 2485 1383 2538 natu-

257 2575 319 2639 rali
346 2575 454 2651 videt,
475 2583 557 2638 sunt
579 2593 626 2637 ex
648 2573 847 2637 substantia
868 2571 920 2635 sui
943 2569 1071 2644 mundi,
1096 2577 1133 2633 et
1156 2569 1244 2632 oculi
1268 2571 1384 2652 angeli
1478 2657 1481 2662 Ι

258 2681 339 2736 sunt
373 2691 420 2734 ex
444 2669 642 2734 substantia
670 2669 721 2732 sui
744 2667 883 2747 mundi3
913 2667 964 2729 ita
986 2666 1153 2729 utrobivis
1172 2666 1310 2729 formati
1339 2665 1384 2729 ad

257 2766 491 2849 recipiendum
507 2765 700 2847 adaequate
713 2782 809 2827 suam
821 2760 944 2827 lucem.
989 2759 1046 2824 Ex
1063 2760 1116 2824 his
1129 2762 1236 2824 videri
1253 2771 1382 2842 potest,
1434 2767 1436 2772 '

257 2871 424 2944 quantum
447 2881 493 2925 ex
516 2861 713 2942 ignorantia
734 2859 894 2942 cogitant
918 2856 978 2932 illi,
1003 2858 1059 2940 qui
1092 2858 1126 2920 in
1159 2856 1262 2920 fidem
1285 2877 1382 2922 suam

257 2976 327 3019 non
344 2955 547 3032 admittunt,
565 2955 656 3039 quod
675 2954 791 3038 angeli
813 2963 851 3019 et
873 2954 1012 3037 spiritus
1027 2953 1098 3016 sint
1116 2953 1285 3028 homines,
1304 2953 1383 3035 quia

256 3052 365 3115 oculis
382 3049 461 3115 illos
480 3070 550 3114 non
569 3051 701 3115 vident.

321 3159 391 3228 92·
422 3143 601 3211 Hactenus
630 3148 788 3230 ignotum
817 3146 891 3222 suit,
915 3145 1008 3229 quod
1030 3143 1146 3227 angeli
1176 3153 1212 3208 et
1242 3144 1382 3225 spiritus

255 3245 326 3306 sint
346 3245 379 3305 in
400 3263 538 3325 prorsus
557 3242 624 3307 alia
643 3242 719 3306 luce
738 3252 773 3306 et
793 3243 827 3305 in
847 3241 916 3305 alio
935 3240 1061 3316 calore,
1081 3259 1183 3324 quam
1202 3239 1380 3320 homines;

255 3339 363 3402 immo
391 3339 550 3421 ignotum
577 3339 641 3403 luit
669 3340 761 3422 quod
789 3336 858 3401 alia
884 3337 945 3401 lux
973 3346 1010 3400 et
1039 3336 1124 3400 alius
1152 3335 1249 3399 calor
1270 3334 1381 3400 detur.

257 3433 376 3498 Homo
395 3435 487 3497 enim
501 3433 717 3516 cogitatione
735 3451 795 3496 sua
814 3452 882 3496 non
896 3432 998 3495 altius
1015 3433 1212 3512 penetravit
1225 3450 1327 3514 quarn
1346 3432 1381 3497 in

255 3530 419 3593 interiora
435 3539 495 3593 aut
510 3530 644 3613 puriora
659 3539 803 3593 naturae
817 3551 825 3607 ;
850 3548 953 3611 quare
969 3530 1076 3590 etiam
1092 3526 1192 3590 multi
1204 3526 1381 3592 finxerunt

254 3623 456 3688 habitacula
474 3624 677 3706 angelorum
693 3635 730 3691 et
752 3626 931 3708 spirituum
956 3624 989 3685 in
1010 3622 1162 3700 aethere,
1183 3631 1219 3686 et
1243 3624 1380 3706 quidam

254 3721 288 3782 in
309 3720 432 3794 stellis,
446 3720 496 3784 ita
512 3721 605 3784 intra
620 3737 792 3793 naturam,
807 3730 842 3784 et
863 3739 931 3783 non
949 3740 1051 3800 supra
1069 3739 1129 3782 seu
1145 3729 1248 3783 extra
1263 3719 1378 3783 illam:

253 3835 332 3878 cum
350 3826 468 3879 tamen
482 3816 597 3898 angeli
615 3825 652 3880 et
670 3817 808 3898 spiritus
828 3825 908 3879 sunt
927 3835 1064 3897 prorsus
1078 3834 1179 3896 supra
1199 3835 1259 3880 seu
1278 3825 1381 3878 extra

257 3920 426 3982 naturam,
444 3911 545 3993 inque
561 3931 623 3976 suo
639 3910 768 3974 mundo
786 3912 842 3994 qui
861 3913 924 3974 sub
943 3910 1011 3973 alio
1027 3908 1109 3973 Sole
1125 3920 1189 3973 est.
1234 3909 1282 3973 Et
1302 3910 1380 3992 quia

252 4005 286 4069 in
314 4005 375 4070 illo
399 4006 528 4070 mundo
551 4006 664 4090 spatia
686 4016 768 4070 sunt
792 4007 1026 4090 apparentiae,
1048 4016 1086 4070 ut
1109 4027 1211 4088 supra
1234 4007 1377 4068 demon-

252 4110 402 4164 stratum
416 4109 481 4177 est,
492 4101 571 4165 ideo
584 4121 652 4165 non
666 4111 784 4185 potest
795 4102 862 4166 dici
875 4102 967 4185 quod
980 4103 1049 4166 sint
1063 4102 1097 4165 in
1108 4101 1249 4166 aethere
1263 4120 1325 4164 nec
1346 4103 1378 4164 in

252 4196 385 4276 stellis;
410 4205 491 4260 sunt
510 4195 601 4262 enim
621 4216 775 4262 unacum
791 4197 942 4273 homine,
959 4194 1132 4279 conjuncti
1150 4195 1221 4280 ejus
1241 4196 1380 4278 spiritus

252 4288 424 4356 affectioni
432 4301 469 4357 et
479 4293 685 4374 cogitationi
697 4313 704 4355 :
717 4291 822 4356 homo
833 4294 923 4356 enirn
932 4301 985 4360 est
996 4293 1135 4374 spiritus
1148 4311 1155 4371 ;
1169 4312 1214 4355 ex
1223 4291 1283 4355 illo
1293 4311 1378 4373 cog·

251 4389 362 4453 itatet
375 4385 468 4466 vult;
488 4409 592 4471 quare
609 4388 756 4452 mundus
769 4389 954 4471 spiritualis
965 4398 1018 4453 est
1032 4387 1088 4454 ubi
1104 4388 1220 4464 homo,
1234 4398 1269 4451 et
1282 4407 1379 4470 pror·

251 4504 309 4546 sus
322 4503 391 4548 non
406 4484 547 4548 dissitus
558 4483 603 4547 ab
615 4483 685 4548 illo.
713 4483 843 4559 Verbo,
854 4486 964 4549 omnis
977 4484 1082 4548 homo
1090 4484 1203 4568 quoad
1215 4483 1380 4547 interiora
1415 4491 1419 4498 '

251 4582 380 4644 mentis
393 4601 474 4645 suae
485 4589 539 4645 est
556 4581 590 4643 in
602 4579 662 4643 illo
676 4583 804 4644 mundo
815 4582 848 4642 in
862 4580 976 4642 medio
989 4579 1169 4662 spirituum
1182 4589 1218 4644 et
1234 4577 1379 4660 angelo·

251 4695 326 4741 rum
338 4677 405 4756 ibi;
430 4696 470 4740 ac
487 4677 624 4760 cogitat
642 4697 687 4740 ex
707 4676 783 4741 luce
800 4676 882 4760 ejus,
900 4687 935 4740 et
955 4684 1049 4740 amat
1068 4696 1113 4740 ex
1133 4674 1249 4741 calore
1268 4671 1350 4756 ejus.
