3448 5374
484 685 535 738 οε
558 682 695 736 urvmo
722 681 863 748 anons,
884 681 978 733 enns
1001 681 1116 733 u-u.
1136 669 1205 748 380.
1350 683 1406 749 175

278 862 326 928 ab
348 855 553 932 iaciendum,
574 856 655 922 dare
679 877 738 921 cor
760 875 876 932 unum,
897 853 981 918 dare
1004 875 1062 918 cor
1085 872 1222 928 novum,
1242 873 1406 937 reponere

280 950 398 1026 corde,
419 951 572 1032 recipere
597 950 712 1025 corde,
734 968 803 1011 non
826 947 987 1012 ascendit
1013 967 1115 1030 super
1138 967 1208 1022 cor,
1228 945 1407 1011 obfirmare

280 1066 317 1109 se
337 1044 454 1119 corde,
471 1043 602 1105 amicus
619 1041 752 1120 cordis;
775 1041 855 1105 inde
873 1041 996 1105 dicitur
1013 1041 1208 1116 concordia,
1226 1040 1407 1117 discordia,

281 1138 454 1212 vecordia,
476 1144 512 1199 et
532 1134 656 1198 similia
675 1134 773 1217 plura
792 1153 880 1218 quae
901 1133 1028 1198 amoris
1044 1143 1080 1200 et
1100 1134 1172 1218 ejus
1190 1132 1407 1199 affectionum

280 1239 372 1295 sunt.
420 1227 585 1294 Similiter
602 1227 755 1311 loquitur
774 1225 943 1304 Verbum,
961 1247 1008 1293 ex
1031 1247 1135 1292 causa
1154 1230 1234 1312 quia
1252 1226 1407 1294 Verbum

281 1343 341 1405 per
355 1321 682 1404 correspondentias
695 1319 929 1404 conscriptum
946 1329 1013 1386 est.
1056 1319 1137 1386 Sive
1147 1321 1242 1386 dicas
1254 1339 1421 1385 amorem*

280 1419 354 1481 sive
372 1415 602 1489 voluntatem,
623 1413 715 1477 idem
737 1421 801 1489 est,
821 1412 985 1497 quoniam
1003 1413 1131 1479 amoris
1148 1411 1407 1498 receptaculum

280 1515 336 1573 est
352 1509 529 1581 voluntas,
550 1515 588 1570 ut
604 1526 707 1590 supra
724 1503 854 1570 did‘tum
874 1515 938 1571 est.

342 1615 445 1687 379·
474 1599 577 1685 Quod
600 1601 635 1665 in
654 1601 805 1676 homine,
826 1611 863 1666 et
882 1602 916 1666 in
936 1600 1058 1686 quovis
1076 1599 1228 1676 animali,
1247 1601 1293 1666 sit
1313 1601 1408 1667 calor
1474 1660 1478 1668 .

279 1698 407 1772 vitalis,
428 1707 551 1762 notum
574 1707 651 1776 est;
676 1698 736 1760 sed
757 1698 848 1761 unde
868 1693 940 1776 ejus
959 1697 1069 1780 origo,
1090 1716 1161 1774 non
1184 1708 1304 1761 notum
1329 1707 1405 1761 est:

278 1793 422 1874 quisque
442 1790 486 1854 de
511 1810 554 1854 eo
572 1811 618 1854 ex
638 1785 834 1872 conjectura
854 1790 1025 1873 loquitur;
1049 1809 1153 1871 quare
1172 1791 1227 1873 qui
1251 1809 1320 1853 non
1340 1791 1406 1854 sci·

279 1892 404 1947 verunt
423 1882 553 1966 aliquid
579 1884 623 1946 de
648 1883 957 1965 correspondentia
981 1882 1188 1947 naturalium
1208 1902 1284 1946 cum
1309 1883 1405 1965 spiri·

279 1976 441 2052 tualibus,
462 1977 630 2058 originem
655 1975 726 2056 ejus
750 1976 1007 2056 adscripserunt
1027 1975 1134 2038 calori
1153 1974 1247 2050 solis,
1268 1977 1407 2058 quidam

280 2066 449 2133 activitati
469 2069 625 2150 partium,
646 2069 784 2150 quidam
809 2070 872 2150 ipsi
891 2071 1005 2145 vitae3
1030 2067 1090 2130 sed
1110 2069 1188 2150 quia
1208 2087 1275 2130 non
1295 2069 1406 2133 scive-

278 2171 359 2226 runt
375 2161 456 2245 quid
472 2162 556 2236 vita,
573 2160 684 2224 solum
704 2161 736 2222 in
757 2161 906 2225 dicendo
922 2162 956 2224 id
976 2159 1215 2225 substiterunt.
1262 2160 1327 2243 Qui
1347 2183 1407 2226 au·

278 2265 351 2318 tem
368 2255 436 2318 scit
454 2254 546 2337 quod
570 2253 878 2336 correspondentia
900 2253 946 2316 sit
968 2255 1095 2319 amoris
1114 2262 1150 2317 et
1168 2252 1240 2334 ejus
1258 2250 1407 2318 afledtio·

279 2366 360 2409 num
379 2365 457 2410 cum
480 2347 584 2414 corde
607 2355 643 2410 et
668 2344 739 2427 ejus
762 2345 1045 2420 derivationibus,
1064 2347 1151 2410 scire
1174 2356 1291 2428 potest
1314 2347 1406 2429 quod

277 2459 376 2506 amor
396 2439 442 2502 sit
461 2440 559 2521 origo
579 2439 703 2503 caloris
722 2438 857 2502 vitalis:
885 2458 982 2502 amor
1000 2440 1092 2501 enim
1109 2437 1267 2521 procedit
1286 2459 1308 2502 a
1325 2435 1407 2502 Sole

278 2531 448 2614 spirituali
464 2532 520 2596 ubi
538 2532 716 2607 Dominus,
731 2542 767 2596 ut
781 2529 887 2608 calor,
901 2541 937 2596 et
949 2551 1085 2614 quoque
1096 2532 1141 2594 ab
1153 2529 1287 2612 angelis
1298 2533 1405 2595 senti-

278 2636 334 2690 tur
357 2633 395 2689 ut
415 2624 529 2704 calor;
560 2624 615 2688 hic
635 2623 730 2689 calor
749 2624 946 2707 spiritualis,
966 2623 1076 2708 quiin
1095 2643 1156 2687 sua
1178 2625 1331 2688 essentia
1353 2633 1407 2688 est

277 2738 386 2793 amor,
405 2726 460 2782 est
484 2718 540 2801 qui
563 2739 624 2801 per
642 2717 986 2800 correspondentiam
1009 2717 1119 2782 influit
1138 2717 1171 2781 in
1191 2737 1251 2781 cor
1273 2726 1309 2782 et
1336 2717 1407 2798 ejus

276 2810 493 2892 sanguinem,
515 2819 548 2874 et
573 2808 661 2874 indit
685 2811 715 2874 ei
735 2811 897 2887 calorem,
915 2820 951 2875 et
974 2811 1075 2875 simul
1097 2809 1257 2874 vivificat.
1303 2807 1405 2892 Quod

276 2903 384 2967 homo
403 2902 593 2966 secundum
613 2923 766 2967 amorem
790 2923 888 2967 suum
907 2915 942 2968 et
962 2903 1033 2985 ejus
1052 2904 1197 2986 gradum
1217 2904 1407 2968 incalescat

275 3003 315 3058 et
338 2997 433 3080 quasi
457 2997 625 3077 ignescat,
647 3005 683 3059 et
706 2995 798 3078 quod
822 2997 1009 3060 secundum
1036 2997 1310 3061 decrescentiam
1333 2995 1407 3078 ejus

276 3097 458 3169 torpescat
479 3099 518 3174 ¹et
542 3088 714 3169 frigescat,
732 3101 853 3152 notum
878 3098 955 3163 est;
987 3109 1066 3152 nam
1089 3089 1236 3151 sentitur
1254 3101 1290 3152 et
1309 3090 1404 3153 vide-

277 3192 355 3259 tur3
391 3181 539 3244 sentitur
558 3200 603 3243 ex
628 3180 743 3253 calore
768 3182 875 3244 totius
895 3182 1057 3261 corporis
1076 3190 1111 3243 et
1130 3179 1266 3243 videtur
1285 3201 1331 3244 ex
1350 3203 1404 3244 ru·

278 3273 361 3337 bore
380 3273 500 3352 laciei;
524 3293 562 3335 ac
581 3273 730 3336 vicissim
751 3268 939 3335 exstindiio
958 3271 1029 3352 ejus
1048 3272 1197 3333 sentitur
1216 3291 1261 3334 ex
1280 3271 1405 3355 frigore

276 3367 440 3449 corporis,
462 3374 498 3429 et
518 3365 653 3428 videtur
673 3387 717 3429 ex
738 3364 868 3446 pallore
886 3362 992 3426 faciei.
1040 3362 1129 3444 Quia
1148 3383 1244 3427 amor
1263 3373 1316 3428 est
1333 3366 1407 3430 vita

276 3462 437 3536 hominis,
456 3462 535 3525 ideo
555 3481 613 3524 cor
633 3471 687 3524 est
711 3462 856 3543 primum
877 3468 912 3522 et
937 3458 1093 3522 ultimum
1114 3461 1207 3522 vitae
1230 3458 1310 3542 ejus.
1356 3459 1405 3528 Et

276 3557 356 3637 quia
379 3574 476 3618 amor
494 3563 548 3618 est
565 3555 638 3617 vita
660 3553 819 3628 hominis,
840 3561 874 3616 et
897 3551 1011 3615 anima
1029 3552 1136 3614 vitam
1160 3572 1257 3616 suam
1276 3554 1350 3636 agit
1369 3555 1404 3620 in

277 3668 421 3729 corpore
452 3667 512 3729 per
540 3647 752 3728 sanguinem,
779 3645 857 3709 ideo
887 3643 1026 3725 sanguis
1056 3645 1089 3706 in
1114 3643 1233 3709 Verbo
1259 3657 1405 3712 vocatur

276 3743 392 3804 anima
412 3739 542 3824 (Genes.
556 3740 603 3802 ix.
619 3756 660 3817 4;
685 3737 790 3801 Levr't.
807 3737 888 3800 xvii.
912 3735 974 3818 14).
1014 3733 1104 3818 Quid
1122 3758 1183 3819 per
1201 3739 1378 3804 “animam
1388 3739 1404 3768 '¹

277 3835 310 3903 in
331 3838 426 3900 vario
445 3855 547 3898 sensu
567 3832 782 3916 intelligitur,
803 3834 936 3896 dicetur
955 3833 988 3895 in
1008 3833 1240 3915 sequentibus.

341 3933 447 4013 38⁰.
478 3928 580 4012 Quod
600 3929 738 4011 sanguis
758 3929 890 4004 rubeat,
911 3938 965 3991 est
981 3949 1115 4011 quoque
1134 3950 1179 3992 ex
1200 3947 1402 4012 correspon-

277 4029 398 4092 dentia
410 4027 523 4091 cordis
540 4037 575 4090 et
592 4025 767 4108 sanguinis
783 4043 860 4087 cum
877 4043 993 4087 amore
1010 4033 1045 4086 et
1064 4023 1136 4104 ejus
1149 4019 1402 4090 affectionibus:

278 4122 312 4186 in
336 4120 505 4203 spirituali
525 4121 614 4183 enim
634 4117 763 4181 mundo
784 4127 864 4180 sunt
883 4116 1018 4180 colores
1038 4117 1149 4178 omnis
1169 4117 1324 4198 generis;
1348 4137 1403 4182 co·

279 4215 330 4278 lor
353 4217 454 4278 ruber
477 4224 511 4277 et
536 4212 633 4275 albus
656 4221 735 4284 sunt
759 4210 896 4273 illorum
915 4207 1201 4285 fundamentales
1221 4228 1261 4273 ac
1284 4209 1404 4293 reliqui

277 4328 324 4371 ex
343 4306 411 4372 illis
430 4316 466 4371 et
485 4327 529 4370 ex
549 4307 718 4387 oppositis
738 4304 884 4378 illorum,
910 4323 995 4386 quae
1015 4313 1095 4365 sunt
1115 4303 1252 4384 igneum
1272 4298 1402 4367 furvum

277 4411 314 4465 et
335 4402 481 4484 nigrum,
499 4400 641 4464 trahunt
658 4420 735 4462 suas
755 4399 962 4472 varietates3
994 4393 1088 4457 color
1107 4394 1207 4458 ruber
1225 4395 1270 4459 ibi
1289 4415 1403 4461 corre·

279 4499 429 4582 spondet
460 4498 579 4572 amori,
608 4505 644 4560 et
675 4495 770 4558 color
799 4493 898 4557 albus
927 4492 1175 4574 correspondet
1202 4491 1403 4578 sapientiae.

279 4593 383 4676 Quod
408 4593 504 4659 color
526 4593 626 4658 ruber
645 4593 913 4674 correspondeat
938 4591 1056 4662 amori,
1077 4602 1130 4654 est
1154 4591 1231 4674 quia
1254 4613 1299 4655 ex
1322 4593 1403 4675 igne

279 4691 369 4762 Solis
388 4692 434 4756 ibi
454 4691 547 4757 ducit
567 4691 755 4774 originem
776 4701 811 4752 et
832 4689 922 4772 quod
943 4685 1065 4750 ¹¹¹color
1084 4688 1181 4751 albus
1199 4708 1401 4772 correspon-
