3426 5382
561 661 612 712 us
636 661 773 713 utvmn
798 657 1246 728 PkovlnENTIA.-N.115.
1425 656 1466 726 75

331 831 387 897 ita
403 833 532 918 absque
548 833 773 917 paenitentia,
788 853 858 898 non
874 833 976 898 detur
990 831 1146 897 remissio
1161 830 1309 906 illorum,
1326 829 1376 894 ita
1395 850 1466 895 non
1484 889 1486 896 Α

334 928 498 1007 salvatio,
511 931 572 995 sed
585 929 765 995 damnatio
777 939 936 995 aeterna:
956 941 1017 993 aut
1032 928 1124 1013 quod
1140 926 1223 991 talia
1236 925 1320 990 nihil
1335 925 1465 991 saciant

333 1025 381 1089 ad
400 1025 561 1103 salutern,
578 1027 658 1111 quia
676 1023 867 1091 satisfadtio
882 1025 1037 1108 plenaria
1056 1044 1119 1109 pro
1137 1023 1295 1088 omnibus
1310 1022 1466 1106 peccatis

333 1121 512 1186 hominurn
543 1142 564 1187 a
593 1122 746 1188 Domino
772 1143 834 1208 per
856 1121 1052 1206 passionem
1076 1121 1186 1184 crucis
1208 1116 1299 1184 sacia
1321 1128 1375 1184 est
1403 1138 1466 1202 pro

333 1216 404 1282 illis
422 1217 479 1301 qui
495 1218 530 1283 in
546 1216 613 1283 fide
629 1228 721 1296 sunt,
740 1229 776 1284 et
795 1219 887 1303 quod
900 1217 958 1282 -illi
976 1217 1033 1301 qui
1051 1217 1086 1281 in
1105 1216 1181 1282 sola
1198 1215 1265 1281 fide
1284 1236 1361 1280 curn
1379 1215 1465 1279 lidu-

333 1314 389 1377 cia
400 1315 492 1396 quod
505 1315 554 1378 ita
566 1315 623 1390 sit,
636 1323 673 1380 et
689 1315 723 1378 in
740 1313 951 1379 confidentia
961 1314 1005 1378 de
1021 1313 1251 1395 imputatione
1261 1312 1374 1376 meriti
1391 1311 1467 1376 Do·

334 1409 430 1484 mini,
450 1408 580 1492 absque
600 1411 753 1493 peccatis
771 1411 852 1486 sint,
873 1421 909 1474 et
929 1409 1020 1493 quod
1040 1418 1231 1492 appareant
1250 1426 1366 1470 coram
1387 1405 1466 1470 Deo

333 1504 426 1568 sicut
456 1506 512 1589 qui
543 1504 650 1571 lavati
672 1506 760 1571 facie
783 1508 907 1571 nitent.
954 1505 1010 1570 Ex
1041 1505 1095 1570 his
1117 1515 1228 1588 patet,
1252 1504 1343 1588 quod
1368 1523 1464 1567 com·

333 1600 449 1665 rnunis
467 1601 591 1685 religio
609 1604 761 1668 omnium
780 1603 1005 1668 ecclesiarum
1028 1602 1063 1665 in
1087 1600 1284 1666 Christiano
1303 1599 1386 1664 orbe
1405 1600 1463 1675 sit,

333 1694 428 1778 quod
450 1694 557 1760 homo
579 1717 617 1761 se
639 1697 885 1780 exploraturus
909 1698 965 1774 sit,
985 1698 1117 1761 visurus
1140 1707 1176 1761 et
1198 1697 1378 1778 agniturus
1401 1712 1464 1758 sua

334 1800 492 1874 peccata,
512 1802 549 1857 et
569 1802 692 1875 postea
710 1793 900 1858 destitutus
919 1792 1061 1868 abillis,
1082 1802 1117 1857 et
1136 1793 1227 1877 quod
1247 1792 1373 1875 alioqui
1392 1809 1462 1855 non

333 1887 494 1963 salvatio,
513 1888 575 1953 sed
595 1889 784 1954 damnatio.
830 1887 933 1972 Quod
952 1891 1058 1953 etiam
1074 1889 1119 1952 sit
1137 1889 1211 1971 ipsa
1230 1887 1356 1951 Divina
1373 1887 1462 1952 veri·

335 1992 402 2059 tas,
420 1992 519 2066 patet
537 2004 558 2047 a
575 1983 661 2048 locis
676 1984 711 2048 in
727 1982 856 2059 Verbo,
874 1984 931 2047 ubi
946 1983 1133 2049 mandatur
1147 1984 1238 2069 quod
1257 1984 1363 2049 bomo
1379 2002 1462 2066 pae-

333 2079 518 2143 nitentiam
536 2076 673 2144 acturus
692 2080 748 2156 sit,
769 2089 808 2144 ut
825 2080 870 2143 ab
887 2079 959 2145 his:

386 2211 493 2280 ¹¹1Jesus
501 2213 703 2274 dixit,“l⁴'aclte.
714 2212 829 2266 ⁸tructus
839 2215 938 2280 dignos
948 2216 1114 2278 paenitentia
1124 2230 1143 2274 ;.
1153 2253 1176 2267 ..
1187 2215 1253 2279 ¹jum
1265 2215 1320 2279 jam
1329 2253 1348 2266 ..
1358 2215 1461 2266 securis

467 2281 500 2330 ad
516 2281 633 2332 radicem
647 2281 752 2331 arboris
764 2281 853 2344 jacet:
871 2282 973 2332 omnis.
984 2283 1077 2331 arbor
1091 2296 1147 2331 non
1161 2281 1264 2331 iaciens
1279 2278 1396 2332 irudlum
1413 2281 1461 2330 bo·

467 2361 541 2405 num.
552 2347 726 2397 exscindetur
737 2356 766 2396 ct
780 2348 909 2410 inignem
924 2347 1084 2410 conjicietur
1092 2347 1106 2368 ”
1119 2347 1191 2410 (Luc.
1204 2349 1239 2397 iii.
1253 2348 1276 2406 8,
1288 2350 1322 2410 o).

401 2426 465 2463 esus
472 2412 547 2473 dixit,
555 2415 570 2436 “
579 2412 638 2463 Nisi
647 2414 840 2476 paenitentiam
848 2414 966 2476 egeritis,
974 2428 1082 2464 omnes.
1092 2413 1243 2477 .peribitis”
1251 2412 1323 2475 (Luc.
1331 2413 1386 2462 xiii.
1395 2424 1417 2473 3.
1428 2412 1460 2473 5).

400 2491 465 2529 esus
488 2479 652 2542 praedicavit
670 2479 870 2542 “Evangelium
891 2479 979 2542 Regni
1003 2479 1053 2529 Dei
1065 2479 1315 2542 ;...paenitentiam
1333 2479 1414 2542 agite,
1431 2487 1460 2529 et

466 2543 566 2596 credite
582 2545 754 2608 Evangelio”
766 2547 863 2608 (Marc.
875 2545 892 2594 i.
907 2557 945 2605 14,
959 2545 1008 2606 15).

381 2609 464 2677 Jesus
487 2611 578 2662 emisit
594 2612 749 2674 discipulos,
767 2611 813 2676 qui
836 2621 966 2662 exeuntes
985 2611 1170 2674 praedicarent
1189 2612 1241 2661 “ut
1261 2609 1457 2674 paenitentiam

466 2676 600 2740 agerent”
612 2677 706 2738 (Mart.
721 2678 755 2728 ui.
770 2677 818 2740 12).

383 2740 465 2808 Jesus
478 2743 546 2793 dixit
560 2743 593 2792 ad
608 2743 757 2807 apostolos,
769 2743 841 2808 quod
856 2742 918 2793 illos
932 2751 1056 2806 oporteat
1070 2743 1225 2807 praedicare
1239 2743 1457 2806 “paenitentiam

466 2819 493 2859 et
504 2809 693 2859 remissionem
706 2819 884 2872 peccatorum,
898 2811 925 2859 in
938 2810 1064 2859 omnibus
1076 2810 1203 2872 gentibus
1209 2807 1225 2828 ”
1237 2807 1310 2870 (Luc.
1322 2809 1395 2858 xxiv.
1407 2810 1457 2869 47).

383 2873 524 2940 Jobannes
539 2875 704 2938 praedicavit
719 2877 733 2900 '¹
740 2876 877 2938 baptisma
891 2876 1074 2939 paenitentiae
1088 2876 1116 2926 in
1131 2875 1320 2926 remissionem
1335 2884 1459 2938 peccato·

466 2955 526 2990 rum
534 2939 549 2960 ”
561 2940 658 3003 (Marc.
670 2941 687 2992 l.
699 2955 715 3001 4
726 2954 733 3000 ς
749 2941 813 2992 Luc.
826 2941 862 2992 iii.
876 2943 908 3004 3).

332 3073 462 3158 Cogita
477 3074 521 3140 de
536 3074 602 3140 hoc
618 3075 725 3140 etiam
741 3096 786 3139 ex
803 3073 919 3159 aliquo
931 3071 1130 3154 intellectu3
1154 3083 1191 3139 et
1209 3074 1238 3138 si
1256 3074 1320 3140 tibi
1335 3073 1458 3158 religio

331 3180 399 3246 est,
417 3171 560 3246 videbis,
574 3171 665 3255 quod
682 3173 898 3254 paenitentia
914 3193 934 3234 a
950 3173 1103 3253 peccatis
1118 3171 1162 3235 sit
1180 3171 1236 3235 via
1251 3171 1295 3234 ad
1311 3169 1456 3247 caelum,

332 3277 370 3330 et
389 3266 482 3350 quod
500 3265 585 3331 fides
600 3274 763 3349 separata
785 3287 805 3330 a
827 3267 1041 3350 paenitentia
1060 3287 1129 3329 non
1148 3267 1193 3330 sit
1216 3263 1321 3340 fides;
1345 3275 1381 3329 et
1401 3265 1457 3348 qui

331 3361 368 3425 in
391 3382 460 3426 non
484 3359 550 3426 fide
572 3371 653 3425 sunt
677 3382 723 3425 ex
747 3382 815 3426 non
839 3361 1065 3444 paenitentia,
1084 3360 1119 3424 in
1142 3361 1198 3426 via
1220 3361 1263 3424 ad
1288 3359 1457 3425 infernum

330 3457 413 3520 sint.

396 3565 488 3636 115.
518 3551 574 3616 llli
593 3552 701 3635 quiin
721 3551 787 3617 fide
803 3561 964 3636 separata
983 3573 1003 3616 a
1022 3551 1192 3617 charitate
1207 3561 1300 3630 sunt,
1316 3561 1354 3617 et
1372 3571 1457 3617 con·

331 3645 554 3711 firmaverunt
570 3667 607 3712 se
626 3669 673 3711 ex
691 3645 784 3712 dicto
803 3648 899 3712 Pauli
915 3648 959 3711 ad
978 3648 1158 3726 Romanos,

464 3781 545 3846 Quod
560 3782 611 3832 lide
623 3781 784 3845 justificetur
796 3783 879 3832 horno
891 3784 950 3832 sine
965 3784 1094 3848 operibus
1105 3783 1175 3848 legis
1186 3781 1234 3846 (ili.
1245 3782 1296 3846 28),

329 3911 480 3977 adorant
497 3912 563 3975 hoc
580 3909 709 3976 dictum
721 3912 809 3976 sicut
825 3913 881 3996 qui
897 3914 1044 3978 adorant
1064 3913 1195 3993 solem;
1219 3922 1255 3977 et
1269 3911 1355 3977 fiunt
1370 3911 1459 3976 sicut

329 4007 525 4091 quioculos
544 4009 672 4072 obnixe
692 4007 801 4090 figunt
816 4009 850 4072 in
869 4009 953 4084 sole,
968 4030 1013 4073 ex
1033 4030 1100 4094 quo
1116 4011 1207 4074 acies
1226 4009 1352 4074 obtusa
1366 4004 1459 4072 satta

331 4123 401 4166 non
418 4103 514 4167 videt
531 4103 660 4187 aliquid
679 4103 712 4168 in
729 4104 842 4168 media
858 4103 954 4171 luce:
978 4126 1047 4168 non
1063 4105 1155 4169 enim
1171 4105 1292 4169 vident
1311 4102 1391 4187 quid
1411 4103 1457 4167 ibi

330 4198 538 4281 intelligitur
560 4220 621 4282 per
645 4205 780 4282 “opera
803 4199 922 4282 legis,”
940 4202 1032 4285 quod
1060 4203 1129 4265 sint
1152 4200 1290 4266 ritualia
1318 4219 1406 4282 quae
1437 4219 1457 4262 a

331 4291 432 4358 Mose
448 4295 625 4376 descripta
641 4306 721 4359 sunt
738 4297 769 4360 in
788 4295 882 4360 libris
898 4295 980 4379 ejus,
998 4318 1085 4380 quae
1100 4297 1211 4361 ubivis
1227 4295 1272 4361 ibi
1287 4304 1458 4359 vocantur

331 4387 409 4453 Lex
421 4411 430 4469 ;
454 4400 490 4454 et
509 4391 600 4474 quod
620 4411 689 4455 non
709 4403 897 4474 praecepta
915 4393 1084 4476 decalogi.
1131 4391 1245 4476 Quare
1265 4414 1308 4457 ne
1327 4390 1457 4455 intelli·

328 4498 460 4567 gantur
478 4497 665 4569 praecepta
683 4487 854 4569 decalogi,
871 4488 1026 4570 explicat
1045 4488 1131 4552 illud
1150 4489 1308 4562 dicendo,

382 4619 513 4682 “Ergone
530 4620 617 4684 legem
633 4623 810 4683 arbrogamus
828 4637 877 4685 per
894 4621 992 4674 tidem?
1016 4623 1095 4680 absit,
1111 4623 1159 4673 sed
1178 4623 1265 4686 legem
1281 4621 1434 4672 stabilimus
1442 4620 1459 4640 ”

462 4684 550 4747 (verse
565 4699 594 4748 31
608 4687 732 4751 ejusdem
746 4689 859 4753 cupitis).
