3448 5374
457 701 510 753 DE
534 700 673 753 mvnsn
696 700 1238 753 PkovlnENTIA.-CONTENTA.
1357 689 1420 754 xiii

545 887 568 922 2.
588 873 660 933 Quod
670 889 741 920 error
749 874 841 920 saeculi
852 874 892 926 sit,
903 873 969 932 quod
978 873 1094 919 credatvr
1103 873 1169 932 qaod
1178 877 1256 918 status
1267 874 1333 920 vitae
1344 875 1420 922 leomi-

590 935 629 980 nis
639 936 719 994 possit
730 939 845 980 momento
858 935 993 986 immutari,
1005 940 1029 978 et
1039 936 1075 979 sio
1086 935 1154 980 loma
1167 948 1182 978 a
1195 935 1327 993 malofieri
1337 937 1419 990 ianus,

590 1001 760 1055 consequenter
770 997 799 1040 ab
813 996 908 1055 inferno
919 995 996 1048 educi,
1009 1002 1034 1041 et
1048 997 1114 1040 illico
1130 996 1157 1040 in
1169 995 1261 1040 caelum
1278 998 1419 1058 transferri,

590 1063 615 1102 et
623 1058 666 1102 leoc
676 1071 707 1101 ex
718 1055 857 1102 immediata
870 1055 972 1102 Domini
982 1056 1147 1101 misericordia
1158 1053 1191 1113 (n.
1203 1058 1301 1114 279[⁴])·

545 1130 568 1177 3.
589 1117 660 1176 Quod
674 1118 715 1162 illi
726 1118 769 1175 qui
781 1117 817 1162 ila
830 1118 938 1169 credunt,
949 1117 1016 1162 nihil
1025 1118 1155 1176 quicquan
1165 1117 1247 1162 sciant
1256 1119 1319 1176 quod
1327 1119 1421 1164 malim

590 1184 615 1223 et
624 1177 685 1236 quid
693 1178 778 1222 ionum
789 1178 821 1233 (n.
835 1177 932 1236 279131).

544 1253 567 1298 4
587 1239 659 1297 Quod
669 1239 711 1284 illi
722 1239 766 1297 qui
777 1238 879 1283 credaut
890 1243 1077 1285 momentaneam
1088 1239 1248 1284 salvationem
1260 1244 1284 1285 et
1293 1237 1420 1287 immedia-

590 1305 642 1345 tam
660 1299 859 1352 mondum,
881 1313 928 1346 παπ
948 1301 1028 1346 sciant
1046 1301 1112 1359 quod
1128 1301 1272 1359 affelliones,
1288 1316 1349 1361 quae
1362 1307 1423 1348 sunt

591 1361 730 1413 voluntatis,
746 1362 796 1406 sint
811 1374 891 1406 merae
906 1361 1048 1406 mutationes
1062 1366 1139 1406 stolus
1154 1361 1344 1408 substantiarum
1355 1369 1421 1422 pure

590 1422 764 1481 arganiearum
775 1423 877 1473 mentis:
893 1426 918 1466 et
928 1422 994 1480 quod
1002 1423 1164 1480 cogitationes.
1176 1435 1238 1481 quoe
1246 1427 1305 1468 sunt
1314 1423 1420 1470 intellec·

590 1487 636 1535 tus.
647 1483 698 1528 sint
709 1496 789 1528 merae
801 1483 942 1528 mutationes
954 1487 978 1527 el
988 1484 1136 1528 variationes
1143 1483 1244 1543 somnae
1254 1484 1358 1530 illarum
1365 1500 1375 1530 .·
1397 1488 1422 1531 et

589 1543 655 1602 quad
668 1544 784 1589 anemoria
797 1543 832 1588 sit
845 1547 921 1588 status
936 1543 1040 1590 istarum
1052 1543 1211 1590 mutationum
1221 1549 1246 1590 el
1255 1544 1420 1592 variationum

586 1610 733 1663 pommus
744 1603 779 1662 (¹1·
791 1605 883 1664 279[6])·

393 1697 447 1759 (iv.)
466 1695 540 1758 Quod
545 1695 716 1757 sicpermoksio
725 1695 788 1742 mali
796 1696 830 1742 sit
836 1701 939 1756 propter
939 1697 1018 1756 finem
1029 1701 1058 1742 ut
1065 1696 1170 1744 salvatio
1181 1696 1216 1756 (a.
1228 1697 1294 1759 281).

284 1856 498 1991 Quon(D1va
521 1859 721 1904 Pnovlnnum
740 1864 836 1913 nomi
855 1833 901 1904 Sir
919 1864 997 1904 APUD
1019 1865 1111 1905 omos
1132 1867 1214 1914 Qum
1234 1867 1309 1906 APUD
1330 1867 1420 1907 BONOS

390 1931 555 1988 nais-soa)-

409 2037 446 2102 (i.)
468 2038 540 2100 Quod
553 2039 649 2085 Divina
665 2037 824 2086 Providentia
839 2053 886 2085 non
900 2039 980 2085 solum
994 2039 1028 2084 sii
1042 2039 1109 2100 apud
1121 2041 1198 2094 ionas,
1210 2040 1254 2086 sed
1266 2040 1339 2086 etiam
1354 2039 1423 2101 apud

531 2101 615 2152 malos,
632 2099 658 2145 in
673 2099 877 2160 singularissimis
892 2100 1055 2153 universalis:
1077 2106 1102 2147 et
1115 2101 1181 2160 quod
1194 2115 1268 2160 usque
1283 2115 1330 2147 non
1345 2102 1378 2146 sil
1392 2102 1420 2147 in

530 2162 632 2207 illorum
642 2161 715 2206 malis
726 2163 761 2218 (n.
774 2163 839 2219 287).

333 2261 398 2310 Cum
409 2261 510 2320 quidam
522 2260 628 2307 convicti
637 2267 695 2307 sunt
705 2261 773 2320 quod
784 2261 868 2309 nullus
879 2261 970 2321 cogitet
980 2274 1011 2308 ex
1021 2274 1056 2316 se,
1066 2263 1110 2308 sed
1123 2275 1153 2308 ex
1164 2261 1260 2308 influxu
1270 2275 1314 2322 per
1324 2261 1419 2308 caelum

286 2335 304 2372 a
315 2321 433 2379 Domino,
444 2323 597 2377 dixemns‚-
1481 2327 1484 2334 ’

547 2419 568 2454 1.
588 2407 660 2466 Quod
667 2407 702 2453 sic
712 2421 759 2452 non
770 2406 796 2452 in
807 2408 975 2469 culpaforent‚
987 2407 1053 2468 quod
1060 2409 1256 2467 malumsaciant
1264 2407 1297 2465 (n.
1310 2405 1406 2466 ²94[²])·

546 2481 569 2516 2.
590 2468 662 2527 Quod
668 2469 704 2514 sic
714 2468 834 2521 videatur,
846 2468 912 2526 quod
921 2469 1011 2514 malum
1021 2469 1055 2513 sit
1064 2483 1080 2513 a
1091 2468 1196 2514 Domino
1207 2468 1243 2524 (n.
1255 2469 1347 2528 294151).

545 2541 569 2588 3.
590 2529 662 2588 Quod
670 2543 718 2575 παπ
733 2529 940 2587 comprehendant,
957 2529 1023 2588 qvod
1037 2529 1157 2574 Dominus
1168 2529 1233 2575 solus
1240 2530 1319 2589 possit
1325 2529 1419 2590 sotere,

591 2595 619 2636 ut
628 2603 707 2636 omnes
716 2597 766 2636 tam
777 2589 936 2635 diversimode
946 2590 1050 2650 cogitent
1058 2589 1091 2647 (n.
1104 2590 1198 2649 294[⁶])·

402 2693 449 2758 (ii.)
474 2695 548 2756 Quod
565 2696 627 2741 mali
635 2710 660 2741 se
671 2696 734 2755 ipsos
744 2695 854 2740 continue
864 2695 981 2741 inducant
990 2696 1016 2742 in
1028 2696 1100 2749 mala.
1108 2695 1151 2741 sed
1159 2694 1225 2756 quod
1233 2695 1356 2742 Dominus
1363 2695 1421 2743 illos

531 2757 643 2803 continue
654 2757 757 2802 abducat
765 2770 781 2802 a
792 2756 865 2802 malis
874 2757 908 2814 (n.
920 2756 982 2814 295).

548 2856 570 2892 1.
590 2845 663 2904 Quod
671 2845 859 2890 innumerabilia
869 2844 956 2890 sintin
966 2845 1098 2904 unoquovis
1108 2845 1172 2890 malo
1182 2843 1215 2900 (n.
1227 2845 1323 2904 296[1]).

546 2919 569 2955 a.
589 2905 661 2965 Quod
669 2906 748 2950 malus
758 2907 784 2951 in
794 2920 839 2952 sua
849 2906 916 2952 nota
927 2919 953 2952 se
964 2919 1031 2952 exse
1042 2907 1152 2952 continue
1160 2907 1309 2967 profundius
1321 2905 1423 2953 inducat

606 2981 629 3012 n.
643 2981 656 3013 2
731 3001 735 3012 .

545 3039 569 3086 3.
590 2967 763 3086 buod9l6>st³oloina
771 3027 930 3074 Providmtia
940 3041 994 3074 cum
1005 3028 1077 3073 malis
1084 3027 1118 3073 sit
1127 3029 1241 3075 continua
1250 3028 1311 3074 mali
1316 3027 1422 3088 pmmi'ss·
1456 3071 1457 3074 ,

591 3090 634 3142 sio,
646 3090 672 3135 ab
677 3091 755 3147 finem
767 3094 795 3134 ut
803 3089 837 3134 sit
846 3090 959 3134 continua
972 3089 1080 3135 abductio
1092 3089 1127 3147 (n.
1139 3090 1236 3148 296[7]).

546 3163 570 3208 4.
590 3150 662 3209 Quod
675 3149 785 3195 abductio
800 3165 815 3194 a
828 3150 891 3195 malo
899 3152 952 3208 fiat
963 3151 1030 3195 mille
1041 3150 1124 3203 modis.
1135 3151 1208 3195 etiam
1221 3149 1393 3204 arcanissimis‚
1403 3162 1421 3196 a

594 3211 700 3257 Domino
710 3211 744 3268 (n.
756 3211 862 3270 296[1o]).

394 3303 448 3368 (ἱὶἱ.)
472 3303 546 3366 Quod
553 3305 615 3351 mali
629 3305 779 3364 nonpossint
793 3318 809 3350 a
825 3305 931 3350 Domino
943 3311 1045 3364 prorsus
1061 3304 1148 3350 abduci
1161 3319 1177 3350 a
1193 3304 1272 3357 malis.
1283 3309 1308 3350 ut
1321 3304 1379 3350 duci
1392 3305 1421 3350 iu

531 3367 606 3418 ionis.
619 3366 735 3424 quamdiu
746 3364 847 3410 credunt
852 3367 981 3425 propriam
995 3365 1182 3426 intelligentiam
1192 3379 1241 3411 esse
1251 3379 1325 3420 omne,
1337 3370 1360 3411 el
1372 3365 1421 3412 Du'·

532 3428 616 3474 vinam
627 3426 809 3472 Providentiam
820 3441 867 3472 non
878 3427 976 3484 aliquid
985 3428 1020 3483 (n.
1032 3429 1098 3484 297).

549 3522 571 3558 1.
591 3509 773 3568 Quodpropria
785 3509 955 3576 intelligentia
967 3523 1020 3555 cum
1034 3510 1146 3555 voluntas
1157 3509 1184 3555 in
1197 3509 1261 3555 malo
1273 3514 1315 3563 est,
1326 3523 1373 3555 non
1383 3508 1422 3555 vi·

593 3571 649 3616 deal
659 3571 707 3616 nisi
711 3571 817 3631 salsum,
829 3575 853 3616 et
864 3571 929 3630 quod
939 3585 986 3616 non
999 3571 1081 3616 videre
1091 3571 1152 3616 velit
1163 3584 1205 3617 nec
1211 3572 1290 3631 possit
1300 3570 1373 3617 aliut
1385 3568 1419 3628 (n.

547 3705 570 3740 2.
590 3633 694 3751 &gilii
699 3693 803 3751 propria
814 3692 976 3750 intelligentia
986 3697 1044 3738 lunc
1054 3693 1121 3738 videl
1130 3707 1222 3747 verum.
1234 3693 1275 3739 vel
1282 3697 1380 3738 avertat
1387 3705 1420 3748 se,

593 3754 756 3813 velsalsificel
765 3754 831 3798 illud
839 3758 872 3806 in.
885 3755 981 3812 29⁸[³])·

547 3827 570 3874 3.
590 3814 662 3872 Quod
673 3815 769 3860 Divina
781 3814 940 3860 Providentia
951 3814 1063 3860 continue
1067 3814 1151 3875 faeiat
1160 3813 1279 3860 hominem
1289 3814 1372 3860 videre
1381 3828 1421 3860 ve·

593 3889 656 3945 mm.
664 3881 690 3946 ¹el
701 3875 765 3934 quod
775 3876 848 3920 etiam
859 3875 898 3944 det
910 3876 1057 3934 affetlionem
1064 3876 1216 3935 percipiendi
1225 3876 1292 3921 illud
1300 3881 1325 3921 el
1333 3875 1421 3935 recipi·

546 4011 570 4054 4.
591 3935 984 4115 {lzdddzigiirpfflioiqa'iducatur
995 4011 1011 4041 a
1023 3996 1093 4050 malo.
1107 4010 1155 4042 non
1167 4011 1183 4042 a
1194 4011 1219 4042 se
1231 3995 1274 4042 sed
1287 4010 1304 4042 a
1315 3996 1421 4042 Domino

603 4070 627 4102 n.
640 4071 670 4114 ²9
732 4091 737 4102 .

399 4150 452 4211 (ir.)
475 4151 548 4211 Quod
564 4151 685 4197 Dominus
703 4155 773 4210 regat
790 4150 912 4210 infernum
927 4159 976 4211 per
992 4153 1105 4212 opposita.
1123 4157 1147 4196 et
1164 4151 1230 4210 quod
1245 4151 1321 4197 malas
1336 4151 1380 4209 qui
1393 4151 1421 4197 in

532 4211 622 4328 goffia
631 4217 697 4331 Σιωπς,
707 4217 778 4272 regat
787 4211 813 4256 in
824 4212 919 4271 inferno
930 4213 1011 4272 quoad
1021 4213 1141 4258 interiora
1152 4218 1232 4258 elnon
1243 4212 1325 4271 quoad
1332 4211 1421 4258 exteri·

549 4373 569 4407 1.
591 4360 663 4419 Quod
672 4359 792 4406 Dominus
802 4365 873 4420 regat
883 4360 1007 4421 infernum
1015 4367 1064 4420 per
1073 4361 1180 4421 opposita
1189 4364 1223 4414 (n.
1236 4361 1329 4419 307111).

548 4436 570 4468 a.
591 4422 663 4480 Quod
672 4422 793 4468 Dominus
803 4421 887 4476 malos,
897 4421 977 4488 quiin
987 4421 1076 4468 mundo
1086 4427 1150 4476 sunt,
1160 4423 1266 4482 regalia
1277 4421 1373 4482 insarno
1384 4419 1420 4480 (n.

594 4485 690 4540 ΜΗ).

547 4554 570 4601 3.
591 4543 663 4602 Quod
671 4543 792 4588 Dominus
802 4542 878 4589 malos
888 4543 915 4589 in
926 4543 1015 4590 mundo
1025 4544 1061 4591 ita
1071 4548 1143 4604 regat
1152 4542 1232 4602 quoad
1240 4542 1365 4597 interiora,
1374 4541 1422 4588 ali·

594 4609 633 4649 ter
642 4603 723 4663 quoad
731 4605 855 4651 exteriora
867 4605 902 4662 (n.
914 4605 1007 4664 307[3]).
1412 4631 1413 4634 ¹
