3410 5382
521 660 572 710 na
596 657 734 710 mrum
753 651 1108 706 ercombertum-u.
1133 637 1201 700 128.
1391 633 1433 714 83

303 833 405 899 Idem
426 831 529 897 etiam
552 840 713 896 constare
733 837 851 913 potest
874 848 919 890 ex
945 825 1040 899 Fide,
1060 844 1146 908 quae
1170 821 1215 886 ab
1233 816 1436 884 Athanasio

306 949 434 995 nomen
452 926 571 1004 habet,
588 947 676 1012 quae
699 927 805 990 etiam
828 925 863 988 in
886 923 1044 986 universo
1060 918 1258 984 Christiano
1274 915 1357 980 orbe
1379 935 1434 979 re·

307 1039 411 1110 cepta
427 1034 490 1102 est,
509 1024 566 1088 ubi
582 1023 617 1088 in
634 1020 700 1086 fine
720 1019 807 1085 haec
826 1018 932 1084 verba
951 1025 1048 1080 sunt:

363 1170 542 1226 “venturus
563 1179 611 1224 est
629 1167 778 1222 Dominus
802 1165 841 1220 ad
856 1163 1053 1234 judicandum
1069 1161 1156 1216 vivos
1175 1169 1208 1216 et
1228 1168 1381 1220 mortuos:
1404 1156 1435 1210 in

307 1244 396 1314 cujus
406 1244 540 1297 adventu
555 1242 598 1296 illi
617 1239 668 1310 qui
691 1241 772 1292 bona
785 1236 932 1298 fecerunt,
945 1234 1103 1289 intrabunt
1122 1233 1153 1288 in
1164 1232 1259 1287 vitam
1271 1240 1437 1292 aeternam,

308 1325 340 1370 et
352 1315 404 1385 qui
416 1315 496 1369 mala
508 1313 644 1370 fecerunt
658 1313 689 1367 in
705 1311 806 1382 ignem
820 1305 1005 1374 aetemum.''

373 1474 467 1540 128·
497 1471 582 1556 Quis
606 1493 675 1538 non
702 1474 769 1538 scit
797 1493 842 1535 ex
866 1467 995 1542 Verbo,
1024 1463 1116 1550 quod
1143 1464 1285 1548 quisque
1311 1480 1435 1525 secun·

310 1569 390 1630 dum
409 1566 499 1633 satta
517 1589 578 1632 sua
597 1570 761 1633 sortiatur
779 1569 886 1631 vitam
906 1571 985 1647 post
1004 1559 1176 1624 mortem?
1221 1557 1328 1640 Aperi
1345 1555 1434 1618 Ver·

309 1666 402 1736 bum,
421 1663 500 1747 lege
518 1664 614 1740 illud,
632 1676 668 1730 et
687 1664 779 1729 clare
799 1662 942 1736 videbis,
963 1658 1023 1722 sed
1044 1675 1183 1720 remove
1202 1662 1283 1717 tunc
1302 1653 1436 1734 cogita·

310 1762 423 1824 tiones
448 1781 467 1823 a
490 1759 557 1824 fide
584 1773 620 1826 et
642 1782 663 1825 a
684 1760 934 1843 justificatione
963 1754 1139 1842 perillam
1165 1750 1286 1816 solam.
1333 1748 1435 1832 Quod

311 1855 480 1918 Dominus
503 1857 536 1918 in
559 1877 621 1921 suo
641 1856 760 1922 Verbo
783 1857 891 1921 ubivis
913 1857 948 1920 id
968 1856 1105 1925 doceat,
1129 1850 1198 1913 sint
1220 1847 1306 1911 haec
1326 1865 1437 1930 pauca

310 1952 344 2014 in
364 1952 623 2016 testimonium:

360 2097 479 2148 “Omnis
492 2101 573 2149 arbor
584 2113 652 2164 quae
665 2114 721 2149 non
736 2099 801 2150 facit
815 2095 932 2149 fructum
949 2099 1062 2156 bonum,
1074 2097 1249 2148 exscindetur
1259 2107 1287 2146 et
1301 2097 1328 2146 in
1343 2097 1435 2158 ignem

442 2165 619 2291 “idisti“”Ji
637 2180 720 2230 quare
734 2180 768 2215 ex
782 2163 913 2216 frmitibus
932 2179 1026 2214 eorum
1043 2164 1213 2227 cognoscetis
1228 2163 1289 2212 illos
1297 2161 1312 2182 ”
1326 2159 1437 2224 (Μαῖα.

443 2243 514 2280 vu.1
537 2244 606 2288 ,20.

360 2294 463 2345 “Multi
475 2246 566 2347 dicdnt
579 2296 647 2347 Mihi
660 2299 687 2347 in
702 2298 746 2348 die
761 2297 815 2356 illo,
830 2295 956 2356 Domine,
971 2333 993 2346 ..
1006 2310 1098 2344 nonne
1113 2309 1161 2358 per
1173 2309 1273 2344 nomen
1286 2303 1362 2343 tuum
1376 2308 1439 2357 pro·

443 2362 614 2425 phetavimus
616 2401 689 2422 .....
701 2374 728 2413 et
744 2365 770 2412 in
786 2363 896 2412 nomine
913 2371 960 2412 tuo
977 2362 1076 2411 multas
1090 2361 1204 2410 virtutes
1218 2359 1351 2410 fecimus?
1384 2359 1437 2410 Sed

443 2438 506 2477 tune
521 2429 670 2479 confitebor
683 2431 743 2488 illis,
758 2429 819 2479 Non
836 2429 900 2478 novi
916 2443 974 2488 vos,
989 2427 1117 2477 discedite
1132 2440 1148 2476 a
1164 2425 1216 2484 Me,
1229 2435 1374 2489 operantes
1387 2426 1439 2476 ini·

442 2496 572 2558 quitatem
581 2493 594 2514 ''
606 2495 714 2556 (Matth.
727 2496 771 2545 vii.
785 2507 824 2554 22,
839 2495 887 2557 23).

360 2558 482 2610 “Omnis
494 2599 500 2610 .
511 2599 517 2610 .
530 2561 574 2624 qui
589 2561 663 2611 audit
675 2563 758 2610 verba
770 2576 831 2610 mea
843 2571 870 2609 et
883 2560 948 2609 facit
960 2560 1014 2618 ilia,
1026 2559 1189 2622 comparabo
1203 2553 1290 2623 [euru]
1304 2559 1363 2606 viro
1376 2573 1439 2620 pru·

443 2626 525 2686 denti,
538 2627 582 2690 qui
600 2625 750 2678 aedificavit
768 2627 879 2676 domum
899 2641 981 2688 super
998 2633 1091 2689 petra:
1103 2633 1197 2675 ....at
1214 2625 1305 2674 ornnis
1323 2624 1439 2674 audiens

442 2695 525 2742 verba
539 2708 600 2742 mea
613 2703 640 2742 et
655 2708 710 2742 non
725 2693 827 2742 faciens
841 2693 894 2750 illa,
911 2692 1111 2755 comparabitur
1125 2690 1183 2739 viro
1196 2691 1286 2748 stulto,
1301 2691 1347 2754 qui
1364 2691 1439 2740 aedi·

443 2757 531 2807 ficavit
545 2758 655 2808 domum
671 2774 747 2808 suam
763 2758 868 2821 super”
881 2761 895 2782 “
904 2758 987 2808 humo
1001 2760 1103 2822 absque
1115 2754 1313 2806 fundamento''
1329 2756 1438 2820 (Mattio.

443 2825 488 2874 vii.
501 2835 541 2884 ²4,
554 2825 601 2882 πός
615 2825 677 2873 Luc.
692 2825 725 2876 vi.
738 2825 838 2886 46-49).

309 2884 364 2938 i²d
390 2887 549 2940 “Venturus
566 2929 589 2940 ..
605 2901 646 2940 est
662 2889 682 2940 F
684 2891 744 2940 ilius
756 2891 875 2940 hominis
889 2891 916 2939 in
927 2890 1015 2953 gloria
1028 2889 1115 2940 Patris
1128 2891 1170 2940 sui
1171 2929 1246 2949 .....
1259 2900 1287 2941 et
1301 2900 1365 2939 tunc
1378 2890 1438 2939 red·

442 2955 487 3005 det
500 2957 642 3020 unicuique
654 2958 801 3006 secundum
815 2953 887 3006 rana
899 2957 958 3019 ejus
966 2955 979 2976 '¹
992 2955 1099 3016 (Mater.
1112 2958 1165 3006 xvi.
1178 2957 1227 3019 27).

361 3019 376 3042 ‘¹
384 3019 529 3071 Auferetur
540 3037 556 3071 a
568 3023 645 3072 vobis
658 3037 771 3086 regnum
787 3023 845 3080 Dei,
863 3032 890 3072 et
901 3023 1008 3071 dabitur
1019 3022 1093 3084 genti
1108 3022 1217 3072 facienti
1235 3019 1339 3072 fructus
1354 3021 1413 3085 ejus
1422 3019 1439 3041 '⁹

442 3087 549 3148 (Maris.
563 3090 616 3137 xxi.
630 3087 708 3150 [¹¹43).

364 3148 441 3214 lesus
453 3154 527 3212 dixit,
541 3153 653 3203 “Mater
666 3169 726 3203 mea
737 3165 764 3204 et
777 3155 873 3205 fratres
886 3155 938 3203 mei
951 3155 977 3203 hi
990 3165 1061 3212 sunt,
1071 3155 1117 3218 qui
1130 3154 1242 3204 audiunt
1254 3153 1373 3204 Verbum
1388 3155 1439 3204 Dei

443 3230 469 3267 et
482 3219 583 3269 faciunt
596 3220 661 3270 illud
671 3219 685 3240 '¹
697 3220 770 3280 (Luc.
784 3221 837 3270 viii.
850 3223 899 3280 οι).

363 3281 463 3334 “Tunc
482 3286 616 3347 incipietis
627 3324 632 3335 .
644 3324 649 3335 .
660 3297 731 3336 stare
746 3297 773 3335 et
788 3287 896 3348 pulsare
911 3285 1031 3349 januam,
1046 3286 1176 3342 dicentes,
1192 3284 1316 3344 Domine,
1328 3323 1335 3336 .
1345 3323 1351 3336 .
1361 3286 1437 3349 aperi

444 3353 523 3401 nobis
534 3369 539 3401 :
559 3352 606 3401 sed
620 3353 797 3414 respondens,
807 3352 878 3401 dicet
887 3351 901 3371 ”
915 3353 975 3408 illis,
985 3351 1068 3401 “Non
1083 3353 1147 3401 novi
1157 3367 1207 3402 vos
1219 3353 1291 3401 unde
1302 3351 1382 3409 sitis..
1393 3389 1399 3401 .
1409 3389 1432 3403 ..

443 3417 571 3468 discedite
584 3433 600 3466 a
614 3417 667 3474 Me,
680 3432 776 3467 omnes
789 3417 904 3480 operarii
919 3416 1087 3481 iniquitatis''
1100 3418 1172 3478 (Luc.
1186 3418 1239 3468 xiii.
1253 3418 1351 3480 25-27).

361 3479 502 3532 “Exibunt
514 3484 558 3547 qui
570 3485 642 3532 bona
653 3483 773 3533 fecerunt
787 3484 813 3531 in
825 3481 1050 3533 resurrectionem
1061 3485 1141 3542 vitae,
1151 3485 1195 3548 qui
1207 3499 1272 3532 vero
1285 3483 1357 3533 mala
1369 3483 1438 3534 fece·

443 3559 513 3608 runt,
526 3549 553 3598 in
567 3547 790 3600 resurrectionem
805 3550 896 3612 judicii
908 3549 921 3568 ”
934 3550 1009 3614 (Joh.
1022 3565 1046 3600 v.
1062 3550 1111 3613 ²9)-

307 3607 366 3661 18.l
389 3613 516 3665 “Scimus
529 3617 635 3680 ..quod
650 3626 803 3678 peccatores
819 3616 891 3664 Deus
906 3631 961 3664 non
976 3617 1074 3674 audiat,
1088 3616 1136 3666 sed
1149 3617 1171 3666 si
1190 3616 1249 3680 quis
1263 3615 1350 3665 Deum
1365 3615 1439 3675 colit,

443 3689 470 3730 et
482 3681 648 3731 voluntatem
665 3681 752 3743 Ipsius
765 3682 837 3740 facit,
851 3683 922 3731 hunc
935 3683 1010 3731 audit
1019 3681 1032 3700 ''
1045 3678 1146 3748 ([Joh.]
1160 3683 1194 3731 ix.
1208 3681 1257 3744 31).

360 3745 410 3796 “Si
422 3746 489 3796 baec
500 3748 582 3804 scitis.
595 3747 665 3796 beati
679 3749 744 3797 estis
757 3749 779 3798 si
794 3749 911 3798 feceritis
923 3747 991 3798 illa”
1003 3749 1078 3813 (Joh.
1092 3748 1145 3797 xiii.
1160 3748 1207 3810 17).

360 3811 435 3877 “Qui
447 3812 527 3863 habet
541 3824 684 3876 praecepta
696 3828 764 3872 mea,
775 3827 800 3864 et
814 3815 876 3865 facit
886 3815 939 3872 illa,
951 3814 994 3863 ille
1007 3825 1048 3864 est
1060 3815 1105 3878 qui
1118 3824 1191 3864 amat
1204 3813 1250 3864 Me
1252 3851 1327 3873 .....
1338 3824 1366 3864 et
1380 3813 1440 3876 Ego

443 3880 541 3928 amabo
560 3879 633 3928 illurn
636 3917 711 3936 .....
723 3890 751 3929 et
768 3883 800 3931 ad
820 3883 894 3930 illurn
916 3880 1030 3938 veniam,
1049 3889 1075 3928 et
1093 3881 1263 3930 mansionem
1278 3880 1350 3944 apud
1362 3880 1438 3930 illum

442 3944 540 3995 faciam
550 3945 564 3966 ”
576 3945 650 4010 (Jola
663 3945 717 3995 xiv.
732 3959 769 4008 15,
783 3949 881 4007 21-24).

360 4007 440 4062 “Vos
457 4011 536 4061 amici
555 4013 607 4061 mei
624 4013 700 4071 estis,
715 4014 738 4063 si
757 4015 874 4064 feceritis
891 4031 1064 4079 quaecunque
1078 4016 1179 4066 mando
1193 4016 1278 4065 vobis.
1381 4015 1439 4078 Ego

443 4091 493 4126 vos
505 4078 594 4203 elegib)
603 4117 610 4128 .
620 4116 626 4128 .
637 4088 666 4128 ut
680 4118 685 4128 .
697 4117 702 4128 .
713 4117 719 4129 .
732 4079 833 4131 fructus
848 4082 948 4140 feratis,
961 4092 989 4131 et
1001 4080 1103 4132 fruitus
1115 4091 1207 4131 vester
1218 4081 1351 4135 maneat”
1363 4082 1438 4146 (Joh.

444 4156 564 4202 xv.14,1
596 4181 601 4193 .

304 4207 366 4258 1⁴.)
390 4206 524 4259 Dominus
542 4210 609 4260 dixit
631 4213 758 4278 Johanni,
778 4213 893 4264 “Scribe
911 4215 1009 4276 angelo
1030 4214 1183 4276 Ephesinae
1205 4213 1348 4272 Ecclesiae,
1367 4213 1438 4263 Novi

443 4289 526 4337 opera
547 4287 608 4329 tua:
691 4281 779 4329 habeo
801 4290 896 4330 contra
916 4289 949 4338 te,
971 4280 1041 4344 quod
1063 4281 1220 4330 charitatem
1240 4282 1357 4343 priorem
1378 4281 1439 4331 reli-

444 4341 550 4403 queris:
565 4359 683 4408 ...age
706 4346 909 4408 paenitentiam,
927 4355 954 4395 et
973 4347 1062 4409 priora
1079 4360 1162 4409 opera
1180 4346 1239 4404 fac:
1260 4348 1283 4396 si
1302 4362 1356 4395 non
1360 4384 1434 4404 .....

443 4411 560 4459 movebo
573 4412 765 4461 candelabrum
780 4421 854 4461 tuum
868 4427 883 4461 e
896 4411 955 4461 loco
968 4412 1027 4474 ejus
1035 4411 1049 4431 '²
1061 4411 1147 4477 (Apoc.
1160 4413 1186 4461 ii.
1201 4426 1223 4470 1,
1236 4424 1258 4470 π,
1271 4425 1294 4472 4,
1309 4413 1341 4472 5).

362 4471 493 4606 “madio
514 4475 653 4606 ficclesiae
675 4479 886 4541 Smyrnaeorum
908 4478 1001 4536 scribe,
1023 4477 1095 4527 Novi
1116 4493 1199 4542 opera
1219 4488 1267 4528 tua
1275 4477 1289 4498 ''
1309 4477 1394 4543 (Apoc.
1413 4479 1438 4528 ii.

360 4557 650 4661 “Anne1095cclestae
668 4610 694 4659 in
716 4610 849 4671 Pergamo
867 4611 953 4660 scribe
955 4646 1027 4668 .....
1039 4609 1110 4660 Novi
1131 4625 1214 4672 opera
1231 4619 1284 4669 tua,
1301 4610 1440 4674 paeniten-

445 4673 508 4722 tiam
522 4691 572 4736 age
581 4673 594 4694 ’¹
608 4675 692 4740 (Aper.
707 4677 732 4725 ii.
748 4673 813 4742 [12,]
830 4690 866 4737 13,
883 4677 929 4738 16).
