3352 5374
444 692 495 742 oi:
519 691 937 756 orvruosuona,1>nns
962 691 1091 741 1v.—N.
1113 679 1183 759 318.
1317 696 1378 761 139

253 873 366 929 status
379 862 513 928 illarum
529 862 712 928 formarum
728 871 764 927 et
784 862 1074 942 substantiarum
1099 863 1203 928 librae
1221 864 1311 927 enim
1331 885 1375 927 ex

254 959 370 1024 formis
388 979 447 1022 seu
465 959 669 1022 substantiis
687 957 754 1020 illis
773 968 945 1022 exeuntes
960 967 1040 1022 sunt
1057 961 1291 1041 comparative
1310 959 1376 1021 sic·

255 1065 292 1118 ut
311 1053 577 1136 atmosphaerae
596 1075 642 1117 ex
660 1051 742 1118 Sole
759 1054 936 1135 spirituali,
954 1064 1138 1137 quaesunt
1155 1055 1377 1118 continentes

145 1185 163 1210 v
254 1151 379 1214 caloris
398 1159 434 1214 et
455 1149 561 1230 lucis3
593 1159 629 1214 et
652 1146 747 1213 adius
771 1170 817 1212 ex
837 1169 980 1232 corpore
1000 1159 1080 1213 sunt
1099 1150 1187 1213 sicut
1207 1170 1294 1231 quae
1318 1170 1378 1233 per

254 1245 516 1330 atmosphaeras
532 1267 551 1310 e
568 1246 668 1310 terris
681 1245 924 1327 producuntur,
939 1264 1082 1327 quorum
1095 1265 1214 1308 usuum
1228 1244 1378 1327 jucunda

255 1341 401 1406 redeunt
420 1341 463 1405 ad
483 1342 652 1424 originem
675 1361 719 1404 ex
740 1360 816 1423 qua.
862 1338 930 1404 Sed
950 1341 1041 1424 quod
1057 1340 1178 1404 horum
1198 1340 1279 1404 talis
1297 1361 1377 1423 pro·

255 1438 388 1519 gressio
417 1438 474 1513 sit,
498 1447 534 1500 et
565 1437 657 1521 quod
680 1437 913 1520 progressioni
937 1437 1019 1499 insit
1042 1437 1159 1518 imago
1183 1437 1378 1513 creationis,

255 1552 359 1613 aegre
376 1541 494 1614 potest
512 1531 615 1615 pleno
635 1528 814 1596 intellectu
834 1531 1091 1614 comprehendi,
1112 1551 1158 1594 ex
1177 1551 1281 1595 cansa
1300 1533 1378 1615 quia

255 1628 364 1693 millia
391 1649 431 1693 ac
460 1629 633 1710 myriades
652 1630 772 1692 virium
796 1629 1012 1710 operantium
1043 1629 1076 1690 in
1107 1624 1185 1691 adiu
1208 1638 1378 1711 apparent

255 1726 344 1790 sicut
367 1743 492 1807 unum;
519 1732 554 1788 et
576 1726 654 1808 quia
675 1724 824 1806 jucunda
847 1743 966 1786 usuum
990 1743 1059 1788 non
1078 1725 1206 1787 sistunt
1226 1725 1321 1788 ideas
1344 1725 1378 1787 in

255 1821 482 1902 cogitatione,
502 1821 563 1885 sed
583 1823 687 1885 modo
706 1821 834 1903 absque
853 1817 1015 1883 distindta
1033 1821 1255 1901 perceptione
1272 1819 1380 1884 affici·

255 1925 327 1980 unt.
373 1915 427 1980 De
449 1915 504 1979 his
522 1917 705 1980 videantur
723 1936 810 1998 quae
828 1916 920 1998 prius
940 1913 1032 1979 dieta
1055 1926 1091 1979 et
1115 1926 1257 1979 ostensa
1276 1925 1379 1980 sunt:

255 2021 306 2088 ut,
332 2010 434 2093 Quod
458 2032 537 2074 usus
560 2013 711 2074 omnium
736 2031 823 2093 quae
847 2021 965 2075 creata
987 2018 1076 2087 sunt,
1101 2012 1293 2076 ascendant
1319 2031 1383 2093 per

255 2107 382 2192 gradus
398 2107 589 2170 altitudinis
609 2106 651 2170 ad
671 2106 857 2182 hominem,
875 2116 910 2170 et
931 2127 990 2188 per
1009 2106 1183 2171 hominem
1203 2107 1246 2171 ad
1267 2107 1381 2170 Deum

256 2201 458 2268 Creatorem
478 2221 498 2264 a
516 2222 583 2284 quo
605 2200 651 2284 (n.
668 2200 809 2284 65-68):
833 2209 880 2280 et,
895 2199 997 2282 Quod
1017 2201 1091 2266 finis
1111 2204 1296 2269 creationis
1316 2203 1390 2270 ex-‘

256 2298 340 2362 istat
363 2299 396 2360 in
416 2297 557 2372 ultimis,
577 2298 634 2379 qui
657 2306 722 2372 est,
744 2305 780 2360 ut
800 2297 914 2360 omnia
933 2299 1077 2361 redeant
1097 2299 1139 2362 ad
1165 2299 1378 2380 Creatorem,

255 2413 296 2457 ac
313 2403 351 2456 ut
370 2393 416 2457 sit
431 2388 628 2474 conjunctio
647 2389 694 2476 (n.
716 2389 885 2475 167-172).
931 2390 999 2456 Sed
1019 2392 1104 2457 haec
1125 2395 1158 2457 in
1178 2395 1288 2459 adhuc
1307 2396 1378 2461 cla-

256 2489 343 2552 riore
359 2487 435 2552 luce
450 2487 665 2571 apparebunt
683 2487 716 2550 in
733 2486 834 2550 Parte
851 2496 1028 2570 sequente,
1043 2489 1099 2552 ubi
1115 2491 1159 2553 de
1174 2509 1378 2574 correspon-

256 2583 375 2647 dentia
397 2583 589 2647 voluntatis
619 2591 655 2646 et
685 2579 882 2646 intelledtus
908 2601 987 2646 cum
1016 2583 1120 2648 corde
1151 2595 1187 2649 et
1217 2586 1378 2668 pulmone

256 2688 389 2760 agetur.

319 2785 412 2856 317.
437 2770 512 2856 (iii.)
546 2771 645 2850 Quod
673 2771 708 2836 in
737 2771 887 2836 omnibus
901 2773 1030 2854 formis
1053 2796 1173 2839 usuum
1195 2775 1242 2840 sit
1263 2777 1380 2861 aliqua

256 2866 367 2950 imago
394 2867 549 2942 hominis,
582 2876 761 2932 ostensum
792 2877 847 2930 est
882 2889 983 2951 supra
1015 2867 1063 2954 (n.
1086 2869 1220 2956 61-64).
1276 2871 1378 2954 Quod

256 2982 377 3026 omnes
397 2984 475 3025 usus
494 2984 514 3026 a
533 2963 648 3046 primis
668 2963 712 3026 ad
732 2963 883 3038 ultimos,
905 2973 941 3027 et
965 2965 1009 3027 ab
1032 2965 1161 3030 ultimis
1184 2967 1228 3030 ad
1250 2969 1379 3051 primos

256 3058 462 3122 relationem
485 3058 639 3123 habeant
662 3059 706 3122 ad
731 3059 847 3122 omnia
869 3058 1019 3123 hominis
1042 3071 1078 3124 et
1103 3062 1377 3144 corresponden·
1487 3137 1492 3147 Ι

256 3153 340 3216 tiam
360 3172 437 3216 cum
457 3153 535 3229 illis,
556 3163 591 3217 et
611 3155 690 3218 inde
709 3155 800 3236 quod
819 3153 925 3218 homo
944 3156 989 3218 sit
1008 3155 1042 3217 in
1061 3157 1209 3238 quadarn
1229 3158 1378 3240 imagine

257 3248 461 3324 universum,
480 3258 515 3311 et
532 3250 681 3313 vicissim
698 3249 790 3332 quod
807 3250 1001 3312 universum
1018 3250 1131 3333 quoad
1148 3272 1226 3315 usus
1243 3250 1378 3336 specta·

257 3353 329 3407 tum
348 3345 393 3407 sit
412 3345 444 3406 in
464 3344 615 3426 imagine
633 3345 748 3421 homo,
766 3344 938 3408 videbitur
957 3346 990 3407 in
1009 3357 1175 3428 sequente
1194 3347 1365 3412 articulo(

319 3438 416 3520 318.
449 3438 523 3522 (iv.)
550 3439 647 3518 Quod
669 3440 703 3502 in
725 3439 877 3504 omnibus
896 3439 1026 3521 formis
1050 3461 1168 3505 usuum
1191 3441 1239 3505 sit
1263 3442 1380 3526 aliqua

256 3532 366 3616 imago
387 3534 525 3618 Infim'tr'
545 3545 578 3598 et
602 3535 920 3617 Aeterni—Imago
948 3533 1078 3599 infiniti
1108 3537 1142 3599 in
1172 3536 1239 3601 illis
1261 3537 1379 3602 formis

258 3638 355 3713 patet
379 3651 398 3694 a
421 3640 549 3694 conatu
569 3639 604 3694 et
629 3633 786 3713 potentia
806 3631 968 3712 implendi
988 3632 1101 3713 spatia
1120 3634 1268 3697 universi
1287 3635 1378 3698 orbis

257 3735 293 3788 et
323 3745 456 3809 quoque
486 3726 631 3809 plurium
660 3727 802 3802 orbium,
831 3726 864 3789 in
899 3725 1088 3806 infinitum3
1120 3748 1165 3791 ex
1193 3747 1261 3792 uno
1288 3731 1378 3793 enim

257 3821 387 3884 semine
404 3822 602 3903 producitur
617 3822 728 3898 arbor,
747 3822 943 3903 virgultum,
958 3832 1016 3884 aut
1033 3821 1164 3905 planta,
1178 3845 1265 3906 quae
1282 3845 1378 3888 suum

257 3918 406 3999 spatium
429 3916 571 4000 implet;
605 3937 649 3980 ex
681 3918 800 3999 quavis
831 3917 962 3993 arbore,
988 3916 1141 4006 virgulto
1168 3927 1229 3982 aut
1259 3918 1379 4000 planta

257 4013 492 4094 producuntur
508 4013 650 4087 semina,
668 4033 713 4076 ex
733 4013 934 4094 quibusdam
951 4013 995 4076 ad
1015 4013 1145 4096 aliquot
1160 4012 1277 4090 millia,
1292 4035 1379 4097 quae

258 4120 335 4172 sata
358 4118 394 4172 et
418 4109 634 4190 egerminata
656 4127 717 4170 sua
740 4109 852 4190 spatia
875 4107 1044 4189 implent;
1078 4117 1114 4170 et
1137 4107 1165 4170 si
1189 4127 1234 4171 ex
1258 4110 1380 4192 quovis

258 4205 388 4268 semine
407 4202 543 4267 illorum
566 4202 714 4267 totidem
739 4223 829 4265 nova
852 4199 1018 4284 producta
1041 4205 1164 4267 iterum
1193 4213 1229 4267 et
1256 4205 1379 4268 iterum

258 4300 463 4373 existerent,
477 4301 567 4362 intra
584 4317 693 4360 annos
707 4297 907 4379 impleretur
922 4305 1018 4360 totus
1035 4298 1147 4376 orbis;
1171 4306 1207 4362 et
1224 4299 1250 4362 si
1268 4298 1380 4364 adhuc

259 4389 502 4476 produftiones
521 4394 813 4468 continuarentur,
831 4390 1054 4473 implerentur
1070 4391 1183 4475 plures
1200 4395 1320 4472 orbes;
1344 4403 1380 4459 et

257 4490 323 4553 hoc
344 4491 377 4552 in
399 4489 578 4552 inlinitum.
624 4487 797 4570 Computa
814 4509 859 4551 ex
878 4509 947 4552 uno
963 4489 1093 4551 semine
1110 4489 1228 4564 millia,
1246 4499 1281 4552 et
1301 4491 1380 4553 sub·

257 4586 324 4647 duc
342 4584 449 4647 millia
468 4585 500 4646 in
518 4583 624 4648 millia
640 4583 765 4658 decies,
783 4584 941 4666 vigesies,
959 4582 1003 4646 ad
1022 4585 1162 4658 centies,
1180 4604 1220 4647 ac
1240 4585 1382 4650 videbis.

259 4679 382 4762 Imago
403 4679 554 4743 Aeterni
573 4680 679 4743 etiam
699 4680 818 4744 similis
837 4679 957 4743 inillis
976 4689 1054 4759 est;
1078 4681 1209 4744 semina
1229 4682 1272 4744 ab
1291 4702 1383 4745 anno
