3352 5374
347 627 405 708 158
696 636 898 689 SAPIENTIA
920 635 1116 688 ANGELICA

405 828 505 897 354.
540 809 693 894 Quisque
724 831 770 875 ex
805 807 993 873 visibilibus
1026 809 1060 872 in
1094 818 1217 872 natura
1246 828 1309 891 pro
1339 808 1466 874 Divino

344 917 461 991 potest
485 927 522 970 se
546 904 757 981 confirmare,
778 905 859 969 dum
882 903 977 968 videt
1001 922 1148 980 vermes,
1170 903 1225 987 qui
1249 924 1294 968 ex
1313 903 1465 987 jucundo

344 1003 518 1085 cujusdam
538 1001 705 1084 cupidinis
723 998 886 1065 affectant
906 1007 940 1063 et
958 999 1089 1082 spirant
1106 999 1335 1063 mutationem
1352 1010 1465 1064 status

343 1101 394 1162 sui
417 1099 590 1163 terrestris
614 1098 648 1160 in
672 1106 801 1161 statum
825 1095 996 1179 quendam
1020 1093 1206 1178 analogum
1229 1093 1403 1172 caelestis,
1428 1107 1463 1162 et

343 1203 527 1276 propterea
549 1202 673 1276 repunt
696 1192 730 1255 in
753 1191 841 1268 loca,
866 1211 905 1256 ac
929 1191 1075 1254 mittunt
1098 1210 1136 1254 se
1159 1191 1248 1254 sicut
1272 1191 1306 1254 in
1330 1202 1463 1256 uterum

343 1299 380 1351 ut
403 1297 638 1364 renascantur,
658 1297 694 1351 et
717 1287 763 1350 ibi
786 1285 870 1350 fiant
890 1285 1128 1367 chrysallides,
1149 1285 1309 1362 aureliae,
1329 1307 1463 1364 erucae,

343 1384 528 1468 nymphae,
553 1392 589 1447 et
612 1384 751 1447 demum
774 1381 975 1466 papiliones,
1000 1390 1036 1445 et
1060 1391 1141 1445 tunc
1164 1380 1253 1445 hanc
1277 1391 1462 1446 metamor·

344 1479 466 1561 phosin
490 1498 623 1567 passae,
643 1487 679 1542 et
703 1477 890 1541 secundum
914 1477 1064 1560 speciem
1084 1476 1234 1559 pulchris
1257 1477 1366 1541 induti
1388 1477 1461 1553 alis,

343 1573 484 1638 evolant
507 1574 542 1637 in
566 1592 679 1636 aerem
698 1573 786 1636 sicut
810 1573 843 1635 in
867 1592 964 1636 suum
983 1571 1128 1648 caelum,
1148 1591 1188 1636 ac
1212 1572 1258 1635 ibi
1279 1571 1464 1656 genialiter

344 1669 476 1744 ludunt,
501 1679 611 1751 agunt
635 1669 815 1742 connubia,
840 1677 973 1750 ponunt
997 1689 1073 1742 ova,
1098 1687 1138 1732 ac
1163 1668 1376 1751 prospiciunt
1399 1669 1462 1732 sibi

343 1765 609 1848 posteritatem
633 1784 672 1826 ac
690 1764 822 1826 interea
834 1761 925 1826 vitiu
938 1782 1086 1827 amoeno
1102 1772 1138 1827 et
1155 1763 1246 1826 dulci
1263 1784 1309 1826 ex
1324 1762 1462 1826 floribus

344 1881 381 1924 se
404 1859 567 1922 nutriunt.
585 1855 699 1941 ¹¹¹Quis
719 1878 798 1933 non,
819 1859 874 1941 qui
898 1878 959 1939 pro
980 1857 1104 1921 Divino
1123 1879 1169 1922 ex
1191 1857 1381 1922 visibilibus
1400 1878 1461 1922 na·

344 1964 440 2018 turae
459 1974 495 2017 se
515 1951 705 2028 confirmat,
723 1972 792 2015 non
808 1953 903 2017 videt
922 1953 1070 2036 aliquam
1087 1953 1272 2036 imaginem
1289 1954 1463 2017 terrestris

344 2059 457 2113 status
479 2049 629 2113 hominis
658 2049 692 2111 in
720 2047 786 2111 illis
813 2058 849 2112 ut
879 2047 1059 2123 vermibus,
1085 2058 1120 2112 et
1144 2049 1329 2131 imaginem
1348 2057 1463 2113 status

343 2144 504 2209 caelestis
521 2144 555 2206 in
571 2142 638 2207 illis
654 2153 692 2206 ut
711 2142 948 2226 papilionibus.
1005 2142 1056 2206 At
1073 2143 1122 2207 illi
1138 2145 1194 2226 qui
1210 2164 1272 2226 pro
1288 2154 1410 2209 natura
1424 2163 1463 2208 se

343 2238 560 2314 confirmant,
580 2238 700 2302 vident
720 2238 856 2322 quidem
876 2237 944 2314 illa,
966 2239 1026 2301 sed
1046 2239 1123 2321 quia
1142 2238 1331 2304 caelestem
1350 2239 1461 2303 homi·

321 2385 325 2394 .
344 2334 395 2397 nis
425 2343 554 2397 statum
582 2331 775 2413 rejecerunt
797 2333 923 2408 animo,
947 2343 1075 2396 vocant
1098 2332 1158 2396 illa
1182 2351 1294 2397 meros
1317 2343 1462 2398 naturae

343 2428 535 2493 instinctus.

405 2540 506 2609 355.
536 2521 688 2607 Quisque
711 2543 757 2586 ex
779 2522 969 2586 visibilibus
992 2523 1024 2586 in
1049 2533 1170 2587 natura
1193 2543 1255 2606 pro
1275 2522 1402 2588 Divino
1424 2543 1462 2588 se

344 2627 461 2702 potest
479 2617 691 2695 confirmare,
709 2619 790 2682 dum
806 2617 959 2683 attendit
978 2618 1021 2681 ad
1041 2617 1100 2682 illa
1116 2638 1203 2702 quae
1220 2629 1305 2683 nota
1322 2627 1401 2682 sunt
1418 2618 1461 2682 de

343 2714 474 2798 apibus,
495 2713 587 2796 quod
606 2715 719 2778 sciant
736 2732 780 2778 ex
800 2712 915 2778 herbis
934 2721 969 2777 et
992 2712 1130 2777 floribus
1148 2712 1316 2797 colligere
1334 2731 1459 2788 ceram,

343 2818 380 2874 et
402 2828 571 2891 exsugere
595 2809 674 2884 mel,
698 2828 738 2873 ac
762 2817 894 2873 struere
917 2806 1024 2872 cellas
1051 2808 1141 2873 sicut
1169 2808 1404 2884 domunculas,
1425 2817 1461 2872 et

343 2904 526 2987 disponere
548 2903 625 2968 illas
647 2905 682 2968 in
704 2903 849 2969 sormam
871 2903 1023 2968 civitatis
1045 2922 1121 2966 cum
1145 2903 1272 2987 plateis
1294 2922 1355 2986 per
1376 2923 1461 2987 quas

344 2999 475 3064 intrent
498 3008 535 3063 et
564 3018 625 3081 per
646 3019 729 3083 quas
752 3008 902 3078 exeant;
936 2999 1027 3082 quod
1056 3019 1075 3062 e
1105 2996 1295 3083 longinquo
1314 2998 1459 3064 odorent

343 3093 443 3158 flores
467 3103 503 3158 et
531 3094 666 3170 herbas,
691 3115 709 3159 e
739 3095 860 3179 quibus
883 3093 1052 3177 colligant
1075 3112 1171 3158 ceras
1200 3114 1261 3178 pro
1285 3093 1400 3169 domo,
1420 3113 1460 3158 ac

247 3253 250 3258 .
344 3190 448 3255 mella
465 3209 527 3273 pro
545 3186 645 3265 vieto,
664 3199 699 3254 et
718 3190 809 3272 quod
827 3189 894 3253 illis
911 3186 1084 3254 ¹¹¹relertae
1099 3190 1257 3255 revolent
1273 3190 1460 3254 secundum

345 3285 494 3368 plagam,
515 3285 559 3348 ad
578 3302 675 3349 suum
694 3285 840 3350 alveare.
886 3282 940 3348 Sic
961 3285 1173 3369 prospiciunt
1192 3285 1256 3349 sibi
1274 3282 1401 3349 victum
1424 3293 1460 3349 et

344 3380 595 3444 habitationem
614 3399 676 3463 pro
694 3389 837 3444 ventura
855 3378 978 3454 hieme,
1000 3381 1087 3443 sicut
1107 3380 1200 3444 illam
1219 3379 1460 3464 praeviderent

345 3485 380 3540 et
396 3477 535 3539 scirent.
582 3474 784 3539 Praeficiunt
801 3475 905 3538 etiam
922 3475 985 3538 sibi
1001 3475 1176 3539 dominam
1189 3475 1276 3541 sicut
1293 3476 1458 3558 reginam,

342 3592 390 3635 ex
409 3592 475 3654 qua
495 3571 679 3654 posteritas
699 3579 927 3654 propagetur;
951 3580 987 3635 et
1001 3592 1063 3654 pro
1081 3571 1141 3635 illa
1159 3573 1255 3654 quasi
1272 3571 1385 3635 aulam
1404 3592 1459 3635 su-

345 3687 405 3748 pra
428 3685 465 3729 se
488 3675 637 3741 struunt,
661 3685 738 3730 cum
762 3665 935 3729 satellitiis
958 3666 1096 3742 circum,
1116 3687 1203 3749 quae
1226 3684 1302 3730 cum
1325 3674 1460 3750 tempus

345 3769 463 3842 partus
482 3761 600 3838 instat,
621 3761 717 3824 vadit
740 3761 773 3824 in
797 3761 963 3825 comitatu
990 3781 1009 3824 a
1036 3761 1208 3826 satellitiis
1233 3782 1253 3826 a
1283 3759 1408 3826 cellula
1426 3761 1460 3826 in

344 3855 516 3930 cellulam,
536 3865 572 3920 et
592 3856 689 3939 ponit
708 3876 783 3930 ova,
804 3875 890 3940 quae
909 3855 1010 3920 turba
1028 3875 1174 3940 sequens
1194 3857 1399 3921 circumlinit
1418 3875 1460 3921 ne

346 3952 527 4016 laedantur
549 3953 593 4017 ab
611 3973 688 4018 aere
700 3973 708 4031 ;
732 3953 811 4017 inde
829 3951 897 4016 illis
921 3973 1009 4016 nova
1031 3952 1179 4017 soboles.
1224 3953 1361 4028 Postea,
1383 3971 1459 4018 cum

344 4049 429 4112 haec
457 4048 501 4110 ad
528 4058 683 4113 aetatem
710 4068 806 4112 suam
834 4046 998 4132 provecta
1025 4057 1088 4124 est,
1114 4059 1152 4114 ut
1175 4048 1300 4114 similia
1326 4050 1460 4133 possint

343 4144 466 4218 facere,
484 4145 670 4228 expellitur
686 4145 809 4223 domo;
833 4163 872 4206 ac
890 4144 1072 4228 expulsum
1087 4164 1235 4209 examen
1256 4165 1293 4209 se
1316 4146 1459 4227 primum

344 4237 489 4321 colligit,
509 4248 545 4302 et
562 4239 641 4302 inde
657 4239 690 4302 in
708 4247 829 4312 turma,
847 4258 889 4301 ne
905 4239 1118 4302 consociatio
1133 4239 1326 4322 dissipetur,
1344 4239 1461 4304 evolat

344 4333 388 4396 ad
404 4333 681 4416 investigandum
695 4334 757 4397 sibi
770 4333 989 4397 domicilium.
1032 4331 1130 4398 Circa
1142 4343 1342 4398 autumnum
1355 4335 1460 4399 etiam

345 4427 483 4491 inutiles
499 4427 566 4491 fuci
581 4429 782 4504 educuntur,
799 4439 835 4493 et
856 4429 1080 4512 deprivantnr
1095 4428 1168 4506 alis,
1186 4449 1228 4494 ne
1251 4429 1406 4506 redeant,
1423 4439 1460 4494 et

345 4541 443 4586 escas
461 4542 550 4598 suas,
570 4524 691 4606 quibus
714 4523 797 4588 nihil
819 4543 944 4607 operae
963 4525 1213 4608 impenderunt,
1232 4535 1462 4591 consumant:

344 4626 483 4702 praeter
492 4616 602 4704 plura.
645 4616 703 4683 Ex
719 4617 839 4705 quibus
849 4629 1011 4688 constare
1026 4627 1153 4706 potest,
1167 4619 1259 4708 quod
1274 4620 1343 4687 illis
1358 4640 1464 4707 prop-
