3424 5368
475 644 525 693 DE
549 644 686 695 DIVINA
709 644 1154 717 PROv1DENT1A.—N.274.
1317 651 1379 718 217

249 826 331 900 post
356 827 506 882 mortem
537 839 605 882 non
633 817 739 894 vivat,
764 829 800 884 et
830 819 910 884 ideo
938 840 1007 884 non
1038 819 1180 904 alicujus
1210 821 1378 886 momenti

249 913 389 989 faciunt,
409 913 481 978 sive
505 914 639 978 dicatur
662 914 754 998 quod
778 924 858 997 post
882 925 1031 981 mortem
1050 917 1146 981 vivat
1170 917 1287 994 homo,
1308 918 1379 981 sive

250 1010 386 1074 dicatur
415 1008 507 1092 quod
538 1007 788 1074 resurredturus
820 1012 865 1074 sit
894 1011 949 1075 die
973 1011 1083 1076 ultimi
1110 1011 1247 1095 judicii:
1282 1021 1320 1079 et
1351 1013 1380 1078 si

249 1103 339 1168 sorte
358 1106 478 1168 incidit
503 1103 588 1168 fides
611 1103 880 1183 resurrectionis,
901 1106 986 1172 dicit
1010 1127 1139 1186 secum,
1161 1108 1271 1172 “Non
1294 1110 1377 1176 mihi

249 1198 288 1264 fit
319 1201 414 1283 pejus
437 1220 540 1284 quam
571 1201 667 1280 aliis3
700 1203 728 1265 si
757 1202 801 1266 ad
832 1203 1011 1278 infernum,
1037 1223 1111 1268 sum
1143 1206 1177 1269 in
1208 1210 1377 1272 comitatu

249 1316 328 1360 cum
347 1297 519 1379 pluribus;
542 1297 570 1360 si
589 1297 633 1360 ad
652 1297 798 1373 caelum,
818 1298 952 1363 etiam.''
997 1298 1066 1365 Sed
1086 1322 1192 1386 usque
1208 1305 1376 1379 omnibus,

250 1394 285 1456 in
316 1393 437 1476 quibus
467 1392 583 1474 aliqua
612 1393 735 1476 religio
764 1403 830 1469 est,
862 1395 966 1459 insita
999 1405 1054 1460 est
1086 1399 1253 1480 cognitio,
1287 1401 1376 1482 quod

248 1489 367 1561 vivant
397 1487 555 1551 homines
584 1498 666 1571 post
696 1498 864 1554 mortem:
895 1491 987 1574 quod
1017 1493 1135 1556 vivant
1169 1496 1315 1569 animae,
1340 1505 1375 1560 et

249 1604 319 1647 non
342 1584 511 1658 homines,
535 1593 590 1652 est
614 1585 726 1649 solum
749 1585 840 1667 apud
863 1585 953 1662 illos,
977 1607 1065 1670 quos
1088 1591 1224 1671 propria
1247 1591 1374 1655 intelli·

249 1682 370 1762 gentia
393 1679 586 1755 infatuavit,
611 1700 680 1743 non
710 1681 802 1763 apud
825 1681 922 1744 alios.
968 1680 1070 1765 Quod
1101 1685 1219 1759 cuivis,
1244 1686 1278 1749 in
1310 1708 1376 1768 quo

248 1776 364 1858 aliqua
385 1774 508 1857 religio
537 1784 604 1852 est,
628 1775 731 1839 insita
764 1776 810 1840 sit
841 1777 998 1859 cognitio
1029 1779 1121 1861 quod
1151 1781 1246 1844 vivat
1270 1780 1375 1845 homo

248 1881 328 1953 post
363 1884 524 1950 mortem,
558 1882 718 1937 constare
755 1882 875 1955 potest
908 1894 953 1937 ex
989 1873 1041 1938 his
1053 1873 1171 1958 :-(1.)
1209 1889 1256 1952 [1.]
1290 1876 1376 1961 Quis

248 1969 385 2049 cogitat
408 1967 511 2031 aliter
539 1987 618 2031 cum
641 1967 806 2031 moritur?
853 1967 915 2051 (2.)
948 1975 1005 2034 [2.]
1036 1967 1123 2051 Quis
1147 1974 1376 2054 panegyricus

166 2100 169 2104 -
248 2063 306 2146 qui
324 2083 425 2146 super
443 2071 599 2126 mortuos
618 2063 841 2138 lamentatur,
862 2085 930 2128 non
950 2065 1028 2127 illos
1047 2067 1080 2127 in
1098 2066 1232 2130 caelum
1248 2067 1374 2142 evehit,

249 2152 348 2242 ponit
371 2160 460 2223 inter
482 2158 640 2242 angelos,
660 2159 842 2242 loquentes
862 2181 939 2224 cum
958 2161 1037 2236 illis,
1056 2181 1095 2224 ac
1119 2161 1272 2226 fruentes
1291 2184 1375 2246 gau·

249 2256 331 2319 dio?
377 2255 518 2319 Praeter
555 2253 766 2336 apotheoses
799 2255 999 2338 aliquorum.
1048 2255 1110 2340 (3.)
1147 2266 1204 2325 [3.]
1239 2256 1324 2341 Quis
1358 2279 1376 2324 e

249 2351 355 2433 vulgo
378 2372 448 2415 non
471 2350 592 2426 credit,
612 2347 704 2433 quod
724 2370 802 2414 cum
824 2353 977 2427 moritur,
998 2353 1026 2415 si
1048 2353 1137 2416 bene
1154 2355 1255 2426 vixit,
1276 2375 1313 2416 se
1341 2356 1375 2417 in

249 2447 446 2529 paradisum
464 2445 655 2510 caelestem
674 2455 858 2509 venturum
877 2468 965 2522 esse,
985 2447 1141 2510 indutum
1161 2458 1259 2512 veste
1284 2449 1373 2524 alba,

248 2554 286 2606 et
303 2540 481 2605 fruiturum
497 2543 571 2604 vita
586 2541 751 2604 aeterna?
798 2539 858 2624 (4.)
885 2547 942 2608 [4.]
967 2541 1052 2623 Quis
1068 2543 1217 2607 antistes
1236 2554 1301 2618 est,
1320 2546 1374 2628 qui

250 2657 320 2702 non
344 2637 430 2700 talia
452 2646 511 2700 aut
535 2635 661 2699 similia
689 2636 774 2700 dicit
803 2637 991 2701 morituro?
1035 2636 1082 2701 Et
1113 2656 1190 2702 cum
1217 2639 1251 2702 id
1278 2640 1373 2714 dicit,

249 2734 356 2797 etiam
375 2733 448 2815 ipse
465 2731 587 2808 credit,
605 2731 711 2794 modo
727 2751 796 2796 non
813 2731 913 2794 simul
933 2733 1067 2814 cogitet
1087 2733 1130 2796 de
1150 2734 1273 2798 ultimo
1285 2735 1373 2817 judi·

250 2831 314 2894 cio.
361 2827 422 2912 (5.)
448 2831 506 2894 [5.]
531 2824 617 2908 Quis
637 2847 706 2890 non
723 2828 832 2891 credit
849 2826 999 2891 infantes
1015 2849 1096 2891 suos
1114 2851 1191 2893 esse
1211 2831 1244 2892 in
1265 2831 1373 2906 caelo,

249 2947 288 2990 ac
313 2946 350 2988 se
367 2926 516 2988 visurum
535 2944 611 2986 esse
630 2943 726 2986 suam
746 2923 939 3004 conjugem,
960 2943 1062 3006 quam
1086 2937 1275 2998 amaverat,
1297 2936 1375 3008 post

250 3019 422 3085 mortem?
467 3019 554 3100 Quis
572 3020 707 3100 cogitat
724 3020 814 3101 quod
833 3020 948 3083 larvae
968 3021 1049 3094 sint,
1067 3023 1178 3084 minus
1194 3022 1285 3105 quod
1306 3023 1374 3085 sint

250 3119 386 3181 animae
403 3136 463 3178 seu
479 3124 615 3178 mentes
632 3114 822 3178 volitantes
841 3116 876 3177 in
894 3115 1076 3178 universo?
1122 3121 1178 3181 [0.]
1205 3117 1265 3198 (6.)
1291 3115 1375 3199 Quis

250 3213 468 3285 contradicit,
489 3229 566 3273 cum
587 3209 715 3293 aliquid
735 3209 861 3274 dicitur
880 3212 924 3274 de
946 3222 1041 3274 sorte
1065 3221 1101 3275 et
1125 3221 1219 3275 statu
1239 3212 1375 3278 illorum

250 3310 306 3392 qui
322 3331 341 3372 e
357 3319 514 3388 ternpore
530 3308 564 3371 in
580 3307 686 3369 vitam
699 3318 876 3370 aeternam
894 3307 1151 3370 transiverunt?
1190 3307 1272 3370 Dixi
1288 3308 1375 3370 mul·

251 3407 296 3469 tis
315 3404 407 3487 quod
427 3402 508 3466 talis
527 3412 642 3466 status
660 3412 697 3466 et
716 3422 790 3465 sors
809 3403 853 3464 sit
872 3402 939 3465 illis
959 3415 995 3466 et
1015 3403 1092 3476 illis,
1114 3413 1149 3467 et
1175 3423 1243 3466 non
1263 3403 1374 3469 adhuc

250 3500 399 3582 aliquem
415 3497 529 3561 audivi
545 3498 729 3571 dicentem,
744 3497 835 3580 quod
849 3517 922 3561 sors
936 3497 1070 3560 illorum
1083 3499 1194 3561 adhuc
1209 3498 1301 3561 nulla
1318 3500 1375 3576 sit,

250 3597 312 3660 sed
328 3595 442 3658 lutura
454 3602 611 3674 ternpore
624 3593 750 3674 judicii.
797 3591 858 3674 (7.)
884 3599 941 3658 [7.]
968 3592 1052 3673 Quis
1065 3612 1142 3656 cum
1155 3595 1250 3657 videt
1267 3614 1374 3676 ange·

250 3691 303 3756 los
319 3688 430 3774 pidtos
445 3697 481 3752 et
500 3689 667 3769 sculptos,
682 3707 750 3751 non
767 3689 927 3770 agnoscit
948 3689 1025 3751 illos
1042 3689 1130 3752 tales
1147 3689 1246 3753 esse?
1292 3687 1377 3771 Quis

249 3789 386 3870 cogitat
405 3795 488 3850 tunc
507 3785 599 3867 quod
620 3786 688 3847 sint
706 3785 845 3866 spiritus
876 3784 1004 3868 absque
1024 3805 1178 3868 corpore,
1200 3807 1297 3849 aeres
1316 3795 1375 3850 aut

247 3885 370 3956 nubes,
396 3883 484 3946 sicut
516 3882 654 3962 quidam
683 3878 799 3943 dotti?
845 3879 908 3963 (8.)
941 3885 997 3946 [8.]
1031 3880 1198 3946 Pontificii
1231 3882 1374 3945 credunt

250 3977 390 4043 sandtos
422 3999 502 4041 suos
533 3999 609 4041 esse
639 3977 797 4040 homines
827 3976 861 4040 in
893 3976 1001 4050 cae10,
1025 3997 1064 4040 ac
1096 3978 1244 4060 reliquos
1274 3977 1375 4056 alibi3

251 4074 498 4138 Mahumedani
518 4093 598 4136 suos
614 4069 815 4151 desunc'tos3
839 4070 995 4136 Africani
1014 4093 1096 4156 prae
1116 4073 1264 4157 reliquis,
1283 4075 1374 4136 simi·

251 4168 331 4234 liter
362 4170 475 4253 plures
503 4177 649 4251 gentes;
684 4168 763 4251 quid
795 4187 864 4231 non
895 4166 1083 4233 Christiani
1112 4169 1287 4233 reformati
1320 4169 1376 4252 qui

250 4285 296 4328 ex
309 4263 429 4342 Verbo
446 4266 479 4327 id
497 4265 632 4328 sciunt?
657 4261 718 4345 (9.)
741 4270 797 4329 [9.]
818 4262 875 4326 Ex
892 4265 1093 4347 cognitione
1110 4266 1169 4329 illa
1186 4267 1288 4329 insita
1305 4267 1374 4329 cui·

250 4362 313 4436 vis,
333 4371 388 4425 est
408 4383 542 4444 quoque
561 4361 653 4442 quod
673 4359 810 4442 quidam
829 4361 984 4443 aspirent
1008 4361 1050 4424 ad
1076 4362 1375 4426 immortalitatem

250 4457 381 4536 samae;
406 4457 562 4538 cognitio
581 4457 673 4519 enim
693 4454 751 4517 illa
771 4457 916 4519 vertitur
938 4456 971 4519 in
997 4458 1068 4521 tale
1086 4460 1176 4541 apud
1196 4458 1375 4541 quosdam,

248 4575 290 4618 ac
310 4553 392 4618 sacit
412 4553 489 4616 illos
505 4552 628 4616 heroes
644 4559 681 4615 et
699 4551 805 4614 sortes
823 4551 856 4615 in
874 4551 977 4615 bello.
1025 4550 1107 4636 (10.)
1133 4561 1204 4622 [Ιο.]
1231 4553 1377 4637 Inquisi-

250 4657 325 4713 tum
349 4660 403 4713 est
432 4649 466 4712 in
496 4647 625 4711 mundo
647 4646 826 4729 spirituali,
852 4666 931 4710 num
957 4648 1115 4710 omnibus
1138 4647 1197 4712 illa
1222 4648 1378 4732 cognitio
