3344 5402
512 672 561 722 un
586 670 721 722 mvnuo
741 672 970 724 anona-u.
992 678 1059 742 104.
1303 684 1343 748 41

222 842 403 916 aestivum,
425 841 479 905 vel
503 842 591 904 sicut
610 841 783 921 brumale;
816 864 884 907 non
908 846 995 910 sicut
1019 846 1172 912 brumale
1195 850 1229 913 in
1253 851 1347 915 zonis

200 975 202 980 ·
222 937 364 1019 frigidis,
385 939 445 1002 sed
469 939 557 1000 sicut
577 938 730 1002 brumale
753 939 786 1002 in
811 941 904 1003 zonis
922 943 1060 1006 calidis:
1085 945 1238 1027 receptio
1255 947 1345 1010 enim

221 1035 348 1097 amoris
361 1044 396 1097 et
413 1035 604 1116 sapientiae
621 1055 666 1097 ex
683 1055 802 1117 aequo,
817 1047 870 1100 est
888 1038 996 1118 ipsum
1007 1038 1220 1121 angelicum3
1242 1061 1345 1123 quare

224 1127 370 1211 angelus
396 1138 450 1192 est
480 1129 623 1210 angelus
647 1129 733 1192 caeli
756 1132 943 1195 secundum
967 1135 1125 1197 unionem
1155 1138 1280 1199 amoris
1310 1149 1345 1202 et

221 1225 413 1306 sapientiae
431 1225 522 1306 apud
545 1223 650 1287 illum.
696 1223 813 1289 Simile
836 1237 889 1290 est
913 1247 990 1291 cum
1009 1228 1147 1294 homine
1167 1231 1344 1309 ecclesiae,

221 1320 250 1382 si
269 1319 360 1401 apud
378 1318 474 1384 illum
486 1339 582 1384 amor
597 1330 633 1385 et
649 1321 828 1402 sapientia,
840 1341 900 1385 seu
916 1322 1065 1387 charitas
1081 1333 1116 1388 et
1131 1324 1226 1402 fides,
1241 1346 1345 1390 unum

221 1413 361 1479 faciunt.

223 1698 339 1785 Quon
373 1697 450 1766 Son
481 1713 610 1766 uuum
643 1714 881 1768 smannens
904 1716 1106 1768 saansaan
1140 1718 1182 1770 m
1218 1719 1344 1770 neom

350 1809 590 1863 sermonum
623 1809 785 1862 mseras
826 1811 876 1862 ΑΒ
917 1810 1083 1864 nuoanrs
1123 1813 1233 1866 sicus
1273 1813 1343 1866 sou

249 1921 250 1924 κ
350 1905 480 1959 uuum
502 1905 725 1958 uarunmns
747 1907 796 1958 ra
820 1907 1046 1960 nonnumus.

286 2084 385 2153 103·
415 2069 570 2153 Plerique
600 2091 619 2136 e
643 2071 771 2134 mundo
793 2070 904 2136 ferunt
927 2090 1043 2136 secum
1065 2071 1178 2136 ideam
1201 2074 1243 2137 de
1268 2073 1344 2138 Deo

222 2165 314 2250 quod
336 2167 382 2230 sit
405 2185 508 2248 supra
530 2174 635 2249 caput
662 2168 697 2230 in
719 2165 803 2241 alto,
828 2174 864 2232 et
888 2167 931 2230 de
955 2167 1105 2231 Domino
1128 2167 1219 2250 quod
1242 2169 1287 2231 sit
1310 2169 1344 2231 in

222 2260 320 2326 caelo
337 2262 427 2326 inter
442 2261 596 2344 angelos.
643 2259 746 2344 Quod
763 2261 874 2326 ferant
891 2261 1003 2326 ideam
1022 2261 1066 2326 de
1085 2261 1172 2338 Deo,
1189 2264 1281 2346 quod
1299 2265 1344 2328 sit

221 2375 324 2439 supra
341 2365 445 2440 caput
463 2359 497 2421 in
517 2357 601 2433 alto,
619 2366 674 2422 est
692 2357 771 2440 quia
790 2356 884 2420 Deus
899 2358 934 2420 in
954 2355 1072 2421 Verbo
1087 2367 1231 2422 vocatur
1245 2363 1265 2390 ‘⁶
1276 2357 1342 2422 Al-

222 2451 402 2528 tissimus,”
418 2461 455 2518 et
470 2452 594 2517 dicitur
609 2451 701 2535 quod
717 2451 851 2516 habitet
866 2452 929 2514 “in
945 2451 1018 2515 alto
1032 2450 1059 2528 ;'’
1084 2471 1189 2534 quare
1204 2453 1344 2517 elevant

220 2546 340 2612 oculos
358 2556 394 2612 et
417 2565 538 2611 manus
556 2567 689 2611 sursum
712 2565 790 2611 cum
808 2546 1006 2630 supplicant
1024 2556 1060 2611 et
1083 2546 1250 2624 adorant;
1274 2567 1343 2612 non

221 2643 371 2707 scientes
380 2642 472 2726 quod
482 2663 542 2725 per
552 2647 572 2676 ‘⁴
583 2640 1203 2724 altissimum'’significeturintimum.
1240 2641 1343 2725 Quod

220 2737 334 2803 serant
352 2739 465 2802 idea'm
484 2739 527 2802 de
547 2737 697 2803 Domino
715 2739 807 2821 quod
832 2739 876 2803 sit
898 2739 932 2801 in
960 2738 1058 2803 caelo
1076 2739 1168 2804 inter
1185 2738 1342 2820 angelos,

220 2844 276 2899 est
293 2835 371 2917 quia
393 2833 436 2898 de
465 2832 547 2916 Ipso
570 2854 639 2898 non
666 2834 826 2916 cogitant
845 2833 945 2898 aliter
963 2853 1064 2917 quam
1083 2836 1172 2900 sicut
1202 2834 1245 2898 de
1274 2833 1343 2900 alio

220 2927 371 3004 homine,
388 2939 424 2994 et
439 2929 576 3013 quidam
592 2931 680 2994 sicut
692 2929 735 2993 de
747 2928 875 3013 angelo
891 2949 899 3009 ;
919 2949 987 2993 non
1000 2931 1149 2994 scientes
1165 2931 1257 3013 quod
1271 2931 1343 2996 Do·

221 3027 333 3089 minus
349 3027 394 3090 sit
411 3024 490 3108 lpse
505 3035 542 3090 et
557 3023 689 3090 Unicus
705 3024 810 3100 Deus,
824 3025 881 3107 qui
896 3025 986 3106 regit
1004 3025 1218 3104 universum;
1242 3027 1299 3110 qui
1314 3028 1343 3092 si

220 3123 312 3185 inter
329 3121 473 3203 angelos
492 3120 640 3185 incaelo
658 3129 762 3196 esset,
780 3139 850 3184 non
873 3121 1045 3202 potuisset
1068 3121 1262 3185 universum
1280 3123 1344 3187 sub

219 3237 282 3282 sua
294 3219 485 3292 intuitione,
500 3215 628 3299 subque
641 3235 703 3279 suo
715 3216 866 3298 auspicio
878 3224 913 3279 et
925 3215 1091 3296 regimine
1103 3215 1229 3280 habere
1242 3238 1250 3295 ;
1266 3228 1302 3281 et
1314 3218 1343 3282 si

221 3333 291 3377 non
311 3331 426 3377 coram
442 3311 520 3387 illis,
534 3311 591 3394 qui
605 3311 639 3374 in
653 3310 781 3375 mundo
796 3309 963 3393 spirituali
975 3319 1065 3386 sunt,
1077 3309 1207 3374 luceret
1220 3321 1257 3374 ut
1270 3309 1341 3388 Sol,

219 3428 290 3473 non
317 3409 488 3490 potuisset
510 3405 644 3488 angelis
666 3404 781 3489 aliqua
806 3405 867 3469 lux
891 3425 987 3483 esse;
1011 3415 1091 3469 sunt
1113 3407 1204 3468 enim
1228 3407 1343 3489 angeli

218 3503 425 3586 spirituales,
445 3511 482 3567 et
501 3502 579 3566 ideo
597 3520 666 3565 non
686 3500 753 3565 alia
771 3501 831 3566 lux
844 3500 979 3565 illorum
992 3501 1163 3565 essentiae
1179 3504 1342 3569 convenit

218 3619 322 3683 quam
346 3599 406 3663 lux
430 3597 625 3680 spiritualis.
671 3593 774 3678 Quod
797 3595 856 3660 lux
879 3597 913 3658 in
936 3594 1040 3659 caelis
1059 3594 1112 3669 sit,
1136 3595 1341 3663 immensum

285 3802 384 3871 104.
414 3785 516 3869 Quod
536 3788 652 3869 itaque
669 3785 797 3861 Solem,
814 3806 859 3849 ex
879 3805 946 3867 quo
965 3784 1025 3848 lux
1044 3793 1080 3849 et
1098 3784 1194 3850 calor
1207 3796 1261 3850 est
1280 3807 1341 3850 an·

219 3886 318 3969 gelis.
338 3885 527 3958 concernit,
547 3891 690 3964 apparet
713 3881 772 3945 ille
794 3882 828 3944 in
852 3881 1045 3944 elevatione
1068 3900 1089 3944 a
1111 3882 1221 3958 terris,
1240 3902 1343 3964 super

218 3981 341 4064 quibus
359 3979 518 4042 habitant
542 3976 668 4059 angeli,
689 3975 826 4041 circiter
844 3977 1074 4059 quadraginta
1089 3976 1237 4060 quinque
1261 3998 1341 4061 gra·

218 4077 334 4148 duum,
348 4094 434 4156 quae
450 4083 503 4137 est
521 4073 633 4136 media
649 4071 798 4136 altitudo
812 4092 820 4148 ;
844 4082 880 4135 et
899 4091 1033 4153 quoque
1048 4080 1192 4154 apparet
1209 4071 1342 4137 distans

217 4173 264 4236 ab
282 4171 416 4252 angelis
434 4170 522 4234 sicut
544 4167 597 4232 sol
620 4167 738 4231 mundi
761 4167 805 4232 ab
827 4163 1032 4230 hominibus.
1077 4163 1137 4231 Sol
1161 4166 1220 4230 ille
1242 4169 1277 4231 in
1300 4188 1342 4233 ea
1456 4251 1460 4261 Ι

217 4265 402 4331 altitudine
419 4266 504 4328 etin
521 4284 562 4328 ea
577 4263 743 4327 distantia
759 4273 901 4345 apparet
918 4272 1130 4338 constanter,
1147 4283 1210 4326 nec
1230 4262 1341 4327 dimo·

218 4372 328 4425 vetur.
374 4357 459 4424 Inde
478 4368 543 4434 est,
563 4358 655 4442 quod
674 4377 742 4422 non
762 4359 831 4421 sint
850 4356 983 4438 angelis
1002 4366 1160 4440 tempora
1177 4355 1341 4423 distincta

217 4456 253 4520 in
277 4455 351 4519 dies
373 4463 409 4519 et
438 4473 559 4529 annos,
579 4472 642 4518 nec
665 4452 778 4536 aliqua
797 4453 992 4535 progressio
1010 4453 1077 4516 diei
1107 4472 1127 4516 a
1155 4473 1256 4516 mane
1280 4474 1341 4536 per

219 4550 396 4616 meridiem
414 4549 458 4614 ad
476 4566 657 4630 vesperam
680 4549 714 4612 in
734 4545 892 4627 nottem3
915 4567 979 4611 nec
1002 4549 1197 4630 progressio
1216 4551 1296 4611 anni
1319 4569 1338 4611 a

218 4667 298 4711 vere
319 4665 378 4728 per
396 4653 567 4710 aestatem
585 4643 629 4706 ad
647 4651 848 4708 autumnum
870 4643 904 4707 in
923 4642 1081 4718 hiemem,
1101 4643 1161 4705 sed
1185 4655 1238 4707 est
1263 4665 1336 4725 per·
