<?xml version="1.0" encoding="UTF-8"?>
<!DOCTYPE html PUBLIC "-//W3C//DTD XHTML 1.0 Transitional//EN"
    "http://www.w3.org/TR/xhtml1/DTD/xhtml1-transitional.dtd">
<html xmlns="http://www.w3.org/1999/xhtml" xml:lang="en" lang="en">
 <head>
  <title>
</title>
<meta http-equiv="Content-Type" content="text/html;charset=utf-8" />
  <meta name='ocr-system' content='tesseract 3.04.00' />
  <meta name='ocr-capabilities' content='ocr_page ocr_carea ocr_par ocr_line ocrx_word'/>
</head>
<body>
  <div class='ocr_page' id='page_1' title='image "./sapientaangelic01swedgoog_0508.png"; bbox 0 0 3418 5370; ppageno 0'>
   <div class='ocr_carea' id='block_1_1' title="bbox 520 667 1440 737">
    <p class='ocr_par' dir='ltr' id='par_1_1' title="bbox 520 667 1440 737">
     <span class='ocr_line' id='line_1_1' title="bbox 520 667 1440 737; baseline -0.001 -18"><span class='ocrx_word' id='word_1_1' title='bbox 520 668 571 719; x_wconf 80' lang='lat' dir='ltr'>on</span> <span class='ocrx_word' id='word_1_2' title='bbox 595 668 733 720; x_wconf 79' lang='lat' dir='ltr'>orvrun</span> <span class='ocrx_word' id='word_1_3' title='bbox 757 667 1112 720; x_wconf 70' lang='lat' dir='ltr'>monueram-n.</span> <span class='ocrx_word' id='word_1_4' title='bbox 1138 673 1208 737; x_wconf 84' lang='lat'>3¹1·</span> <span class='ocrx_word' id='word_1_5' title='bbox 1374 671 1440 737; x_wconf 81' lang='lat'>259</span> 
     </span>
    </p>
   </div>
   <div class='ocr_carea' id='block_1_2' title="bbox 304 839 1446 4757">
    <p class='ocr_par' dir='ltr' id='par_1_2' title="bbox 304 839 1446 4564">
     <span class='ocr_line' id='line_1_2' title="bbox 304 839 1439 927; baseline -0.001 -21"><span class='ocrx_word' id='word_1_6' title='bbox 304 849 394 906; x_wconf 88' lang='lat' dir='ltr'>tare.</span> <span class='ocrx_word' id='word_1_7' title='bbox 441 844 499 906; x_wconf 70' lang='grc'><strong>[2.]</strong></span> <span class='ocrx_word' id='word_1_8' title='bbox 531 839 610 906; x_wconf 94' lang='lat' dir='ltr'>Non</span> <span class='ocrx_word' id='word_1_9' title='bbox 628 863 689 926; x_wconf 90' lang='lat' dir='ltr'>per</span> <span class='ocrx_word' id='word_1_10' title='bbox 707 841 839 927; x_wconf 91' lang='lat' dir='ltr'>aliquas</span> <span class='ocrx_word' id='word_1_11' title='bbox 859 839 1139 906; x_wconf 87' lang='lat' dir='ltr'>confirmationes</span> <span class='ocrx_word' id='word_1_12' title='bbox 1157 840 1439 925; x_wconf 88' lang='lat' dir='ltr'>apparentiarum</span> 
     </span>
     <span class='ocr_line' id='line_1_3' title="bbox 307 935 1438 1022; baseline 0 -22"><span class='ocrx_word' id='word_1_13' title='bbox 307 937 343 1000; x_wconf 95' lang='lat' dir='ltr'>in</span> <span class='ocrx_word' id='word_1_14' title='bbox 362 935 508 1001; x_wconf 83' lang='lat' dir='ltr'>fallaciis</span> <span class='ocrx_word' id='word_1_15' title='bbox 526 947 627 1017; x_wconf 91' lang='lat' dir='ltr'>sunt;</span> <span class='ocrx_word' id='word_1_16' title='bbox 652 959 756 1022; x_wconf 89' lang='lat' dir='ltr'>quare</span> <span class='ocrx_word' id='word_1_17' title='bbox 775 939 888 1002; x_wconf 89' lang='lat' dir='ltr'>sciunt</span> <span class='ocrx_word' id='word_1_18' title='bbox 907 949 943 1002; x_wconf 93' lang='lat' dir='ltr'>et</span> <span class='ocrx_word' id='word_1_19' title='bbox 967 938 1160 1021; x_wconf 92' lang='lat' dir='ltr'>percipiunt</span> <span class='ocrx_word' id='word_1_20' title='bbox 1179 936 1271 1021; x_wconf 91' lang='lat' dir='ltr'>quod</span> <span class='ocrx_word' id='word_1_21' title='bbox 1294 937 1438 1001; x_wconf 91' lang='lat' dir='ltr'>homici-</span> 
     </span>
     <span class='ocr_line' id='line_1_4' title="bbox 309 1031 1440 1114; baseline 0 -18"><span class='ocrx_word' id='word_1_22' title='bbox 309 1034 376 1108; x_wconf 91' lang='lat' dir='ltr'>dia,</span> <span class='ocrx_word' id='word_1_23' title='bbox 401 1031 583 1108; x_wconf 91' lang='lat' dir='ltr'>adulteria,</span> <span class='ocrx_word' id='word_1_24' title='bbox 609 1031 699 1097; x_wconf 86' lang='lat' dir='ltr'>furta</span> <span class='ocrx_word' id='word_1_25' title='bbox 727 1043 764 1098; x_wconf 91' lang='lat' dir='ltr'>et</span> <span class='ocrx_word' id='word_1_26' title='bbox 793 1033 881 1098; x_wconf 86' lang='lat' dir='ltr'>salsa</span> <span class='ocrx_word' id='word_1_27' title='bbox 909 1032 1111 1097; x_wconf 90' lang='lat' dir='ltr'>testimonia</span> <span class='ocrx_word' id='word_1_28' title='bbox 1133 1032 1204 1097; x_wconf 91' lang='lat' dir='ltr'>sint</span> <span class='ocrx_word' id='word_1_29' title='bbox 1227 1041 1382 1114; x_wconf 85' lang='lat' dir='ltr'>peccata,</span> <span class='ocrx_word' id='word_1_30' title='bbox 1401 1041 1440 1096; x_wconf 92' lang='lat' dir='ltr'>et</span> 
     </span>
     <span class='ocr_line' id='line_1_5' title="bbox 308 1127 1439 1212; baseline 0 -18"><span class='ocrx_word' id='word_1_31' title='bbox 308 1129 444 1211; x_wconf 84' lang='lat' dir='ltr'>fugiunt</span> <span class='ocrx_word' id='word_1_32' title='bbox 467 1128 526 1192; x_wconf 95' lang='lat' dir='ltr'>illa</span> <span class='ocrx_word' id='word_1_33' title='bbox 549 1129 650 1208; x_wconf 88' lang='lat' dir='ltr'>ideo;</span> <span class='ocrx_word' id='word_1_34' title='bbox 675 1139 750 1192; x_wconf 90' lang='lat' dir='ltr'>turn</span> <span class='ocrx_word' id='word_1_35' title='bbox 770 1129 861 1212; x_wconf 94' lang='lat' dir='ltr'>quod</span> <span class='ocrx_word' id='word_1_36' title='bbox 881 1127 1014 1193; x_wconf 88' lang='lat' dir='ltr'>malitia</span> <span class='ocrx_word' id='word_1_37' title='bbox 1037 1148 1107 1192; x_wconf 91' lang='lat' dir='ltr'>non</span> <span class='ocrx_word' id='word_1_38' title='bbox 1130 1129 1175 1192; x_wconf 89' lang='lat' dir='ltr'>sit</span> <span class='ocrx_word' id='word_1_39' title='bbox 1199 1129 1381 1211; x_wconf 84' lang='lat' dir='ltr'>sapientia,</span> <span class='ocrx_word' id='word_1_40' title='bbox 1402 1138 1439 1194; x_wconf 90' lang='lat' dir='ltr'>et</span> 
     </span>
     <span class='ocr_line' id='line_1_6' title="bbox 309 1224 1440 1308; baseline 0 -20"><span class='ocrx_word' id='word_1_41' title='bbox 309 1224 401 1308; x_wconf 93' lang='lat' dir='ltr'>quod</span> <span class='ocrx_word' id='word_1_42' title='bbox 417 1225 547 1288; x_wconf 92' lang='lat' dir='ltr'>astutia</span> <span class='ocrx_word' id='word_1_43' title='bbox 566 1245 635 1288; x_wconf 94' lang='lat' dir='ltr'>non</span> <span class='ocrx_word' id='word_1_44' title='bbox 654 1225 700 1289; x_wconf 90' lang='lat' dir='ltr'>sit</span> <span class='ocrx_word' id='word_1_45' title='bbox 726 1225 982 1307; x_wconf 87' lang='lat' dir='ltr'>intelligentia;</span> <span class='ocrx_word' id='word_1_46' title='bbox 1007 1243 1084 1288; x_wconf 92' lang='lat' dir='ltr'>cum</span> <span class='ocrx_word' id='word_1_47' title='bbox 1101 1225 1246 1289; x_wconf 92' lang='lat' dir='ltr'>audiunt</span> <span class='ocrx_word' id='word_1_48' title='bbox 1265 1225 1440 1289; x_wconf 88' lang='lat' dir='ltr'>ratiocina</span> 
     </span>
     <span class='ocr_line' id='line_1_7' title="bbox 309 1320 1436 1402; baseline 0 -18"><span class='ocrx_word' id='word_1_49' title='bbox 309 1322 418 1385; x_wconf 88' lang='lat' dir='ltr'>itione</span> <span class='ocrx_word' id='word_1_50' title='bbox 442 1321 640 1402; x_wconf 85' lang='lat' dir='ltr'>ingeniosas</span> <span class='ocrx_word' id='word_1_51' title='bbox 664 1341 710 1384; x_wconf 89' lang='lat' dir='ltr'>ex</span> <span class='ocrx_word' id='word_1_52' title='bbox 739 1320 895 1396; x_wconf 83' lang='lat' dir='ltr'>fallaciis,</span> <span class='ocrx_word' id='word_1_53' title='bbox 917 1321 1085 1385; x_wconf 89' lang='lat' dir='ltr'>mirantur</span> <span class='ocrx_word' id='word_1_54' title='bbox 1115 1330 1151 1384; x_wconf 92' lang='lat' dir='ltr'>et</span> <span class='ocrx_word' id='word_1_55' title='bbox 1181 1321 1214 1384; x_wconf 93' lang='lat' dir='ltr'>in</span> <span class='ocrx_word' id='word_1_56' title='bbox 1244 1341 1282 1384; x_wconf 90' lang='lat' dir='ltr'>se</span> <span class='ocrx_word' id='word_1_57' title='bbox 1313 1320 1436 1385; x_wconf 86' lang='lat' dir='ltr'><strong>rident.</strong></span> 
     </span>
     <span class='ocr_line' id='line_1_8' title="bbox 311 1415 1440 1498; baseline -0.001 -17"><span class='ocrx_word' id='word_1_58' title='bbox 311 1417 424 1481; x_wconf 88' lang='lat' dir='ltr'>Causa</span> <span class='ocrx_word' id='word_1_59' title='bbox 439 1426 504 1491; x_wconf 90' lang='lat' dir='ltr'>est,</span> <span class='ocrx_word' id='word_1_60' title='bbox 523 1417 601 1498; x_wconf 92' lang='lat' dir='ltr'>quia</span> <span class='ocrx_word' id='word_1_61' title='bbox 617 1417 707 1498; x_wconf 91' lang='lat' dir='ltr'>apud</span> <span class='ocrx_word' id='word_1_62' title='bbox 727 1416 805 1481; x_wconf 91' lang='lat' dir='ltr'>illos</span> <span class='ocrx_word' id='word_1_63' title='bbox 822 1437 892 1481; x_wconf 93' lang='lat' dir='ltr'>non</span> <span class='ocrx_word' id='word_1_64' title='bbox 912 1425 967 1482; x_wconf 89' lang='lat' dir='ltr'>est</span> <span class='ocrx_word' id='word_1_65' title='bbox 984 1415 1100 1481; x_wconf 87' lang='lat' dir='ltr'>velum</span> <span class='ocrx_word' id='word_1_66' title='bbox 1116 1417 1206 1480; x_wconf 92' lang='lat' dir='ltr'>inter</span> <span class='ocrx_word' id='word_1_67' title='bbox 1222 1416 1387 1481; x_wconf 87' lang='lat' dir='ltr'>interiora</span> <span class='ocrx_word' id='word_1_68' title='bbox 1402 1425 1440 1481; x_wconf 91' lang='lat' dir='ltr'>et</span> 
     </span>
     <span class='ocr_line' id='line_1_9' title="bbox 311 1511 1440 1596; baseline 0.002 -21"><span class='ocrx_word' id='word_1_69' title='bbox 311 1512 495 1586; x_wconf 85' lang='lat' dir='ltr'>exteriora,</span> <span class='ocrx_word' id='word_1_70' title='bbox 519 1533 580 1575; x_wconf 91' lang='lat' dir='ltr'>seu</span> <span class='ocrx_word' id='word_1_71' title='bbox 604 1513 695 1576; x_wconf 93' lang='lat' dir='ltr'>inter</span> <span class='ocrx_word' id='word_1_72' title='bbox 718 1512 908 1596; x_wconf 88' lang='lat' dir='ltr'>spiritualia</span> <span class='ocrx_word' id='word_1_73' title='bbox 930 1522 967 1577; x_wconf 90' lang='lat' dir='ltr'>et</span> <span class='ocrx_word' id='word_1_74' title='bbox 995 1511 1165 1576; x_wconf 87' lang='lat' dir='ltr'>naturalia</span> <span class='ocrx_word' id='word_1_75' title='bbox 1188 1513 1326 1587; x_wconf 85' lang='lat' dir='ltr'>mentis,</span> <span class='ocrx_word' id='word_1_76' title='bbox 1351 1512 1440 1577; x_wconf 92' lang='lat' dir='ltr'>sicut</span> 
     </span>
     <span class='ocr_line' id='line_1_10' title="bbox 311 1606 1439 1691; baseline 0 -21"><span class='ocrx_word' id='word_1_77' title='bbox 311 1618 366 1671; x_wconf 92' lang='lat' dir='ltr'>est</span> <span class='ocrx_word' id='word_1_78' title='bbox 390 1609 481 1688; x_wconf 91' lang='lat' dir='ltr'>apud</span> <span class='ocrx_word' id='word_1_79' title='bbox 504 1607 702 1685; x_wconf 91' lang='lat' dir='ltr'>sensuales;</span> <span class='ocrx_word' id='word_1_80' title='bbox 736 1629 839 1691; x_wconf 90' lang='lat' dir='ltr'>quare</span> <span class='ocrx_word' id='word_1_81' title='bbox 869 1629 915 1671; x_wconf 85' lang='lat' dir='ltr'>ex</span> <span class='ocrx_word' id='word_1_82' title='bbox 946 1607 1045 1672; x_wconf 84' lang='lat' dir='ltr'>caelo</span> <span class='ocrx_word' id='word_1_83' title='bbox 1068 1608 1238 1689; x_wconf 89' lang='lat' dir='ltr'>recipiunt</span> <span class='ocrx_word' id='word_1_84' title='bbox 1261 1606 1439 1682; x_wconf 87' lang='lat' dir='ltr'>influxum,</span> 
     </span>
     <span class='ocr_line' id='line_1_11' title="bbox 311 1701 1441 1786; baseline 0 -20"><span class='ocrx_word' id='word_1_85' title='bbox 311 1723 357 1766; x_wconf 88' lang='lat' dir='ltr'>ex</span> <span class='ocrx_word' id='word_1_86' title='bbox 388 1723 456 1786; x_wconf 91' lang='lat' dir='ltr'>quo</span> <span class='ocrx_word' id='word_1_87' title='bbox 483 1703 625 1767; x_wconf 89' lang='lat' dir='ltr'>interius</span> <span class='ocrx_word' id='word_1_88' title='bbox 649 1703 770 1767; x_wconf 92' lang='lat' dir='ltr'>vident</span> <span class='ocrx_word' id='word_1_89' title='bbox 793 1703 888 1767; x_wconf 87' lang='lat' dir='ltr'>talia.</span> <span class='ocrx_word' id='word_1_90' title='bbox 935 1710 993 1770; x_wconf 78' lang='grc'><strong>[3.]</strong></span> <span class='ocrx_word' id='word_1_91' title='bbox 1025 1701 1229 1785; x_wconf 91' lang='lat' dir='ltr'>Loquuntur</span> <span class='ocrx_word' id='word_1_92' title='bbox 1253 1701 1441 1785; x_wconf 88' lang='lat' dir='ltr'>simplicius</span> 
     </span>
     <span class='ocr_line' id='line_1_12' title="bbox 311 1799 1443 1882; baseline 0 -20"><span class='ocrx_word' id='word_1_93' title='bbox 311 1808 348 1862; x_wconf 92' lang='lat' dir='ltr'>et</span> <span class='ocrx_word' id='word_1_94' title='bbox 372 1799 535 1863; x_wconf 83' lang='lat' dir='ltr'>sincerius</span> <span class='ocrx_word' id='word_1_95' title='bbox 558 1817 661 1882; x_wconf 89' lang='lat' dir='ltr'>quarn</span> <span class='ocrx_word' id='word_1_96' title='bbox 685 1799 754 1874; x_wconf 89' lang='lat' dir='ltr'>alii,</span> <span class='ocrx_word' id='word_1_97' title='bbox 778 1819 818 1863; x_wconf 93' lang='lat' dir='ltr'>ac</span> <span class='ocrx_word' id='word_1_98' title='bbox 847 1801 881 1863; x_wconf 93' lang='lat' dir='ltr'>in</span> <span class='ocrx_word' id='word_1_99' title='bbox 909 1799 983 1862; x_wconf 88' lang='lat' dir='ltr'>vita</span> <span class='ocrx_word' id='word_1_100' title='bbox 1006 1808 1139 1881; x_wconf 93' lang='lat' dir='ltr'>ponunt</span> <span class='ocrx_word' id='word_1_101' title='bbox 1163 1799 1380 1882; x_wconf 82' lang='lat' dir='ltr'>sapientiam.</span> <span class='ocrx_word' id='word_1_102' title='bbox 1405 1806 1443 1862; x_wconf 90' lang='lat' dir='ltr'>et</span> 
     </span>
     <span class='ocr_line' id='line_1_13' title="bbox 312 1892 1443 1977; baseline 0 -19"><span class='ocrx_word' id='word_1_103' title='bbox 312 1915 381 1959; x_wconf 93' lang='lat' dir='ltr'>non</span> <span class='ocrx_word' id='word_1_104' title='bbox 400 1896 434 1958; x_wconf 94' lang='lat' dir='ltr'>in</span> <span class='ocrx_word' id='word_1_105' title='bbox 453 1913 622 1960; x_wconf 86' lang='lat' dir='ltr'>sermone.</span> <span class='ocrx_word' id='word_1_106' title='bbox 668 1893 756 1960; x_wconf 86' lang='lat' dir='ltr'>Sunt</span> <span class='ocrx_word' id='word_1_107' title='bbox 771 1892 964 1977; x_wconf 72' lang='lat' dir='ltr'>respective</span> <span class='ocrx_word' id='word_1_108' title='bbox 984 1895 1073 1960; x_wconf 91' lang='lat' dir='ltr'>sicut</span> <span class='ocrx_word' id='word_1_109' title='bbox 1093 1896 1174 1977; x_wconf 86' lang='lat' dir='ltr'>agni</span> <span class='ocrx_word' id='word_1_110' title='bbox 1193 1904 1230 1958; x_wconf 92' lang='lat' dir='ltr'>et</span> <span class='ocrx_word' id='word_1_111' title='bbox 1249 1915 1344 1970; x_wconf 84' lang='lat' dir='ltr'>oves,</span> <span class='ocrx_word' id='word_1_112' title='bbox 1362 1913 1443 1958; x_wconf 91' lang='lat' dir='ltr'>cum</span> 
     </span>
     <span class='ocr_line' id='line_1_14' title="bbox 311 1989 1443 2075; baseline -0.001 -21"><span class='ocrx_word' id='word_1_113' title='bbox 311 1991 362 2055; x_wconf 96' lang='lat' dir='ltr'>illi</span> <span class='ocrx_word' id='word_1_114' title='bbox 381 1991 437 2075; x_wconf 93' lang='lat' dir='ltr'>qui</span> <span class='ocrx_word' id='word_1_115' title='bbox 459 1991 493 2054; x_wconf 93' lang='lat' dir='ltr'>in</span> <span class='ocrx_word' id='word_1_116' title='bbox 513 1991 696 2073; x_wconf 91' lang='lat' dir='ltr'>prudentia</span> <span class='ocrx_word' id='word_1_117' title='bbox 715 1993 851 2074; x_wconf 92' lang='lat' dir='ltr'>propria</span> <span class='ocrx_word' id='word_1_118' title='bbox 870 2000 961 2066; x_wconf 90' lang='lat' dir='ltr'>sunt,</span> <span class='ocrx_word' id='word_1_119' title='bbox 982 1991 1070 2055; x_wconf 91' lang='lat' dir='ltr'>sicut</span> <span class='ocrx_word' id='word_1_120' title='bbox 1090 1989 1159 2073; x_wconf 92' lang='lat' dir='ltr'>lupi</span> <span class='ocrx_word' id='word_1_121' title='bbox 1179 1999 1216 2054; x_wconf 93' lang='lat' dir='ltr'>et</span> <span class='ocrx_word' id='word_1_122' title='bbox 1239 1991 1380 2072; x_wconf 90' lang='lat' dir='ltr'>vulpes;</span> <span class='ocrx_word' id='word_1_123' title='bbox 1404 1997 1443 2054; x_wconf 90' lang='lat' dir='ltr'>et</span> 
     </span>
     <span class='ocr_line' id='line_1_15' title="bbox 311 2085 1443 2169; baseline -0.002 -19"><span class='ocrx_word' id='word_1_124' title='bbox 311 2099 393 2150; x_wconf 90' lang='lat' dir='ltr'>sunt</span> <span class='ocrx_word' id='word_1_125' title='bbox 416 2085 504 2150; x_wconf 93' lang='lat' dir='ltr'>sicut</span> <span class='ocrx_word' id='word_1_126' title='bbox 528 2087 583 2169; x_wconf 93' lang='lat' dir='ltr'>qui</span> <span class='ocrx_word' id='word_1_127' title='bbox 606 2086 767 2150; x_wconf 90' lang='lat' dir='ltr'>habitant</span> <span class='ocrx_word' id='word_1_128' title='bbox 790 2086 825 2148; x_wconf 95' lang='lat' dir='ltr'>in</span> <span class='ocrx_word' id='word_1_129' title='bbox 848 2085 964 2160; x_wconf 86' lang='lat' dir='ltr'>domo,</span> <span class='ocrx_word' id='word_1_130' title='bbox 984 2095 1021 2150; x_wconf 90' lang='lat' dir='ltr'>et</span> <span class='ocrx_word' id='word_1_131' title='bbox 1049 2105 1109 2169; x_wconf 89' lang='lat' dir='ltr'>per</span> <span class='ocrx_word' id='word_1_132' title='bbox 1132 2085 1302 2149; x_wconf 82' lang='lat' dir='ltr'>fenestras</span> <span class='ocrx_word' id='word_1_133' title='bbox 1320 2086 1443 2149; x_wconf 88' lang='lat' dir='ltr'>vident</span> 
     </span>
     <span class='ocr_line' id='line_1_16' title="bbox 313 2181 1442 2265; baseline -0.003 -20"><span class='ocrx_word' id='word_1_134' title='bbox 313 2181 458 2256; x_wconf 90' lang='lat' dir='ltr'>caelum,</span> <span class='ocrx_word' id='word_1_135' title='bbox 487 2181 537 2244; x_wconf 94' lang='lat' dir='ltr'>illi</span> <span class='ocrx_word' id='word_1_136' title='bbox 566 2191 684 2245; x_wconf 88' lang='lat' dir='ltr'>autem</span> <span class='ocrx_word' id='word_1_137' title='bbox 714 2183 771 2265; x_wconf 93' lang='lat' dir='ltr'>qui</span> <span class='ocrx_word' id='word_1_138' title='bbox 806 2183 839 2245; x_wconf 96' lang='lat' dir='ltr'>in</span> <span class='ocrx_word' id='word_1_139' title='bbox 870 2183 1009 2264; x_wconf 92' lang='lat' dir='ltr'>propria</span> <span class='ocrx_word' id='word_1_140' title='bbox 1031 2182 1214 2265; x_wconf 90' lang='lat' dir='ltr'>prudentia</span> <span class='ocrx_word' id='word_1_141' title='bbox 1244 2190 1336 2256; x_wconf 76' lang='lat' dir='ltr'>sunt,</span> <span class='ocrx_word' id='word_1_142' title='bbox 1360 2190 1442 2244; x_wconf 87' lang='lat' dir='ltr'>sunt</span> 
     </span>
     <span class='ocr_line' id='line_1_17' title="bbox 312 2275 1445 2360; baseline -0.001 -20"><span class='ocrx_word' id='word_1_143' title='bbox 312 2278 400 2341; x_wconf 93' lang='lat' dir='ltr'>sicut</span> <span class='ocrx_word' id='word_1_144' title='bbox 414 2277 470 2360; x_wconf 92' lang='lat' dir='ltr'>qui</span> <span class='ocrx_word' id='word_1_145' title='bbox 486 2276 647 2340; x_wconf 90' lang='lat' dir='ltr'>habitant</span> <span class='ocrx_word' id='word_1_146' title='bbox 667 2278 701 2340; x_wconf 94' lang='lat' dir='ltr'>in</span> <span class='ocrx_word' id='word_1_147' title='bbox 718 2276 945 2341; x_wconf 79' lang='lat' dir='ltr'>fundamento</span> <span class='ocrx_word' id='word_1_148' title='bbox 958 2277 1092 2352; x_wconf 85' lang='lat' dir='ltr'>domus,</span> <span class='ocrx_word' id='word_1_149' title='bbox 1107 2287 1143 2340; x_wconf 91' lang='lat' dir='ltr'>et</span> <span class='ocrx_word' id='word_1_150' title='bbox 1160 2297 1220 2360; x_wconf 89' lang='lat' dir='ltr'>per</span> <span class='ocrx_word' id='word_1_151' title='bbox 1236 2298 1315 2340; x_wconf 90' lang='lat' dir='ltr'>suas</span> <span class='ocrx_word' id='word_1_152' title='bbox 1328 2275 1445 2340; x_wconf 80' lang='lat' dir='ltr'>lenes·</span> 
     </span>
     <span class='ocr_line' id='line_1_18' title="bbox 312 2373 1443 2457; baseline 0.002 -21"><span class='ocrx_word' id='word_1_153' title='bbox 312 2383 384 2438; x_wconf 90' lang='lat' dir='ltr'>tras</span> <span class='ocrx_word' id='word_1_154' title='bbox 409 2392 478 2436; x_wconf 94' lang='lat' dir='ltr'>non</span> <span class='ocrx_word' id='word_1_155' title='bbox 502 2373 623 2436; x_wconf 91' lang='lat' dir='ltr'>vident</span> <span class='ocrx_word' id='word_1_156' title='bbox 646 2373 710 2437; x_wconf 91' lang='lat' dir='ltr'>nisi</span> <span class='ocrx_word' id='word_1_157' title='bbox 737 2394 824 2457; x_wconf 91' lang='lat' dir='ltr'>quae</span> <span class='ocrx_word' id='word_1_158' title='bbox 851 2374 916 2436; x_wconf 91' lang='lat' dir='ltr'>sub</span> <span class='ocrx_word' id='word_1_159' title='bbox 938 2381 1030 2436; x_wconf 91' lang='lat' dir='ltr'>terra</span> <span class='ocrx_word' id='word_1_160' title='bbox 1053 2383 1154 2451; x_wconf 90' lang='lat' dir='ltr'>sunt;</span> <span class='ocrx_word' id='word_1_161' title='bbox 1185 2382 1221 2436; x_wconf 92' lang='lat' dir='ltr'>et</span> <span class='ocrx_word' id='word_1_162' title='bbox 1249 2383 1330 2438; x_wconf 93' lang='lat' dir='ltr'>sunt</span> <span class='ocrx_word' id='word_1_163' title='bbox 1353 2373 1443 2439; x_wconf 87' lang='lat' dir='ltr'>sicut</span> 
     </span>
     <span class='ocr_line' id='line_1_19' title="bbox 313 2467 1442 2552; baseline 0.001 -21"><span class='ocrx_word' id='word_1_164' title='bbox 313 2469 423 2552; x_wconf 93' lang='lat' dir='ltr'>quiin</span> <span class='ocrx_word' id='word_1_165' title='bbox 443 2477 562 2532; x_wconf 90' lang='lat' dir='ltr'>monte</span> <span class='ocrx_word' id='word_1_166' title='bbox 582 2477 687 2543; x_wconf 85' lang='lat' dir='ltr'>stant,</span> <span class='ocrx_word' id='word_1_167' title='bbox 709 2479 745 2533; x_wconf 89' lang='lat' dir='ltr'>et</span> <span class='ocrx_word' id='word_1_168' title='bbox 765 2469 884 2531; x_wconf 88' lang='lat' dir='ltr'>vident</span> <span class='ocrx_word' id='word_1_169' title='bbox 903 2467 984 2531; x_wconf 91' lang='lat' dir='ltr'>illos</span> <span class='ocrx_word' id='word_1_170' title='bbox 1003 2469 1060 2552; x_wconf 90' lang='lat' dir='ltr'>qui</span> <span class='ocrx_word' id='word_1_171' title='bbox 1083 2469 1116 2532; x_wconf 95' lang='lat' dir='ltr'>in</span> <span class='ocrx_word' id='word_1_172' title='bbox 1137 2471 1274 2551; x_wconf 91' lang='lat' dir='ltr'>propria</span> <span class='ocrx_word' id='word_1_173' title='bbox 1293 2470 1442 2552; x_wconf 90' lang='lat' dir='ltr'>pruden-</span> 
     </span>
     <span class='ocr_line' id='line_1_20' title="bbox 313 2564 1443 2630; baseline 0.002 -2"><span class='ocrx_word' id='word_1_174' title='bbox 313 2567 364 2629; x_wconf 93' lang='lat' dir='ltr'>tia</span> <span class='ocrx_word' id='word_1_175' title='bbox 378 2575 459 2628; x_wconf 91' lang='lat' dir='ltr'>sunt</span> <span class='ocrx_word' id='word_1_176' title='bbox 476 2565 565 2628; x_wconf 89' lang='lat' dir='ltr'>sicut</span> <span class='ocrx_word' id='word_1_177' title='bbox 581 2576 738 2628; x_wconf 87' lang='lat' dir='ltr'>errantes</span> <span class='ocrx_word' id='word_1_178' title='bbox 754 2566 789 2628; x_wconf 95' lang='lat' dir='ltr'>in</span> <span class='ocrx_word' id='word_1_179' title='bbox 806 2565 953 2628; x_wconf 88' lang='lat' dir='ltr'>vallibus</span> <span class='ocrx_word' id='word_1_180' title='bbox 969 2575 1005 2628; x_wconf 90' lang='lat' dir='ltr'>et</span> <span class='ocrx_word' id='word_1_181' title='bbox 1025 2565 1057 2627; x_wconf 96' lang='lat' dir='ltr'>in</span> <span class='ocrx_word' id='word_1_182' title='bbox 1075 2564 1178 2628; x_wconf 90' lang='lat' dir='ltr'>silvis.</span> <span class='ocrx_word' id='word_1_183' title='bbox 1227 2570 1284 2630; x_wconf 81' lang='grc'><strong>[4.]</strong></span> <span class='ocrx_word' id='word_1_184' title='bbox 1316 2565 1373 2629; x_wconf 83' lang='lat' dir='ltr'>Ex</span> <span class='ocrx_word' id='word_1_185' title='bbox 1390 2566 1443 2630; x_wconf 91' lang='lat' dir='ltr'>his</span> 
     </span>
     <span class='ocr_line' id='line_1_21' title="bbox 313 2660 1445 2744; baseline 0.002 -20"><span class='ocrx_word' id='word_1_186' title='bbox 313 2671 475 2725; x_wconf 88' lang='lat' dir='ltr'>constare</span> <span class='ocrx_word' id='word_1_187' title='bbox 492 2669 620 2742; x_wconf 85' lang='lat' dir='ltr'>potest,</span> <span class='ocrx_word' id='word_1_188' title='bbox 638 2662 730 2744; x_wconf 90' lang='lat' dir='ltr'>quod</span> <span class='ocrx_word' id='word_1_189' title='bbox 751 2661 935 2744; x_wconf 88' lang='lat' dir='ltr'>prudentia</span> <span class='ocrx_word' id='word_1_190' title='bbox 954 2681 1024 2724; x_wconf 94' lang='lat' dir='ltr'>non</span> <span class='ocrx_word' id='word_1_191' title='bbox 1044 2661 1180 2743; x_wconf 93' lang='lat' dir='ltr'>propria</span> <span class='ocrx_word' id='word_1_192' title='bbox 1197 2660 1242 2722; x_wconf 91' lang='lat' dir='ltr'>sit</span> <span class='ocrx_word' id='word_1_193' title='bbox 1262 2661 1445 2743; x_wconf 88' lang='lat' dir='ltr'>prudentia</span> 
     </span>
     <span class='ocr_line' id='line_1_22' title="bbox 313 2755 1445 2838; baseline 0.001 -18"><span class='ocrx_word' id='word_1_194' title='bbox 313 2777 359 2824; x_wconf 86' lang='lat' dir='ltr'>ex</span> <span class='ocrx_word' id='word_1_195' title='bbox 376 2757 536 2829; x_wconf 87' lang='lat' dir='ltr'>Domino,</span> <span class='ocrx_word' id='word_1_196' title='bbox 554 2758 589 2819; x_wconf 95' lang='lat' dir='ltr'>in</span> <span class='ocrx_word' id='word_1_197' title='bbox 605 2756 706 2820; x_wconf 90' lang='lat' dir='ltr'>simili</span> <span class='ocrx_word' id='word_1_198' title='bbox 723 2757 928 2838; x_wconf 87' lang='lat' dir='ltr'>apparentia</span> <span class='ocrx_word' id='word_1_199' title='bbox 944 2756 979 2818; x_wconf 95' lang='lat' dir='ltr'>in</span> <span class='ocrx_word' id='word_1_200' title='bbox 995 2757 1150 2820; x_wconf 84' lang='lat' dir='ltr'>externis</span> <span class='ocrx_word' id='word_1_201' title='bbox 1167 2775 1244 2819; x_wconf 92' lang='lat' dir='ltr'>curn</span> <span class='ocrx_word' id='word_1_202' title='bbox 1261 2755 1445 2838; x_wconf 87' lang='lat' dir='ltr'>prudentia</span> 
     </span>
     <span class='ocr_line' id='line_1_23' title="bbox 313 2851 1445 2934; baseline 0.001 -18"><span class='ocrx_word' id='word_1_203' title='bbox 313 2853 461 2934; x_wconf 90' lang='lat' dir='ltr'>propria,</span> <span class='ocrx_word' id='word_1_204' title='bbox 485 2852 545 2916; x_wconf 88' lang='lat' dir='ltr'>sed</span> <span class='ocrx_word' id='word_1_205' title='bbox 573 2853 606 2915; x_wconf 96' lang='lat' dir='ltr'>in</span> <span class='ocrx_word' id='word_1_206' title='bbox 631 2871 768 2933; x_wconf 90' lang='lat' dir='ltr'>prorsus</span> <span class='ocrx_word' id='word_1_207' title='bbox 787 2852 944 2917; x_wconf 90' lang='lat' dir='ltr'>dissimili</span> <span class='ocrx_word' id='word_1_208' title='bbox 973 2851 1008 2915; x_wconf 94' lang='lat' dir='ltr'>in</span> <span class='ocrx_word' id='word_1_209' title='bbox 1032 2853 1198 2932; x_wconf 90' lang='lat' dir='ltr'>internis;</span> <span class='ocrx_word' id='word_1_210' title='bbox 1231 2854 1266 2916; x_wconf 94' lang='lat' dir='ltr'>in</span> <span class='ocrx_word' id='word_1_211' title='bbox 1297 2853 1445 2917; x_wconf 90' lang='lat' dir='ltr'>internis</span> 
     </span>
     <span class='ocr_line' id='line_1_24' title="bbox 313 2947 1445 3031; baseline 0.003 -20"><span class='ocrx_word' id='word_1_212' title='bbox 313 2957 458 3031; x_wconf 92' lang='lat' dir='ltr'>apparet</span> <span class='ocrx_word' id='word_1_213' title='bbox 481 2947 663 3031; x_wconf 90' lang='lat' dir='ltr'>prudentia</span> <span class='ocrx_word' id='word_1_214' title='bbox 686 2967 755 3012; x_wconf 94' lang='lat' dir='ltr'>non</span> <span class='ocrx_word' id='word_1_215' title='bbox 780 2951 917 3030; x_wconf 84' lang='lat' dir='ltr'>propria</span> <span class='ocrx_word' id='word_1_216' title='bbox 946 2948 980 3011; x_wconf 95' lang='lat' dir='ltr'>in</span> <span class='ocrx_word' id='word_1_217' title='bbox 1008 2949 1138 3012; x_wconf 88' lang='lat' dir='ltr'>mundo</span> <span class='ocrx_word' id='word_1_218' title='bbox 1160 2947 1330 3030; x_wconf 91' lang='lat' dir='ltr'>spirituali</span> <span class='ocrx_word' id='word_1_219' title='bbox 1353 2949 1445 3014; x_wconf 91' lang='lat' dir='ltr'>sicut</span> 
     </span>
     <span class='ocr_line' id='line_1_25' title="bbox 312 3043 1444 3127; baseline 0.001 -20"><span class='ocrx_word' id='word_1_220' title='bbox 312 3043 429 3118; x_wconf 86' lang='lat' dir='ltr'>homo,</span> <span class='ocrx_word' id='word_1_221' title='bbox 454 3052 490 3107; x_wconf 91' lang='lat' dir='ltr'>at</span> <span class='ocrx_word' id='word_1_222' title='bbox 520 3044 705 3126; x_wconf 91' lang='lat' dir='ltr'>prudentia</span> <span class='ocrx_word' id='word_1_223' title='bbox 733 3045 872 3127; x_wconf 90' lang='lat' dir='ltr'>propria</span> <span class='ocrx_word' id='word_1_224' title='bbox 902 3043 991 3106; x_wconf 93' lang='lat' dir='ltr'>sicut</span> <span class='ocrx_word' id='word_1_225' title='bbox 1022 3043 1242 3106; x_wconf 87' lang='lat' dir='ltr'>simulacrum</span> <span class='ocrx_word' id='word_1_226' title='bbox 1271 3063 1444 3125; x_wconf 88' lang='lat' dir='ltr'>apparens</span> 
     </span>
     <span class='ocr_line' id='line_1_26' title="bbox 312 3138 1443 3222; baseline 0 -20"><span class='ocrx_word' id='word_1_227' title='bbox 312 3138 421 3202; x_wconf 87' lang='lat' dir='ltr'>vitale</span> <span class='ocrx_word' id='word_1_228' title='bbox 437 3159 483 3203; x_wconf 88' lang='lat' dir='ltr'>ex</span> <span class='ocrx_word' id='word_1_229' title='bbox 500 3160 542 3202; x_wconf 92' lang='lat' dir='ltr'>eo</span> <span class='ocrx_word' id='word_1_230' title='bbox 558 3138 646 3214; x_wconf 92' lang='lat' dir='ltr'>solo,</span> <span class='ocrx_word' id='word_1_231' title='bbox 663 3140 754 3222; x_wconf 92' lang='lat' dir='ltr'>quod</span> <span class='ocrx_word' id='word_1_232' title='bbox 772 3139 839 3202; x_wconf 89' lang='lat' dir='ltr'>illis</span> <span class='ocrx_word' id='word_1_233' title='bbox 859 3140 916 3222; x_wconf 93' lang='lat' dir='ltr'>qui</span> <span class='ocrx_word' id='word_1_234' title='bbox 934 3139 968 3202; x_wconf 96' lang='lat' dir='ltr'>in</span> <span class='ocrx_word' id='word_1_235' title='bbox 985 3159 1026 3202; x_wconf 91' lang='lat' dir='ltr'>ea</span> <span class='ocrx_word' id='word_1_236' title='bbox 1042 3147 1134 3212; x_wconf 87' lang='lat' dir='ltr'>sunt,</span> <span class='ocrx_word' id='word_1_237' title='bbox 1152 3158 1257 3222; x_wconf 92' lang='lat' dir='ltr'>usque</span> <span class='ocrx_word' id='word_1_238' title='bbox 1274 3139 1319 3201; x_wconf 91' lang='lat' dir='ltr'>sit</span> <span class='ocrx_word' id='word_1_239' title='bbox 1335 3140 1443 3202; x_wconf 92' lang='lat' dir='ltr'>ratio·</span> 
     </span>
     <span class='ocr_line' id='line_1_27' title="bbox 314 3232 1444 3316; baseline 0.001 -18"><span class='ocrx_word' id='word_1_240' title='bbox 314 3235 442 3300; x_wconf 91' lang='lat' dir='ltr'>nalitas</span> <span class='ocrx_word' id='word_1_241' title='bbox 460 3245 496 3299; x_wconf 90' lang='lat' dir='ltr'>et</span> <span class='ocrx_word' id='word_1_242' title='bbox 520 3234 662 3298; x_wconf 89' lang='lat' dir='ltr'>libertas</span> <span class='ocrx_word' id='word_1_243' title='bbox 686 3256 747 3299; x_wconf 93' lang='lat' dir='ltr'>seu</span> <span class='ocrx_word' id='word_1_244' title='bbox 769 3234 917 3299; x_wconf 78' lang='lat' dir='ltr'>facultas</span> <span class='ocrx_word' id='word_1_245' title='bbox 938 3232 1156 3316; x_wconf 84' lang='lat' dir='ltr'>intelligendi</span> <span class='ocrx_word' id='word_1_246' title='bbox 1179 3243 1214 3296; x_wconf 90' lang='lat' dir='ltr'>et</span> <span class='ocrx_word' id='word_1_247' title='bbox 1236 3233 1386 3308; x_wconf 88' lang='lat' dir='ltr'>volendi,</span> <span class='ocrx_word' id='word_1_248' title='bbox 1407 3244 1444 3299; x_wconf 92' lang='lat' dir='ltr'>et</span> 
     </span>
     <span class='ocr_line' id='line_1_28' title="bbox 313 3327 1444 3415; baseline -0.001 -20"><span class='ocrx_word' id='word_1_249' title='bbox 313 3333 394 3396; x_wconf 90' lang='lat' dir='ltr'>inde</span> <span class='ocrx_word' id='word_1_250' title='bbox 413 3331 576 3415; x_wconf 90' lang='lat' dir='ltr'>loquendi</span> <span class='ocrx_word' id='word_1_251' title='bbox 595 3341 630 3395; x_wconf 93' lang='lat' dir='ltr'>et</span> <span class='ocrx_word' id='word_1_252' title='bbox 650 3332 796 3414; x_wconf 86' lang='lat' dir='ltr'>agendi;</span> <span class='ocrx_word' id='word_1_253' title='bbox 821 3340 856 3395; x_wconf 89' lang='lat' dir='ltr'>et</span> <span class='ocrx_word' id='word_1_254' title='bbox 876 3330 967 3412; x_wconf 89' lang='lat' dir='ltr'>quod</span> <span class='ocrx_word' id='word_1_255' title='bbox 988 3349 1049 3411; x_wconf 89' lang='lat' dir='ltr'>per</span> <span class='ocrx_word' id='word_1_256' title='bbox 1067 3329 1143 3393; x_wconf 90' lang='lat' dir='ltr'>illas</span> <span class='ocrx_word' id='word_1_257' title='bbox 1162 3327 1344 3392; x_wconf 87' lang='lat' dir='ltr'>facultates</span> <span class='ocrx_word' id='word_1_258' title='bbox 1363 3349 1444 3414; x_wconf 89' lang='lat' dir='ltr'>pos·</span> 
     </span>
     <span class='ocr_line' id='line_1_29' title="bbox 312 3423 1444 3510; baseline -0.001 -20"><span class='ocrx_word' id='word_1_259' title='bbox 312 3429 382 3492; x_wconf 90' lang='lat' dir='ltr'>sint</span> <span class='ocrx_word' id='word_1_260' title='bbox 394 3427 555 3493; x_wconf 89' lang='lat' dir='ltr'>simulare</span> <span class='ocrx_word' id='word_1_261' title='bbox 568 3427 659 3510; x_wconf 94' lang='lat' dir='ltr'>quod</span> <span class='ocrx_word' id='word_1_262' title='bbox 672 3428 778 3491; x_wconf 88' lang='lat' dir='ltr'>etiam</span> <span class='ocrx_word' id='word_1_263' title='bbox 795 3426 953 3489; x_wconf 91' lang='lat' dir='ltr'>homines</span> <span class='ocrx_word' id='word_1_264' title='bbox 966 3427 1044 3490; x_wconf 88' lang='lat' dir='ltr'>sint.</span> <span class='ocrx_word' id='word_1_265' title='bbox 1091 3423 1194 3507; x_wconf 85' lang='lat' dir='ltr'>Quod</span> <span class='ocrx_word' id='word_1_266' title='bbox 1207 3424 1291 3489; x_wconf 90' lang='lat' dir='ltr'>talia</span> <span class='ocrx_word' id='word_1_267' title='bbox 1303 3425 1444 3490; x_wconf 87' lang='lat' dir='ltr'>simula·</span> 
     </span>
     <span class='ocr_line' id='line_1_30' title="bbox 313 3521 1446 3612; baseline 0 -25"><span class='ocrx_word' id='word_1_268' title='bbox 313 3543 372 3587; x_wconf 90' lang='lat' dir='ltr'>cra</span> <span class='ocrx_word' id='word_1_269' title='bbox 387 3525 468 3598; x_wconf 87' lang='lat' dir='ltr'>sint,</span> <span class='ocrx_word' id='word_1_270' title='bbox 483 3533 538 3586; x_wconf 89' lang='lat' dir='ltr'>est</span> <span class='ocrx_word' id='word_1_271' title='bbox 553 3523 632 3606; x_wconf 90' lang='lat' dir='ltr'>quia</span> <span class='ocrx_word' id='word_1_272' title='bbox 648 3522 740 3586; x_wconf 87' lang='lat' dir='ltr'>mala</span> <span class='ocrx_word' id='word_1_273' title='bbox 756 3531 793 3586; x_wconf 89' lang='lat' dir='ltr'>et</span> <span class='ocrx_word' id='word_1_274' title='bbox 808 3521 895 3585; x_wconf 81' lang='lat' dir='ltr'>falsa</span> <span class='ocrx_word' id='word_1_275' title='bbox 912 3542 981 3585; x_wconf 93' lang='lat' dir='ltr'>non</span> <span class='ocrx_word' id='word_1_276' title='bbox 998 3522 1128 3612; x_wconf 83' lang='lat' dir='ltr'>vivunt,</span> <span class='ocrx_word' id='word_1_277' title='bbox 1146 3521 1206 3585; x_wconf 88' lang='lat' dir='ltr'>sed</span> <span class='ocrx_word' id='word_1_278' title='bbox 1223 3521 1336 3585; x_wconf 92' lang='lat' dir='ltr'>solum</span> <span class='ocrx_word' id='word_1_279' title='bbox 1352 3521 1446 3587; x_wconf 87' lang='lat' dir='ltr'>bona</span> 
     </span>
     <span class='ocr_line' id='line_1_31' title="bbox 313 3618 1445 3700; baseline 0 -18"><span class='ocrx_word' id='word_1_280' title='bbox 313 3628 349 3682; x_wconf 89' lang='lat' dir='ltr'>et</span> <span class='ocrx_word' id='word_1_281' title='bbox 372 3638 472 3695; x_wconf 88' lang='lat' dir='ltr'>vera;</span> <span class='ocrx_word' id='word_1_282' title='bbox 501 3627 536 3682; x_wconf 94' lang='lat' dir='ltr'>et</span> <span class='ocrx_word' id='word_1_283' title='bbox 558 3619 637 3700; x_wconf 88' lang='lat' dir='ltr'>quia</span> <span class='ocrx_word' id='word_1_284' title='bbox 661 3618 726 3681; x_wconf 92' lang='lat' dir='ltr'>hoc</span> <span class='ocrx_word' id='word_1_285' title='bbox 751 3639 796 3680; x_wconf 89' lang='lat' dir='ltr'>ex</span> <span class='ocrx_word' id='word_1_286' title='bbox 822 3618 1060 3682; x_wconf 86' lang='lat' dir='ltr'>rationalitate</span> <span class='ocrx_word' id='word_1_287' title='bbox 1085 3639 1147 3681; x_wconf 88' lang='lat' dir='ltr'>sua</span> <span class='ocrx_word' id='word_1_288' title='bbox 1165 3618 1290 3690; x_wconf 83' lang='lat' dir='ltr'>sciunt,</span> <span class='ocrx_word' id='word_1_289' title='bbox 1312 3637 1393 3682; x_wconf 89' lang='lat' dir='ltr'>nam</span> <span class='ocrx_word' id='word_1_290' title='bbox 1416 3619 1445 3682; x_wconf 94' lang='lat' dir='ltr'>si</span> 
     </span>
     <span class='ocr_line' id='line_1_32' title="bbox 314 3713 1444 3797; baseline 0.001 -20"><span class='ocrx_word' id='word_1_291' title='bbox 314 3734 382 3778; x_wconf 93' lang='lat' dir='ltr'>non</span> <span class='ocrx_word' id='word_1_292' title='bbox 399 3715 528 3778; x_wconf 92' lang='lat' dir='ltr'>scirent</span> <span class='ocrx_word' id='word_1_293' title='bbox 545 3733 614 3776; x_wconf 93' lang='lat' dir='ltr'>non</span> <span class='ocrx_word' id='word_1_294' title='bbox 631 3713 831 3778; x_wconf 89' lang='lat' dir='ltr'>simularent</span> <span class='ocrx_word' id='word_1_295' title='bbox 847 3715 916 3790; x_wconf 89' lang='lat' dir='ltr'>illa,</span> <span class='ocrx_word' id='word_1_296' title='bbox 936 3715 1116 3797; x_wconf 90' lang='lat' dir='ltr'>possident</span> <span class='ocrx_word' id='word_1_297' title='bbox 1134 3714 1239 3778; x_wconf 91' lang='lat' dir='ltr'>vitale</span> <span class='ocrx_word' id='word_1_298' title='bbox 1256 3714 1444 3778; x_wconf 91' lang='lat' dir='ltr'>humanum</span> 
     </span>
     <span class='ocr_line' id='line_1_33' title="bbox 313 3809 1445 3893; baseline 0.002 -21"><span class='ocrx_word' id='word_1_299' title='bbox 313 3809 346 3872; x_wconf 93' lang='lat' dir='ltr'>in</span> <span class='ocrx_word' id='word_1_300' title='bbox 363 3809 553 3874; x_wconf 89' lang='lat' dir='ltr'>slmulacris</span> <span class='ocrx_word' id='word_1_301' title='bbox 569 3810 648 3872; x_wconf 88' lang='lat' dir='ltr'>suis.</span> <span class='ocrx_word' id='word_1_302' title='bbox 696 3815 754 3877; x_wconf 68' lang='grc'><strong>[5.]</strong></span> <span class='ocrx_word' id='word_1_303' title='bbox 787 3809 873 3893; x_wconf 85' lang='lat' dir='ltr'>Quis</span> <span class='ocrx_word' id='word_1_304' title='bbox 890 3831 959 3875; x_wconf 93' lang='lat' dir='ltr'>non</span> <span class='ocrx_word' id='word_1_305' title='bbox 976 3813 1062 3874; x_wconf 90' lang='lat' dir='ltr'>scire</span> <span class='ocrx_word' id='word_1_306' title='bbox 1080 3821 1210 3892; x_wconf 86' lang='lat' dir='ltr'>potest,</span> <span class='ocrx_word' id='word_1_307' title='bbox 1228 3811 1318 3892; x_wconf 92' lang='lat' dir='ltr'>quod</span> <span class='ocrx_word' id='word_1_308' title='bbox 1339 3810 1445 3874; x_wconf 92' lang='lat' dir='ltr'>homo</span> 
     </span>
     <span class='ocr_line' id='line_1_34' title="bbox 313 3904 1445 3993; baseline 0 -23"><span class='ocrx_word' id='word_1_309' title='bbox 313 3905 393 3970; x_wconf 87' lang='lat' dir='ltr'>talis</span> <span class='ocrx_word' id='word_1_310' title='bbox 413 3907 469 3980; x_wconf 89' lang='lat' dir='ltr'>sit,</span> <span class='ocrx_word' id='word_1_311' title='bbox 490 3904 598 3989; x_wconf 91' lang='lat' dir='ltr'>qualis</span> <span class='ocrx_word' id='word_1_312' title='bbox 617 3915 671 3970; x_wconf 92' lang='lat' dir='ltr'>est</span> <span class='ocrx_word' id='word_1_313' title='bbox 688 3907 856 3970; x_wconf 88' lang='lat' dir='ltr'>interius?</span> <span class='ocrx_word' id='word_1_314' title='bbox 881 3919 1134 3993; x_wconf 88' lang='lat' dir='ltr'>consequenter</span> <span class='ocrx_word' id='word_1_315' title='bbox 1152 3907 1243 3993; x_wconf 92' lang='lat' dir='ltr'>quod</span> <span class='ocrx_word' id='word_1_316' title='bbox 1264 3906 1322 3970; x_wconf 94' lang='lat' dir='ltr'>ille</span> <span class='ocrx_word' id='word_1_317' title='bbox 1338 3907 1445 3971; x_wconf 92' lang='lat' dir='ltr'>homo</span> 
     </span>
     <span class='ocr_line' id='line_1_35' title="bbox 312 4002 1442 4090; baseline 0.006 -28"><span class='ocrx_word' id='word_1_318' title='bbox 312 4003 367 4076; x_wconf 88' lang='lat' dir='ltr'>sit,</span> <span class='ocrx_word' id='word_1_319' title='bbox 388 4002 445 4085; x_wconf 91' lang='lat' dir='ltr'>qui</span> <span class='ocrx_word' id='word_1_320' title='bbox 467 4002 610 4065; x_wconf 90' lang='lat' dir='ltr'>interius</span> <span class='ocrx_word' id='word_1_321' title='bbox 633 4013 688 4067; x_wconf 89' lang='lat' dir='ltr'>est</span> <span class='ocrx_word' id='word_1_322' title='bbox 713 4003 822 4087; x_wconf 91' lang='lat' dir='ltr'>qualis</span> <span class='ocrx_word' id='word_1_323' title='bbox 845 4005 920 4070; x_wconf 90' lang='lat' dir='ltr'>vult</span> <span class='ocrx_word' id='word_1_324' title='bbox 944 4005 1052 4069; x_wconf 89' lang='lat' dir='ltr'>videri</span> <span class='ocrx_word' id='word_1_325' title='bbox 1080 4004 1256 4070; x_wconf 85' lang='lat' dir='ltr'>exterius?</span> <span class='ocrx_word' id='word_1_326' title='bbox 1288 4015 1326 4070; x_wconf 91' lang='lat' dir='ltr'>et</span> <span class='ocrx_word' id='word_1_327' title='bbox 1350 4006 1442 4090; x_wconf 93' lang='lat' dir='ltr'>quod</span> 
     </span>
     <span class='ocr_line' id='line_1_36' title="bbox 311 4096 1446 4183; baseline 0.004 -23"><span class='ocrx_word' id='word_1_328' title='bbox 311 4096 370 4160; x_wconf 91' lang='lat' dir='ltr'>ille</span> <span class='ocrx_word' id='word_1_329' title='bbox 390 4097 609 4162; x_wconf 91' lang='lat' dir='ltr'>simulacrum</span> <span class='ocrx_word' id='word_1_330' title='bbox 632 4100 689 4175; x_wconf 89' lang='lat' dir='ltr'>sit,</span> <span class='ocrx_word' id='word_1_331' title='bbox 711 4101 767 4183; x_wconf 93' lang='lat' dir='ltr'>qui</span> <span class='ocrx_word' id='word_1_332' title='bbox 791 4100 902 4166; x_wconf 93' lang='lat' dir='ltr'>solum</span> <span class='ocrx_word' id='word_1_333' title='bbox 921 4104 1077 4168; x_wconf 85' lang='lat' dir='ltr'>exterius</span> <span class='ocrx_word' id='word_1_334' title='bbox 1100 4103 1207 4168; x_wconf 93' lang='lat' dir='ltr'>homo</span> <span class='ocrx_word' id='word_1_335' title='bbox 1228 4113 1293 4178; x_wconf 90' lang='lat' dir='ltr'>est,</span> <span class='ocrx_word' id='word_1_336' title='bbox 1314 4111 1350 4166; x_wconf 92' lang='lat' dir='ltr'>et</span> <span class='ocrx_word' id='word_1_337' title='bbox 1374 4121 1446 4165; x_wconf 91' lang='lat' dir='ltr'>non</span> 
     </span>
     <span class='ocr_line' id='line_1_37' title="bbox 311 4193 1444 4282; baseline 0.008 -27"><span class='ocrx_word' id='word_1_338' title='bbox 311 4193 480 4257; x_wconf 87' lang='lat' dir='ltr'>interius?</span> <span class='ocrx_word' id='word_1_339' title='bbox 525 4193 653 4277; x_wconf 86' lang='lat' dir='ltr'>Cogita</span> <span class='ocrx_word' id='word_1_340' title='bbox 677 4197 766 4261; x_wconf 90' lang='lat' dir='ltr'>sicut</span> <span class='ocrx_word' id='word_1_341' title='bbox 794 4195 944 4280; x_wconf 90' lang='lat' dir='ltr'>loqueris</span> <span class='ocrx_word' id='word_1_342' title='bbox 973 4219 1036 4282; x_wconf 92' lang='lat' dir='ltr'>pro</span> <span class='ocrx_word' id='word_1_343' title='bbox 1062 4199 1149 4276; x_wconf 90' lang='lat' dir='ltr'>Deo,</span> <span class='ocrx_word' id='word_1_344' title='bbox 1174 4220 1236 4281; x_wconf 91' lang='lat' dir='ltr'>pro</span> <span class='ocrx_word' id='word_1_345' title='bbox 1261 4199 1444 4282; x_wconf 85' lang='lat' dir='ltr'>religione,</span> 
     </span>
     <span class='ocr_line' id='line_1_38' title="bbox 312 4289 1445 4374; baseline 0.006 -22"><span class='ocrx_word' id='word_1_346' title='bbox 312 4310 441 4371; x_wconf 91' lang='lat' dir='ltr'>proque</span> <span class='ocrx_word' id='word_1_347' title='bbox 454 4289 589 4371; x_wconf 88' lang='lat' dir='ltr'>justitia</span> <span class='ocrx_word' id='word_1_348' title='bbox 606 4300 642 4355; x_wconf 95' lang='lat' dir='ltr'>et</span> <span class='ocrx_word' id='word_1_349' title='bbox 659 4293 872 4369; x_wconf 88' lang='lat' dir='ltr'>sinceritate,</span> <span class='ocrx_word' id='word_1_350' title='bbox 886 4303 922 4359; x_wconf 91' lang='lat' dir='ltr'>et</span> <span class='ocrx_word' id='word_1_351' title='bbox 939 4295 1006 4358; x_wconf 88' lang='lat' dir='ltr'>eris</span> <span class='ocrx_word' id='word_1_352' title='bbox 1022 4293 1148 4374; x_wconf 89' lang='lat' dir='ltr'>homo;</span> <span class='ocrx_word' id='word_1_353' title='bbox 1170 4306 1206 4359; x_wconf 90' lang='lat' dir='ltr'>et</span> <span class='ocrx_word' id='word_1_354' title='bbox 1223 4305 1305 4360; x_wconf 90' lang='lat' dir='ltr'>tunc</span> <span class='ocrx_word' id='word_1_355' title='bbox 1319 4295 1445 4359; x_wconf 86' lang='lat' dir='ltr'>Divina</span> 
     </span>
     <span class='ocr_line' id='line_1_39' title="bbox 312 4384 1444 4476; baseline 0.009 -30"><span class='ocrx_word' id='word_1_356' title='bbox 312 4384 532 4451; x_wconf 91' lang='lat' dir='ltr'>Providentia</span> <span class='ocrx_word' id='word_1_357' title='bbox 552 4387 616 4451; x_wconf 89' lang='lat' dir='ltr'>erit</span> <span class='ocrx_word' id='word_1_358' title='bbox 638 4389 821 4470; x_wconf 90' lang='lat' dir='ltr'>prudentia</span> <span class='ocrx_word' id='word_1_359' title='bbox 839 4398 910 4466; x_wconf 92' lang='lat' dir='ltr'>tua,</span> <span class='ocrx_word' id='word_1_360' title='bbox 930 4399 966 4455; x_wconf 93' lang='lat' dir='ltr'>et</span> <span class='ocrx_word' id='word_1_361' title='bbox 985 4389 1117 4454; x_wconf 89' lang='lat' dir='ltr'>videbis</span> <span class='ocrx_word' id='word_1_362' title='bbox 1136 4391 1226 4472; x_wconf 91' lang='lat' dir='ltr'>apud</span> <span class='ocrx_word' id='word_1_363' title='bbox 1245 4390 1332 4454; x_wconf 91' lang='lat' dir='ltr'>alios</span> <span class='ocrx_word' id='word_1_364' title='bbox 1351 4391 1444 4476; x_wconf 91' lang='lat' dir='ltr'>quod</span> 
     </span>
     <span class='ocr_line' id='line_1_40' title="bbox 310 4483 880 4564; baseline 0.012 -22"><span class='ocrx_word' id='word_1_365' title='bbox 310 4483 448 4562; x_wconf 90' lang='lat' dir='ltr'>propria</span> <span class='ocrx_word' id='word_1_366' title='bbox 471 4483 654 4564; x_wconf 90' lang='lat' dir='ltr'>prudentia</span> <span class='ocrx_word' id='word_1_367' title='bbox 673 4484 717 4547; x_wconf 92' lang='lat' dir='ltr'>sit</span> <span class='ocrx_word' id='word_1_368' title='bbox 738 4485 880 4549; x_wconf 91' lang='lat' dir='ltr'>insania.</span> 
     </span>
    </p>

    <p class='ocr_par' dir='ltr' id='par_1_3' title="bbox 305 4575 1446 4757">
     <span class='ocr_line' id='line_1_41' title="bbox 373 4575 1445 4664; baseline 0.001 -21"><span class='ocrx_word' id='word_1_369' title='bbox 373 4591 467 4658; x_wconf 73' lang='lat'>312.</span> <span class='ocrx_word' id='word_1_370' title='bbox 495 4576 558 4658; x_wconf 88' lang='lat' dir='ltr'>(ii.)</span> <span class='ocrx_word' id='word_1_371' title='bbox 587 4575 685 4654; x_wconf 80' lang='lat' dir='ltr'>Quod</span> <span class='ocrx_word' id='word_1_372' title='bbox 698 4577 794 4642; x_wconf 81' lang='lat' dir='ltr'>homo</span> <span class='ocrx_word' id='word_1_373' title='bbox 810 4600 854 4642; x_wconf 81' lang='lat' dir='ltr'>ex</span> <span class='ocrx_word' id='word_1_374' title='bbox 871 4579 1057 4660; x_wconf 81' lang='lat' dir='ltr'>prudentia</span> <span class='ocrx_word' id='word_1_375' title='bbox 1069 4581 1219 4663; x_wconf 78' lang='lat' dir='ltr'>propria</span> <span class='ocrx_word' id='word_1_376' title='bbox 1232 4581 1445 4664; x_wconf 78' lang='lat' dir='ltr'>persuadeat</span> 
     </span>
     <span class='ocr_line' id='line_1_42' title="bbox 305 4669 1446 4757; baseline 0.005 -23"><span class='ocrx_word' id='word_1_377' title='bbox 305 4669 386 4748; x_wconf 81' lang='lat' dir='ltr'>sibi,</span> <span class='ocrx_word' id='word_1_378' title='bbox 405 4680 438 4734; x_wconf 80' lang='lat' dir='ltr'>et</span> <span class='ocrx_word' id='word_1_379' title='bbox 459 4671 630 4756; x_wconf 80' lang='lat' dir='ltr'>confirmet</span> <span class='ocrx_word' id='word_1_380' title='bbox 644 4673 744 4754; x_wconf 78' lang='lat' dir='ltr'>apud</span> <span class='ocrx_word' id='word_1_381' title='bbox 756 4693 802 4752; x_wconf 80' lang='lat' dir='ltr'>se,</span> <span class='ocrx_word' id='word_1_382' title='bbox 819 4673 911 4757; x_wconf 85' lang='lat' dir='ltr'>quod</span> <span class='ocrx_word' id='word_1_383' title='bbox 921 4695 1015 4739; x_wconf 85' lang='lat' dir='ltr'>omne</span> <span class='ocrx_word' id='word_1_384' title='bbox 1031 4675 1150 4740; x_wconf 85' lang='lat' dir='ltr'>bonum</span> <span class='ocrx_word' id='word_1_385' title='bbox 1167 4688 1201 4741; x_wconf 84' lang='lat' dir='ltr'>et</span> <span class='ocrx_word' id='word_1_386' title='bbox 1218 4699 1334 4742; x_wconf 83' lang='lat' dir='ltr'>verum</span> <span class='ocrx_word' id='word_1_387' title='bbox 1352 4677 1400 4741; x_wconf 83' lang='lat' dir='ltr'>sit</span> <span class='ocrx_word' id='word_1_388' title='bbox 1422 4697 1446 4740; x_wconf 89' lang='lat' dir='ltr'>a</span> 
     </span>
    </p>
   </div>
   <div class='ocr_carea' id='block_1_3' title="bbox 0 0 1721 5370">
    <p class='ocr_par' dir='ltr' id='par_1_4' title="bbox 0 0 1721 5370">
     <span class='ocr_line' id='line_1_43' title="bbox 0 0 1721 5370; baseline 0 0"><span class='ocrx_word' id='word_1_389' title='bbox 0 0 1721 5370; x_wconf 95' lang='lat' dir='ltr'> </span> 
     </span>
    </p>
   </div>
  </div>
 </body>
</html>
