3426 5382
350 648 392 710 28
704 657 907 711 sansana
929 663 1127 716 nucamca

349 831 429 908 lem,
451 832 542 914 quod
559 829 598 895 fit
615 839 696 914 post
715 850 898 895 excessum
918 853 936 896 e
956 835 1096 914 mundo,
1112 846 1193 903 tunc
1212 838 1361 907 felicitas
1377 864 1482 928 supra

349 929 525 1010 descripta
544 948 581 991 se
600 928 795 991 successive
816 929 1024 994 manifestat.

411 1037 480 1109 42·
509 1023 571 1108 (v.)
605 1023 703 1101 Quod
720 1023 816 1087 horna
838 1045 901 1107 qua
918 1027 1065 1109 propias
1087 1030 1303 1114 carpiangitur
1323 1033 1478 1115 Domino,

346 1140 381 1182 ea
396 1120 590 1183 dastinliius
605 1129 771 1200 appareat
784 1119 854 1184 sibi
866 1121 951 1186 sicut
966 1123 1013 1186 sit
1031 1144 1124 1201 suus,
1143 1147 1183 1189 ac
1196 1127 1385 1194 evidentius
1399 1133 1477 1194 ani-

346 1217 539 1279 madvertat
553 1215 644 1297 quad
658 1215 705 1278 sit
722 1213 971 1280 Domai-Ex
991 1223 1195 1302 apparentia
1213 1235 1280 1299 est,
1297 1225 1389 1307 quod
1408 1247 1479 1310 quo

344 1313 485 1394 propius
504 1310 625 1395 aliquis
642 1307 844 1392 conjunctus
863 1323 917 1377 est
937 1313 1100 1391 Domin0‚
1121 1337 1163 1380 eo
1187 1319 1300 1382 minus
1318 1341 1399 1384 suus
1419 1323 1477 1386 sit.

345 1406 441 1470 Talis
465 1407 666 1489 apparentia
690 1417 744 1471 est
768 1408 857 1490 apud
881 1428 1002 1474 omnes
1021 1411 1145 1489 malos,
1165 1423 1201 1477 et
1224 1435 1360 1499 quoque
1384 1417 1477 1499 apud

343 1503 422 1565 illos
436 1505 491 1586 qui
509 1523 553 1565 ex
571 1502 738 1585 religione
752 1505 911 1579 credunt,
925 1507 1015 1589 quod
1033 1526 1101 1571 non
1119 1510 1189 1573 sint
1202 1511 1265 1573 sub
1278 1510 1362 1594 jugo
1375 1511 1476 1594 legis,

343 1609 378 1661 et
396 1599 487 1680 quod
502 1618 604 1662 nemo
616 1600 727 1680 possit
743 1598 854 1664 facere
868 1600 996 1664 bonum
1011 1622 1032 1665 a
1048 1623 1086 1667 se
1101 1625 1109 1682 ;
1134 1602 1168 1669 hi
1185 1617 1221 1668 et
1238 1605 1286 1668 illi
1300 1608 1391 1671 enim
1405 1628 1477 1672 non

343 1705 489 1777 possunt
512 1695 614 1758 aliter
637 1695 765 1770 videre,
790 1715 892 1778 quam
916 1698 1008 1779 quod
1032 1718 1101 1762 non
1125 1700 1229 1765 licere
1253 1703 1410 1784 cogitare
1438 1713 1476 1770 et

342 1791 433 1854 velle
458 1791 597 1865 malum,
618 1791 680 1855 sed
705 1791 926 1855 solummodo
945 1793 1085 1870 bonum,
1106 1815 1175 1858 non
1199 1797 1245 1860 sit
1268 1817 1348 1860 suus
1373 1819 1475 1879 esse;

342 1896 378 1948 et
408 1887 487 1971 quia
515 1887 565 1951 illi
595 1889 651 1968 qui
682 1883 857 1968 conjuncti
880 1899 962 1954 sunt
986 1888 1138 1955 Domino
1161 1911 1231 1955 non
1262 1892 1385 1957 volunt
1409 1914 1475 1960 nec

341 1993 487 2064 possunt
507 1983 663 2064 cogitare
687 1992 723 2046 et
747 1981 838 2046 velle
863 1983 1002 2060 malum,
1027 2007 1073 2050 ex
1095 1989 1299 2068 apparentia
1321 1991 1413 2070 apud
1436 2010 1476 2056 se

340 2078 566 2152 concludunt,
584 2077 676 2160 quod
693 2078 760 2142 hoc
777 2097 847 2141 non
864 2079 909 2143 sit
926 2100 1007 2144 suus
1023 2101 1119 2146 esse:
1145 2101 1222 2147 cum
1240 2092 1358 2148 tamen
1375 2104 1473 2166 pror·

340 2191 397 2237 sus
416 2174 626 2239 contrarium
646 2183 711 2238 est.

402 2287 474 2356 43·
502 2269 567 2335 Est
585 2271 729 2335 liberum
743 2270 909 2336 infernale
923 2282 959 2337 et
976 2283 1030 2338 est
1047 2272 1190 2338 liberum
1204 2274 1368 2340 caeleste.
1413 2275 1473 2342 Ex

339 2366 448 2431 libero
470 2366 627 2431 infernali
651 2375 704 2430 est
727 2367 883 2449 cogitare
906 2378 943 2432 et
967 2368 1057 2434 velle
1082 2370 1222 2447 malum,
1243 2381 1279 2436 et
1303 2383 1472 2454 quantum

338 2484 408 2527 non
427 2473 547 2528 arcent
565 2464 662 2547 leges
682 2463 800 2528 civiles
820 2474 856 2528 et
875 2465 1035 2540 morales,
1053 2467 1087 2529 id
1108 2465 1200 2549 loqui
1220 2478 1255 2532 et
1274 2467 1409 2546 facere;
1434 2477 1473 2534 at

337 2580 383 2622 ex
401 2559 509 2624 libero
525 2559 667 2624 caelesti
683 2569 737 2623 est
755 2560 910 2643 cogitare
927 2570 963 2624 et
982 2560 1073 2626 velle
1090 2562 1229 2637 bonum,
1248 2573 1284 2627 et
1302 2573 1471 2646 quantum

337 2655 439 2719 datur
459 2657 570 2739 copia,
590 2656 624 2718 id
645 2656 739 2739 loqui
758 2666 793 2721 et
812 2656 935 2720 facere.
981 2655 1099 2720 Homo
1116 2659 1275 2742 quicquid
1296 2679 1342 2722 ex
1361 2657 1471 2722 libero

337 2751 485 2831 cogitat,
506 2751 592 2826 vult,
613 2749 761 2833 loquitur
791 2761 827 2815 et
858 2750 952 2826 facit,
972 2750 1038 2816 hoc
1069 2754 1215 2837 percipit
1238 2754 1325 2817 sicut
1350 2773 1469 2833 suum;

338 2865 417 2908 nam
434 2867 536 2911 omne
553 2845 697 2911 liberum
715 2857 768 2910 est
789 2847 895 2910 cuivis
914 2868 960 2910 ex
980 2867 1096 2911 amore
1113 2847 1205 2931 ejus;
1230 2870 1335 2933 quare
1354 2851 1411 2933 qui
1434 2850 1468 2912 in

336 2962 453 3007 amore
477 2942 559 3008 mali
581 2952 675 3015 sunt,
696 2962 765 3006 non
790 2943 981 3026 percipiunt
1005 2942 1118 3018 aliter,
1139 2963 1241 3028 quam
1264 2945 1357 3027 quod
1381 2945 1467 3009 libe·

335 3059 410 3102 rum
432 3038 597 3104 infernale
631 3040 677 3104 sit
700 3040 812 3122 ipsum
836 3038 992 3116 liberum,
1017 3051 1054 3104 at
1088 3041 1144 3122 qui
1179 3041 1212 3102 in
1244 3061 1362 3105 amore
1387 3041 1468 3105 boni

335 3141 427 3209 sunt,
456 3133 651 3216 percipiunt
680 3131 772 3216 quod
803 3131 947 3195 liberum
971 3131 1124 3196 caeleste
1160 3131 1205 3196 sit
1236 3133 1346 3215 ipsum
1381 3131 1466 3198 libe·

334 3246 420 3304 rum,
453 3239 708 3313 consequenter
739 3227 831 3310 quod
855 3228 1052 3310 oppositum
1082 3228 1128 3291 sit
1159 3246 1296 3290 servum
1320 3229 1467 3311 utrique.

335 3320 405 3388 Sed
429 3345 535 3407 usque
559 3345 628 3388 non
660 3326 704 3389 ab
734 3322 849 3407 aliquo
872 3323 992 3405 negari
1016 3332 1146 3406 potest,
1171 3323 1251 3405 quin
1277 3343 1380 3386 unum
1405 3333 1464 3389 aut

334 3418 480 3484 alterum
514 3420 558 3484 sit
593 3419 749 3493 liberum,
784 3439 854 3482 non
892 3419 982 3482 enim
1014 3427 1159 3499 possunt
1189 3417 1259 3480 duo
1293 3416 1400 3482 libera
1430 3419 1465 3482 in

333 3533 371 3578 se
394 3515 556 3597 opposita
579 3515 612 3578 in
645 3536 682 3578 se
706 3514 814 3578 libera
837 3534 925 3577 esse.
972 3512 1117 3597 insuper
1141 3532 1210 3575 non
1235 3514 1354 3595 negari
1384 3524 1465 3595 pot·

333 3621 399 3684 est,
424 3611 504 3692 quin
531 3609 609 3673 duci
642 3631 662 3672 a
692 3609 785 3674 bono
815 3610 861 3673 sit
891 3608 1048 3683 liberum,
1073 3618 1109 3671 et
1141 3608 1219 3672 duci
1252 3628 1272 3670 a
1301 3607 1394 3672 malo
1421 3609 1466 3672 sit

333 3725 492 3784 servum;
530 3724 610 3769 nam
641 3705 719 3769 duci
751 3726 772 3769 a
794 3707 889 3769 bono
922 3715 977 3770 est
1014 3724 1036 3768 a
1070 3702 1234 3780 Domino,
1265 3712 1301 3767 et
1337 3703 1414 3766 duci
1444 3724 1465 3768 a

334 3800 426 3864 malo
445 3810 499 3866 est
522 3822 543 3865 a
565 3800 716 3866 diabolo.
762 3801 862 3865 Nunc
886 3802 965 3885 quia
983 3817 1086 3864 omne
1109 3799 1143 3862 id
1167 3808 1313 3882 apparet
1332 3796 1464 3862 homini

333 3906 370 3959 ut
395 3917 504 3972 suum,
524 3897 617 3981 quod
641 3918 686 3961 ex
711 3895 820 3960 libero
838 3897 932 3971 facit,
951 3895 1017 3960 hoc
1037 3895 1129 3958 enim
1153 3905 1208 3958 est
1231 3893 1358 3958 amoris
1378 3891 1462 3975 ejus,

332 4013 378 4055 ex
401 4013 518 4057 amore
542 4014 604 4056 suo
628 3992 739 4056 facere
763 4003 817 4057 est
841 4013 885 4056 ex
911 3991 1030 4067 libero,
1055 3999 1092 4054 ut
1116 4009 1218 4074 supra
1242 3984 1462 4064 dictumest,

332 4090 485 4170 sequitur
502 4090 593 4173 quod
611 4084 808 4169 conjunctio
824 4107 901 4152 cum
919 4086 1071 4150 Domino
1087 4084 1202 4160 faciat,
1221 4092 1259 4148 ut
1274 4083 1381 4147 homo
1396 4081 1462 4146 sibi

332 4198 497 4269 appareat
514 4187 600 4252 liber
619 4196 655 4252 et
673 4187 753 4251 inde
770 4207 870 4265 suus;
898 4196 934 4250 et
953 4206 1020 4269 quo
1037 4184 1176 4266 propior
1193 4177 1389 4263 conjunctio
1405 4188 1463 4246 est

331 4302 409 4347 cum
435 4281 597 4360 Domino,
618 4303 660 4347 eo
683 4281 833 4359 liberior,
857 4290 893 4347 et
923 4281 1004 4345 inde
1027 4279 1104 4362 plus
1128 4299 1217 4342 suus.
1264 4272 1368 4359 Quod
1387 4275 1461 4338 dis·

331 4378 468 4443 tinliias
496 4389 665 4462 appareat
689 4379 752 4443 sibi
782 4379 871 4442 sicut
900 4398 991 4453 suus,
1012 4373 1159 4459 estquia
1178 4372 1324 4437 Divinus
1348 4369 1462 4434 Amor

332 4473 413 4538 talis
434 4485 500 4551 est,
515 4485 553 4540 ut
572 4475 665 4558 quod
682 4494 780 4538 suum
800 4483 855 4539 est
871 4472 956 4538 velit
975 4491 1052 4537 esse
1070 4469 1223 4545 alterius,
1240 4467 1291 4532 ita
1310 4463 1462 4530 hominis

330 4580 367 4634 et
387 4570 524 4653 angeli;
549 4572 660 4635 omnis
680 4590 777 4633 amor
796 4568 982 4653 spiritualis
1001 4577 1055 4632 est
1079 4565 1170 4642 talis,
1191 4563 1343 4628 maxime
1363 4557 1460 4625 Divi·

331 4687 394 4729 nus
412 4665 541 4730 Amor:
568 4677 602 4730 et
623 4675 804 4750 praeterea
818 4666 987 4730 Dominus
1002 4681 1168 4748 nusquam
1185 4660 1281 4744 cogit
1297 4657 1458 4742 aliquem
