3448 5374
321 681 359 746 16
669 690 873 744 sacramus
896 689 1093 741 nucsnrca

318 865 459 930 Amoris
478 876 514 930 et
535 863 732 949 Sapientiae
751 863 786 928 in
804 863 977 939 Domino;
1007 863 1136 926 bonum
1156 861 1246 925 enim
1270 871 1324 925 est
1346 878 1445 950 amoq

317 962 374 1038 ris,
394 972 430 1026 et
449 980 567 1026 verum
591 971 644 1026 est
669 961 870 1045 sapientiae.
915 959 972 1022 Ex
995 957 1049 1021 his
1072 957 1180 1022 videri
1202 965 1333 1041 potest,
1351 953 1445 1039 quod

319 1058 465 1122 Divinae
484 1056 725 1122 Providentiae
741 1052 912 1139 objectum
930 1063 1131 1138 perpetuum
1147 1053 1204 1130 sit,
1222 1053 1312 1136 apud
1332 1050 1447 1116 homi·

318 1173 397 1217 nem
427 1154 522 1217 unire
553 1153 682 1217 bonum
705 1173 788 1217 vero
811 1171 851 1216 ac
876 1169 992 1215 verum
1020 1150 1124 1226 bono,
1148 1149 1197 1214 sic
1219 1149 1311 1213 enim
1338 1147 1447 1214 homo

317 1249 433 1313 unitur
452 1248 612 1313 Domino.
725 1295 727 1299 -

382 1359 446 1410 n.
477 1342 545 1408 Sed
575 1344 654 1428 quia
684 1342 784 1408 multi
811 1349 975 1425 ruperunt
1003 1351 1038 1405 et
1068 1349 1232 1422 rumpunt
1262 1339 1328 1404 hoc
1360 1359 1446 1403 con·

315 1438 457 1522 jugium,
475 1440 639 1522 imprimis
656 1459 716 1521 per
731 1439 986 1522 separationem
1003 1435 1082 1499 fidei
1101 1457 1122 1498 a
1137 1434 1445 1512 charitate,-nam

317 1533 403 1598 fides
422 1546 477 1600 est
501 1536 572 1600 veri
595 1555 634 1599 ac
659 1555 774 1598 verum
800 1544 854 1598 est
877 1531 966 1608 fidei,
986 1551 1026 1596 ac
1051 1532 1202 1595 charitas
1225 1541 1280 1594 est
1304 1530 1385 1595 boni
1408 1538 1447 1596 et

317 1630 446 1694 bonum
479 1642 533 1695 est
567 1630 839 1706 charitatis-et
873 1648 933 1710 per
965 1627 999 1690 id
1036 1625 1250 1709 conjungunt
1284 1627 1373 1709 apud
1407 1646 1447 1692 se

318 1726 446 1790 malum
474 1736 510 1790 et
537 1727 672 1802 salsum,
695 1737 730 1789 et
759 1725 806 1788 sic
835 1723 986 1806 oppositi
1012 1719 1092 1786 faeti
1120 1732 1199 1786 sunt
1227 1731 1263 1787 et
1290 1720 1387 1798 fiunt,
1407 1731 1445 1786 ut

319 1829 437 1886 tamen
461 1821 496 1884 hi
520 1842 627 1905 usque
651 1821 837 1884 inserviant
863 1839 924 1903 pro
948 1815 1190 1900 conjunctione
1213 1818 1295 1881 boni
1318 1828 1353 1882 et
1373 1817 1447 1883 veri

318 1918 409 2000 apud
440 1917 538 1994 alios,
564 1918 765 2000 providetur
794 1938 815 1980 a
845 1915 996 1979 Domino
1025 1933 1086 1996 per
1113 1913 1361 1998 aequilibrium,
1385 1932 1448 1997 per

318 2013 535 2089 relationem,
556 2023 592 2077 et
616 2034 677 2095 per
695 2011 977 2096 purificationem.

381 2125 451 2194 23.
480 2108 516 2173 A
547 2110 697 2173 Domino
731 2107 931 2191 providetur
964 2102 1160 2188 conjunttio
1193 2104 1275 2169 boni
1308 2115 1344 2168 et
1374 2102 1447 2170 veri

319 2206 409 2290 apud
426 2205 513 2269 alios
532 2225 593 2287 per
607 2203 855 2287 Aequilibrium
874 2204 964 2267 inter
983 2201 1117 2266 caelum
1135 2210 1171 2264 et
1186 2200 1374 2279 infernum;
1399 2221 1447 2266 ex

318 2300 451 2366 inferno
474 2301 564 2364 enim
588 2301 749 2363 continue
773 2297 958 2362 exhalatur
977 2297 1104 2361 malum
1128 2305 1164 2360 et
1188 2295 1287 2359 simul
1310 2294 1445 2374 falsum,

318 2417 365 2461 ex
401 2396 500 2460 caelo
536 2405 653 2459 autem
690 2394 854 2458 continue
888 2392 1073 2457 exhalatur
1110 2391 1239 2456 bonum
1274 2389 1448 2458 et'simul

318 2511 446 2556 verum.
493 2492 533 2555 ln
551 2490 617 2555 hoc
637 2489 839 2574 aequilibrio
858 2498 996 2554 tenetur
1018 2489 1131 2552 omnis
1151 2486 1267 2564 homo,
1285 2488 1448 2571 quamdiu

318 2587 352 2652 in
378 2587 507 2652 mundo
527 2587 624 2662 vivit,
641 2594 676 2650 et
701 2605 760 2668 per
782 2585 817 2648 id
841 2585 875 2648 in
899 2585 1062 2649 libertate
1086 2584 1276 2666 cogitandi,
1294 2582 1446 2662 volendi,

319 2683 482 2768 loquendi
512 2693 548 2749 et
574 2683 733 2759 faciendi,
758 2683 792 2746 in
816 2703 883 2766 qua
906 2691 1025 2765 potest
1048 2679 1233 2745 reformari.
1281 2678 1350 2762 (De
1380 2678 1447 2744 hoc

319 2779 520 2863 aequilibrio
544 2777 725 2861 spirituali,
746 2799 790 2842 ex
810 2799 878 2862 quo
897 2776 1041 2842 liberum
1065 2776 1195 2840 homini
1214 2784 1269 2840 est
1288 2775 1449 2840 videatur

318 2875 352 2939 in
373 2896 478 2958 opera
496 2874 548 2938 De
566 2873 665 2939 Caelo
682 2884 715 2937 et
733 2875 879 2956 Inferna,
898 2896 930 2938 n.
950 2877 1105 2958 589-596‚
1123 2887 1159 2941 et
1180 2897 1211 2940 n.
1232 2878 1403 2962 597—603).

382 2985 451 3055 24.
481 2971 515 3035 A
551 2970 703 3034 Domino
735 2972 934 3055 providetur
968 2969 1165 3054 conjunctio
1198 2972 1281 3037 boni
1310 2985 1346 3039 et
1376 2974 1449 3040 veri

318 3089 380 3152 per
394 3065 626 3130 Relatrhnem:
657 3067 786 3130 bonum
810 3068 900 3130 enim
924 3089 993 3131 non
1017 3071 1240 3152 cognoscitur
1258 3070 1359 3153 quale
1379 3080 1447 3148 est,

319 3163 382 3227 nisi
398 3183 459 3244 per
474 3162 681 3227 relationem
703 3162 746 3224 ad
770 3163 881 3226 minus
902 3162 1043 3240 bonum,
1061 3174 1097 3229 et
1113 3185 1174 3248 per
1189 3167 1448 3249 oppositionem

318 3280 339 3323 a
356 3259 457 3323 malo.
503 3256 617 3322 Omne
641 3259 878 3342 perceptivum
901 3269 937 3324 et
961 3261 1165 3325 sensitivum
1184 3262 1265 3326 inde
1284 3272 1350 3336 est,
1368 3263 1448 3345 quia

318 3355 419 3439 quale
442 3375 560 3420 eorum
585 3355 663 3419 inde
687 3364 760 3418 est:
793 3355 842 3418 ita
865 3375 1013 3438 namque
1037 3376 1138 3420 omne
1158 3357 1345 3440 jucundum
1369 3379 1446 3441 per·

318 3453 445 3534 cipitur
465 3459 502 3514 et
526 3451 675 3514 sentitur
693 3470 739 3513 ex
756 3451 867 3513 minus
886 3449 1048 3532 jucundo,
1066 3461 1103 3516 et
1128 3474 1188 3536 per
1209 3451 1445 3535 injucundum;

318 3567 421 3611 omne
448 3547 628 3631 pulchrum
659 3568 704 3611 ex
736 3548 847 3612 minus
871 3549 1027 3633 pulchro,
1048 3559 1083 3615 et
1114 3569 1176 3632 per
1204 3549 1446 3631 impulchrum,

319 3643 477 3706 similiter
500 3662 603 3707 omne
626 3643 755 3707 bonum
778 3645 870 3727 quod
894 3655 948 3710 est
972 3647 1098 3710 amoris
1127 3665 1173 3710 ex
1204 3647 1317 3709 minus
1340 3646 1446 3721 bono,

319 3751 354 3805 et
379 3762 439 3824 per
463 3740 602 3815 malum,
628 3751 664 3805 et
692 3761 795 3806 omne
826 3764 944 3809 verum
975 3745 1066 3828 quod
1097 3755 1151 3808 est
1182 3745 1374 3828 sapientiae
1400 3764 1447 3808 ex

319 3837 431 3900 minus
458 3856 541 3900 vero
571 3845 607 3901 et
635 3857 696 3920 per
724 3836 858 3903 salsum.
905 3840 981 3904 Erit
1011 3841 1141 3904 varium
1169 3841 1202 3903 in
1233 3841 1327 3904 omni
1356 3860 1392 3904 re
1425 3847 1455 3903 a'

319 3933 473 3995 maximo
496 3933 539 3996 ad
564 3933 742 3997 minimum
766 3935 849 4016 ejus,
875 3945 911 4000 et
935 3956 1012 4000 cum
1035 3937 1166 4000 varium
1190 3937 1296 4000 etiam
1327 3946 1381 3999 est
1411 3934 1454 4023 in¹

318 4029 481 4111 opposito
522 4028 593 4111 ejus
629 4051 649 4093 a
685 4031 827 4095 minimo
860 4033 904 4097 ad
940 4033 1143 4108 maximum,
1177 4052 1217 4095 ac
1259 4031 1447 4096 intercedit

318 4124 567 4207 aequilibrium,
592 4136 675 4190 tunc
708 4129 897 4191 secundum
921 4130 1048 4210 gradus
1072 4129 1231 4211 utrinque
1261 4125 1301 4191 fit
1327 4125 1447 4191 relati·

317 4242 417 4302 vum;
445 4241 485 4286 ac
504 4224 553 4287 rei
570 4224 747 4307 perceptio
767 4235 803 4288 et
823 4227 976 4289 sensatio
995 4223 1050 4290 vel
1069 4225 1192 4288 crescit
1213 4222 1269 4288 vel
1288 4222 1447 4286 diminui·

318 4327 383 4382 tur.
428 4318 480 4383 At
499 4320 679 4384 sciendum
703 4331 768 4396 est,
785 4323 877 4405 quod
901 4322 1098 4406 oppositum
1118 4319 1233 4396 tollat,
1254 4330 1290 4384 et
1311 4339 1447 4402 quoque

318 4414 456 4479 exaltet
478 4417 720 4500 perceptiones
744 4426 780 4481 et
803 4419 1042 4482 sensationes:
1066 4415 1161 4482 tollit
1184 4436 1262 4481 cum
1289 4435 1326 4478 se
1350 4433 1445 4479 eom·

319 4511 453 4588 miscet,
474 4521 509 4576 et
533 4513 672 4577 exaltat
689 4531 766 4577 cum
790 4535 826 4579 se
850 4535 918 4578 non
943 4513 1159 4589 commiscet,
1177 4512 1223 4577 ob
1246 4531 1349 4595 quam
1372 4527 1446 4575 rem

319 4605 488 4671 Dominus
508 4610 680 4691 exquisite
698 4619 837 4692 separat
854 4609 982 4674 bonum
1003 4619 1039 4675 et
1058 4609 1198 4684 malum,
1216 4629 1260 4672 ne
1283 4606 1446 4671 commis·

318 4711 473 4779 ceantur,
494 4704 584 4785 apud
601 4704 787 4780 hominem,
807 4706 895 4769 sicut
912 4716 1050 4790 separat
1067 4705 1201 4770 caelum
1214 4713 1250 4770 et
1265 4703 1445 4768 infernum.
