3344 5402
448 683 500 735 DE
522 681 659 734 DIVINO
681 682 828 746 AMORE,
848 682 942 734 PARS
965 682 988 733 1.
1008 681 1069 732 -N.
1085 683 1137 750 72.
1314 681 1357 752 ᾖ

225 856 352 920 dicitur
378 854 470 938 quod
501 855 663 918 Divinum
693 853 836 938 impleat
864 855 989 937 spatia,
1017 865 1088 918 non
1121 854 1234 918 sciunt
1264 853 1357 917 enim
1388 861 1390 866 '

227 953 309 1036 quid
339 953 472 1035 spatia;
507 952 568 1016 sed
591 952 682 1035 quod
713 951 805 1015 clare
832 952 1131 1034 comprehendant
1161 969 1250 1026 cum,
1276 951 1356 1035 abs·

227 1073 294 1134 que
329 1050 407 1114 idea
443 1049 543 1113 ullius
580 1050 693 1132 spatii,
712 1049 853 1117 ‚dicitur
886 1049 977 1133 quod
1014 1048 1176 1113 Divinum
1212 1048 1357 1130 impleat

228 1149 356 1212 omnia.

293 1257 358 1326 71.
388 1241 439 1308 Ut
458 1252 580 1325 pateat
599 1244 690 1326 quod
711 1264 804 1308 mere
823 1243 989 1308 naturalis
1009 1242 1114 1306 homo
1133 1241 1177 1305 de
1196 1242 1356 1323 spiritua·

228 1339 318 1403 libus
348 1350 384 1403 et
415 1339 549 1403 Divinis
576 1342 709 1424 cogitet
743 1361 790 1405 ex
820 1341 944 1423 spatio,
968 1349 1004 1404 et
1035 1338 1222 1422 spiritualis
1251 1337 1358 1403 homo

228 1437 359 1520 absque
382 1438 507 1518 spatio,
528 1438 573 1500 sit
596 1436 661 1501 hoc
684 1437 918 1503 illustrationi.
963 1437 1080 1501 Homo
1104 1457 1197 1500 mere
1217 1447 1357 1500 natura-

228 1533 271 1597 lis
286 1535 420 1617 cogitat
437 1553 497 1616 per
513 1535 607 1597 ideas
624 1555 708 1617 quas
725 1535 788 1598 sibi
804 1536 1019 1617 comparavit
1035 1556 1080 1598 ex
1097 1530 1240 1616 objectis
1252 1536 1356 1610 visus,

228 1632 264 1694 in
294 1632 415 1714 quibus
438 1633 596 1695 omnibus
620 1641 674 1696 est
703 1632 812 1714 figura
831 1632 975 1696 trahens
1004 1653 1049 1695 ex
1078 1632 1197 1714 longo,
1218 1631 1293 1696 lato
1322 1642 1358 1696 et

227 1729 314 1806 alto,
335 1739 371 1792 et
391 1750 437 1792 ex
455 1729 564 1793 forma
583 1751 643 1813 per
662 1729 723 1794 illa
741 1731 939 1806 terminata,
958 1750 1045 1812 quae
1063 1729 1119 1793 vel
1138 1739 1193 1794 est
1213 1729 1358 1812 angula·

229 1828 275 1890 ris
293 1825 349 1890 vel
366 1826 549 1890 circularis.
597 1826 694 1891 Haec
709 1827 891 1891 manifeste
904 1827 1020 1891 insunt
1036 1827 1122 1891 ideis
1135 1829 1360 1909 cogitationis

229 1924 302 2006 ejus
321 1925 364 1987 de
382 1923 572 1988 visibilibus
595 1926 630 1987 in
650 1924 786 2000 tellure,
807 1935 843 1989 et
866 1945 1002 2008 quoque
1021 1926 1138 1988 insunt
1157 1926 1243 1989 ideis
1262 1927 1358 2008 cogi-

230 2022 374 2085 tationis
393 2020 464 2102 ejus
484 2020 527 2084 de
547 2041 616 2084 non
636 2022 826 2086 visibilibus
850 2031 888 2087 ut
912 2023 955 2086 de
979 2021 1136 2086 civilibus
1159 2033 1195 2087 et
1219 2022 1358 2086 morali·

228 2119 303 2182 bus.
346 2117 444 2182 Haec
453 2119 591 2201 quidem
605 2139 674 2183 non
689 2119 794 2194 videt,
808 2119 869 2183 sed
882 2140 990 2204 usque
1000 2121 1118 2183 insunt
1132 2130 1169 2183 ut
1183 2123 1359 2185 continua.

229 2215 346 2280 Aliter
362 2215 467 2280 homo
484 2216 682 2297 spiritualis,
699 2217 864 2299 imprimis
880 2216 1027 2300 angelus
1044 2217 1150 2281 caeli:
1175 2217 1245 2300 ejus
1262 2219 1359 2301 cogi·

227 2315 319 2378 tatio
332 2313 416 2377 nihil
429 2333 611 2378 commune
623 2313 731 2378 habet
744 2335 821 2378 cum
835 2313 942 2397 figura
955 2325 991 2378 et
1002 2314 1113 2379 forma
1124 2315 1285 2380 trahente
1295 2317 1357 2380 ali·

227 2412 311 2496 quid
328 2431 374 2474 ex
394 2411 511 2494 longo,
526 2412 600 2477 lato
616 2422 652 2477 et
670 2413 745 2477 alto
757 2414 870 2496 spatii,
886 2412 946 2476 sed
963 2433 1008 2476 ex
1025 2423 1121 2476 statu
1134 2415 1183 2476 rei
1200 2433 1246 2477 ex
1262 2424 1357 2479 statu

229 2512 324 2574 vitae
343 2529 351 2587 ;
379 2509 460 2573 inde
483 2530 545 2592 pro
568 2508 675 2592 longo
698 2512 801 2592 spatii
821 2511 956 2593 cogitat
972 2510 1101 2574 bonum
1125 2512 1173 2575 rei
1196 2531 1242 2574 ex
1265 2512 1358 2577 bono

229 2609 335 2682 vitae,
355 2627 417 2688 pro
436 2606 511 2669 lato
529 2608 632 2688 spatii
651 2627 770 2672 verum
789 2610 835 2672 rei
855 2629 901 2672 ex
920 2628 1003 2671 vero
1021 2609 1125 2684 vitae,
1147 2619 1182 2672 et
1202 2629 1264 2691 pro
1283 2609 1358 2675 alto

229 2705 357 2786 gradus
376 2721 518 2782 eorum;
549 2705 600 2767 ita
622 2706 757 2787 cogitat
782 2726 826 2769 ex
850 2707 1171 2788 correspondentia,
1193 2728 1280 2791 quae
1303 2717 1359 2773 est

229 2800 456 2884 spiritualium
477 2809 514 2865 et
532 2801 737 2864 naturalium
755 2803 845 2866 inter
860 2823 918 2882 se;
942 2818 988 2866 ex
1005 2824 1072 2887 qua
1084 2805 1358 2888 corresponden-

230 2900 282 2962 tia
303 2907 368 2974 est,
389 2898 482 2980 quod
504 2897 742 2981 “longitudo’'
761 2901 795 2963 in
818 2899 937 2964 Verbo
956 2901 1128 2983 significet
1148 2901 1277 2966 bonum
1295 2903 1356 2980 rei,

230 2995 433 3060 “latitudo’'
455 3015 574 3060 verum
602 2997 660 3072 rei,
686 3007 722 3062 et
748 2996 951 3063 “altitudo''
974 2999 1102 3081 gradus
1125 3019 1254 3063 eorum.
1300 2999 1358 3065 Ex

228 3093 283 3158 his
312 3103 423 3177 patet,
448 3094 540 3177 quod
563 3095 708 3177 angelus
732 3095 819 3161 caeli
843 3116 1057 3180 nequaquam
1081 3096 1180 3161 aliter
1203 3097 1359 3180 cogitare

228 3193 339 3275 possit
350 3209 427 3254 curn
444 3191 488 3255 de
504 3189 807 3275 Omnipraesentia
824 3193 960 3269 Divina,
971 3213 1073 3276 quam
1086 3194 1177 3276 quod
1195 3193 1358 3259 Divinum

228 3288 374 3370 impleat
393 3290 511 3352 omnia
533 3290 663 3373 absque
682 3292 806 3372 spatio.
853 3288 955 3372 Quod
985 3289 1130 3373 angelus
1153 3292 1300 3373 cogitat,
1324 3291 1358 3355 id

228 3396 285 3450 est
315 3406 445 3464 verum,
469 3389 548 3470 quia
577 3387 649 3464 lux,
669 3409 756 3473 quae
775 3388 946 3453 illuminat
966 3387 1037 3472 ejus
1055 3385 1284 3466 intelletum,
1304 3399 1359 3455 est

228 3483 357 3548 Divina
375 3483 564 3568 Sapientia.

293 3596 358 3664 72·
390 3582 487 3646 Haec
510 3582 780 3647 fundamentalis
803 3584 975 3667 cogitatio
998 3583 1041 3648 de
1065 3583 1142 3648 Deo
1166 3593 1240 3663 est;
1275 3603 1356 3651 nam

228 3681 360 3764 absque
376 3680 436 3743 illa
451 3690 597 3762 possunt
611 3683 749 3764 quidem
765 3681 834 3756 illa,
848 3703 935 3765 quae
948 3682 1107 3746 dicentur
1122 3681 1165 3746 de
1182 3683 1357 3749 creatione

229 3778 378 3843 universi
401 3799 421 3841 a
445 3779 521 3843 Deo
546 3778 708 3855 Homine,
732 3781 776 3842 de
799 3779 910 3862 Ipsius
934 3779 1165 3855 Providentia,
1187 3777 1355 3864 Omnipo-

229 3878 353 3952 tentia,
366 3874 668 3960 Omnipraesentia
684 3885 720 3940 et
737 3873 987 3953 Omniscentia,
1001 3877 1160 3959 intelligi,
1176 3877 1237 3941 sed
1250 3898 1357 3962 usque

229 3994 300 4039 non
316 3975 475 4054 retineri;
499 3977 661 4057 quoniam
678 3993 771 4038 mere
784 3974 950 4039 naturalis
962 3973 1079 4051 homo,
1093 3975 1174 4038 dum
1191 3974 1357 4059 intelligit

229 4071 300 4147 illa,
321 4093 427 4155 usque
447 4072 612 4136 relabitur
629 4073 663 4135 in
682 4092 836 4136 amorem
856 4093 938 4137 suae
956 4073 1061 4148 vitae,
1082 4073 1140 4156 qui
1159 4081 1215 4136 est
1233 4072 1357 4137 volun·

229 4172 315 4234 tatis
335 4169 426 4251 ejus;
458 4179 495 4235 et
518 4169 572 4234 hic
592 4169 738 4252 dissipat
757 4169 826 4246 illa,
847 4190 885 4234 ac
910 4171 1162 4252 cogitationem
1182 4171 1357 4254 immergit

230 4269 355 4351 spatio,
375 4269 410 4333 in
433 4288 501 4352 quo
524 4277 579 4333 est
603 4267 719 4333 lumen
742 4267 814 4350 ejus
833 4265 924 4350 quo'd
943 4276 1048 4332 vocat
1066 4267 1258 4346 rationale3
1285 4287 1356 4332 non

230 4367 355 4444 sciens,
376 4367 468 4450 quod
491 4374 659 4450 quantum
684 4375 792 4450 negat
815 4365 886 4442 illa,
907 4375 1044 4429 tantum
1068 4365 1277 4429 irrationalis
1300 4366 1357 4430 sit.

230 4462 335 4546 Quod
358 4466 408 4529 ita
430 4465 488 4540 sit,
513 4475 633 4547 potest
657 4463 850 4529 confirmari
872 4485 933 4547 per
955 4464 1069 4527 ideam
1096 4464 1140 4529 de
1170 4463 1236 4528 hoc
1260 4484 1354 4540 vero,

230 4562 335 4646 Quod
353 4563 447 4628 Deus
462 4565 508 4629 sit
526 4561 654 4628 Homo.
700 4561 797 4644 Lege
810 4583 939 4645 quaeso
952 4580 1030 4625 cum
1046 4563 1253 4638 attentione,
1267 4581 1356 4647 quae

224 4682 345 4745 supra,
366 4682 398 4728 n.
422 4678 533 4744 11-13,
551 4672 587 4727 et
606 4682 695 4745 quae
710 4671 835 4745 postea
850 4662 980 4743 scripta
998 4670 1100 4740 sunt;
1124 4670 1208 4727 tunc
1223 4659 1355 4726 intelli*
