3422 5380
514 585 564 636 ns
590 582 726 634 mvmn
749 575 1099 631 enovman‘rln-n
1119 579 1187 643 313.
1347 559 1404 622 261

281 739 332 826 'ut
355 759 501 842 primum
521 756 706 827 sciverunt,
726 750 817 836 quod
841 749 925 814 alius
948 759 1040 815 esset
1063 749 1118 833 qui
1141 745 1257 813 intulit
1276 747 1408 828 cogita·

293 857 408 922 tiones
423 865 460 918 et
479 848 677 916 affectiones
693 848 780 924 illas,
798 847 967 928 indignati
985 855 1076 922 sunt,
1093 855 1128 910 et
1147 865 1183 908 se
1202 853 1408 920 averterunt,

288 959 529 1034 ,agnoscentes
557 958 674 1010 tamen
704 944 796 1028 quod
826 943 958 1006 distans
987 961 1056 1006 non
1084 950 1248 1024 appareat
1276 940 1310 1003 in
1337 939 1411 1003 visu

293 1047 432 1112 interno
451 1066 512 1109 seu
531 1041 757 1125 cogitatione,
778 1039 842 1102 nisi
860 1039 1053 1118 detegatur,
1073 1039 1159 1100 sicut
1179 1037 1212 1098 in
1232 1037 1305 1098 visu
1321 1032 1410 1096 mex·

294 1151 396 1208 terno
415 1163 475 1206 seu
494 1139 607 1214 oculo,
629 1147 665 1202 et
688 1136 778 1220 quod
797 1135 876 1199 inde
895 1134 1056 1198 credatur
1072 1131 1163 1216 quod
1181 1131 1308 1194 influat.
1354 1133 1411 1193 [4.]

295 1238 385 1304 Huic
409 1236 649 1320 experientiae
672 1231 898 1297 cottidianam
922 1248 1034 1294 meam
1055 1221 1222 1310 adjiciam.
1266 1224 1411 1307 Spiritus

295 1334 377 1400 mali
407 1334 542 1416 saepius
575 1332 609 1395 in
643 1347 755 1394 meam
778 1328 1030 1410 cogitationem
1052 1323 1240 1407 injecerunt
1262 1319 1353 1385 mala
1375 1325 1412 1380 et

294 1430 392 1505 salsa,
418 1449 505 1512 quae
527 1424 619 1510 apud
650 1443 705 1490 me
735 1432 963 1508 apparuerunt
986 1423 1075 1488 sicut
1101 1423 1135 1485 in
1161 1439 1216 1484 me
1242 1427 1277 1482 et
1307 1437 1327 1479 a
1358 1434 1412 1478 me

294 1535 426 1602 essent,
447 1545 508 1588 seu
530 1523 622 1608 quod
642 1523 715 1603 ipse
734 1523 924 1602 cogitarem
942 1518 1023 1598 illa;
1045 1517 1107 1584 sed
1125 1518 1204 1600 quia
1225 1514 1302 1579 novi
1321 1509 1412 1596 quod

295 1621 389 1687 mala
411 1629 448 1685 et
470 1619 558 1683 salsa
580 1628 711 1692 essent,
732 1617 887 1700 inquisivi
910 1616 1048 1699 quinam
1070 1614 1130 1678 illa
1151 1611 1348 1694 injecerunt,
1372 1625 1411 1670 ac

295 1714 427 1782 detecti
446 1725 482 1781 et
502 1711 616 1778 abacti
635 1723 738 1792 sunt;
761 1724 797 1777 et
816 1722 914 1776 erant
933 1713 968 1775 in
986 1711 1112 1776 eximia
1129 1729 1149 1772 a
1168 1728 1222 1772 me
1240 1703 1413 1770 distantia.

296 1813 355 1878 Ex
374 1813 427 1877 his
443 1821 605 1876 constare
622 1819 753 1894 potest,
771 1808 861 1892 quod
880 1829 980 1873 omne
1000 1806 1127 1870 malum
1145 1823 1221 1869 cum
1241 1802 1309 1886 ejus
1328 1800 1414 1865 falso

295 1907 416 1974 influat
439 1908 484 1972 ab
506 1907 640 1972 inferno
671 1926 710 1970 ac
735 1926 836 1969 omne
855 1905 982 1968 bonum
1001 1921 1078 1966 cum
1100 1900 1171 1984 ejus
1193 1920 1275 1964 vero
1297 1896 1416 1962 influat

295 2025 318 2070 a
337 2004 496 2079 Domino,
518 2011 553 2066 et
573 2000 666 2086 quod
684 2012 865 2084 utrumque
884 2008 1048 2082 appareat
1066 1998 1154 2062 sicut
1173 1997 1206 2061 in
1226 1995 1373 2058 homine.

360 2115 457 2184 313.
487 2097 617 2181 Quales
633 2097 682 2160 illi
701 2107 780 2161 sunt
798 2097 852 2180 qui
872 2097 904 2159 in
925 2095 1058 2178 propria
1074 2093 1265 2177 prudentia,
1282 2101 1317 2154 et
1333 2110 1416 2173 qua·

258 2201 260 2207 ’
295 2194 348 2261 les
367 2197 423 2279 qui
442 2197 475 2259 in
496 2194 679 2278 prudentia
698 2213 767 2256 non
786 2192 931 2276 propria,
951 2199 986 2255 et
1006 2189 1084 2254 inde
1103 2190 1137 2254 in
1157 2189 1281 2252 Divina
1301 2186 1416 2248 Provi-

296 2290 417 2356 dentia
432 2301 523 2366 sunt,
537 2289 742 2353 describitur
761 2289 794 2350 in
807 2287 925 2350 Verbo
941 2307 1001 2370 per
1016 2284 1190 2348 Adamum
1205 2293 1242 2347 et
1253 2281 1417 2347 Chaivam

296 2405 443 2452 uxorem
459 2385 530 2468 ejus
549 2387 583 2451 in
599 2387 703 2450 horto
720 2384 862 2458 Edenis,
880 2383 935 2446 ubi
953 2384 1052 2446 binae
1068 2381 1217 2455 arbores,
1231 2399 1298 2442 una
1313 2377 1417 2450 vitae,

296 2491 334 2548 et
353 2481 463 2546 altera
480 2483 645 2546 scientiae
661 2481 742 2545 boni
760 2489 795 2544 et
813 2479 903 2554 mali,
921 2487 957 2544 et
974 2496 1165 2559 percorum
1180 2494 1275 2539 esum
1291 2495 1336 2537 ex
1353 2473 1419 2538 hac

296 2580 431 2645 arbore.
477 2576 579 2660 Quod
603 2598 664 2660 per
686 2577 862 2641 Adamum
885 2585 920 2640 et
945 2573 1109 2640 Chaivam
1128 2591 1271 2636 uxorem
1290 2569 1362 2653 ejus
1385 2571 1420 2634 in

296 2693 400 2738 sensu
429 2675 568 2737 interno
602 2693 661 2736 seu
694 2671 862 2756 spirituali
891 2670 1107 2752 intelligatur
1140 2680 1176 2733 et
1206 2668 1421 2732 describatur

295 2767 554 2850 Antiquissima
577 2767 716 2832 Domini
747 2767 906 2832 Ecclesia
934 2767 969 2831 in
999 2767 1063 2830 hac
1095 2766 1231 2842 tellure,
1256 2785 1336 2848 prae
1366 2785 1421 2829 se·

298 2863 483 2946 quentibus
500 2863 623 2926 nobilis
639 2873 675 2927 et
691 2863 865 2938 caelestis,
880 2864 1036 2928 videatur
1052 2884 1154 2945 supra
1172 2862 1220 2946 (n.
1236 2861 1313 2947 241)
1330 2883 1337 2941 ;
1363 2882 1423 2944 per

298 2971 416 3023 cetera
428 2958 666 3041 significantur
678 2959 763 3023 haec
777 2962 975 3042 sequentia:
1001 2965 1058 3026 [2.]
1078 2980 1138 3042 per
1150 2959 1316 3022 “hortum
1330 2957 1422 3022 Ede·

298 3055 351 3117 nis
361 3054 377 3077 ’'
400 3053 615 3137 significatur
638 3056 807 3137 sapientia
829 3054 1006 3119 hominum
1033 3054 1122 3118 illius
1145 3054 1332 3132 ecclesiae;
1362 3074 1424 3135 per

300 3151 490 3215 “arborem
510 3149 626 3214 vitae''
643 3150 812 3215 Dominus
835 3151 948 3234 quoad
972 3151 1131 3215 Divinam
1156 3150 1422 3226 Providentiam,

300 3257 336 3312 et
367 3267 428 3329 per
452 3246 644 3312 “arborem
667 3246 858 3311 scientiae”
882 3247 987 3310 homo
1010 3246 1122 3330 quoad
1147 3247 1317 3329 propriam
1345 3265 1423 3328 pru·

300 3343 476 3420 dentiam;
501 3363 560 3425 per
578 3348 598 3376 ⁴‘
610 3342 832 3426 serpentem”
848 3343 1005 3406 sensuale
1020 3341 1248 3425 et'proprium
1264 3341 1424 3416 hominis,

300 3440 392 3524 quod
415 3440 450 3502 in
474 3460 511 3503 se
534 3448 591 3503 est
610 3458 706 3503 amor
724 3440 775 3502 sui
797 3447 833 3504 et
856 3439 965 3503 fastus
984 3439 1140 3521 propriae
1159 3438 1424 3520 intelligentiae,

299 3535 350 3600 ita
369 3534 527 3599 diabolus
550 3543 587 3599 et
610 3544 771 3613 satanas;
796 3556 856 3618 per
876 3541 999 3599 “esum
1022 3556 1067 3599 ex
1090 3536 1210 3599 arbore
1229 3533 1427 3608 scientiae,'’

301 3630 538 3714 appropriatio
551 3631 633 3695 boni
648 3641 684 3695 et
700 3631 783 3705 veri,
796 3631 889 3714 quod
904 3630 990 3696 haec
1007 3651 1076 3695 non
1092 3652 1112 3694 a
1129 3631 1279 3695 Domino
1295 3641 1330 3695 et
1348 3629 1427 3694 inde

302 3725 443 3791 Domini
455 3727 537 3804 sint,
548 3728 611 3792 sed
626 3727 718 3811 quod
734 3727 778 3791 ab
789 3728 929 3792 homine
940 3739 976 3791 et
993 3728 1071 3791 inde
1085 3726 1243 3791 hominis.
1289 3726 1337 3790 Et
1350 3727 1429 3808 quia

301 3821 432 3887 bonum
462 3833 499 3888 et
530 3842 649 3888 verum
681 3833 761 3888 sunt
790 3824 865 3906 ipsa
888 3823 1014 3888 Divina
1036 3823 1126 3904 apud
1157 3822 1344 3897 hominem,
1368 3842 1429 3904 per

305 3919 432 3984 bonum
449 3921 541 3984 enim
558 3920 766 4002 intelligitur
780 3939 883 3986 omne
901 3919 1038 3994 amoris,
1056 3929 1092 3983 et
1111 3938 1306 4002 perverum
1326 3938 1429 3982 omne

303 4016 506 4096 sapientiae,
521 4016 600 4079 ideo
612 4016 640 4080 si
656 4017 760 4080 homo
773 4015 926 4080 vindicat
939 4015 1003 4079 sibi
1018 4014 1078 4078 illa
1090 4023 1127 4079 ut
1142 4035 1214 4090 sua,
1229 4035 1297 4078 non
1312 4024 1429 4096 potest

304 4111 406 4176 aliter
425 4111 565 4176 credere
583 4129 688 4196 quam
707 4110 798 4194 quod
817 4111 862 4175 sit
882 4112 969 4176 sicut
988 4110 1102 4190 Deus;
1126 4131 1230 4194 quare
1248 4110 1340 4175 dixit
1357 4130 1431 4174 ser·

306 4225 404 4289 pens,

358 4362 372 4384 ‘⁴
381 4360 442 4425 Quo
454 4361 498 4410 die
506 4359 678 4410 comederitis
690 4359 724 4409 de
736 4373 777 4415 eo.
790 4361 944 4422 aperientur
955 4360 1025 4410 ocull
1038 4361 1130 4421 vestrl,
1145 4369 1172 4413 et
1184 4361 1260 4412 eritis
1273 4361 1343 4412 sicut
1356 4361 1430 4415 Deus

439 4428 555 4476 scientes
569 4428 670 4476 bonum
682 4435 710 4475 et
722 4425 822 4475 malum
832 4425 846 4445 '¹
858 4425 955 4488 (Gener.
967 4427 1004 4476 lii.
1018 4427 1059 4489 5);

307 4579 359 4646 ita
377 4601 512 4664 quoque
531 4578 659 4646 iaciunt
678 4577 727 4643 illi
745 4579 803 4661 qui
826 4579 860 4643 in
878 4598 995 4646 amore
1013 4581 1066 4646 sui
1084 4591 1121 4650 et
1144 4583 1226 4654 inde
1244 4583 1334 4650 fastu
1353 4603 1432 4665 pro·
