3344 5402
482 705 533 754 οε
558 701 694 754 οινιΝο
718 700 865 766 nuonu,
883 701 977 753 enas
1000 699 1106 752 1.-rr.
1129 705 1175 751 ιι.
1372 701 1389 774 5

265 878 489 961 perceptione
509 873 600 958 quod
621 873 782 939 Divinum
802 895 872 939 non
896 873 941 938 sit
964 873 998 938 in
1022 874 1147 957 spatio,
1169 893 1237 937 non
1262 872 1388 957 aliquid

264 970 414 1054 intelligi
429 980 546 1053 potest
558 969 601 1033 de
614 969 739 1033 Divina
752 969 846 1048 Vita,
861 991 947 1054 quae
960 979 1014 1033 est
1024 969 1135 1034 Amor
1148 980 1183 1033 et
1200 967 1390 1051 Sapientia,

265 1067 310 1129 de
331 1068 450 1151 quibus
470 1067 524 1129 hic
545 1066 678 1147 agitur;
707 1076 742 1129 et
766 1067 845 1130 inde
863 1084 981 1149 parum
1005 1065 1032 1128 si
1056 1067 1237 1148 quicquam
1261 1064 1304 1127 de
1328 1062 1390 1128 Di·

265 1163 344 1225 vina
361 1162 592 1235 Providentia,
610 1158 921 1244 Omnipraesentia,
940 1157 1201 1236 Omniscientia,
1220 1157 1389 1242 Omnipo-

263 1259 384 1332 tentia,
398 1256 573 1320 Infinitate
587 1264 623 1319 et
636 1253 869 1334 Aeternitate,
882 1256 925 1320 de
939 1255 1059 1339 quibus
1072 1255 1105 1318 in
1118 1255 1204 1319 serie
1215 1255 1388 1338 agendum

262 1361 330 1415 est.

328 1459 397 1513 ιο.
429 1443 565 1510 Dictum
582 1454 647 1522 est,
665 1446 755 1530 quod
774 1446 807 1510 in
828 1446 955 1509 mundo
972 1443 1139 1528 spirituali
1157 1464 1265 1526 aeque
1280 1463 1387 1529 appa·

262 1551 363 1604 reant
387 1541 501 1623 spatia
524 1551 561 1604 ut
590 1541 624 1605 in
655 1540 784 1604 mundo
814 1540 973 1616 naturali,
998 1549 1251 1623 consequenter
1280 1539 1387 1604 etiam

260 1637 451 1700 distantiae
468 1656 476 1714 ;
500 1635 561 1700 sed
573 1637 664 1720 quod
681 1637 750 1700 sint
764 1637 987 1720 apparentiae
999 1635 1186 1700 secundum
1199 1633 1387 1700 affinitates
1438 1645 1444 1657 ⁴

260 1730 459 1814 spirituales
476 1751 563 1813 quae
580 1741 659 1795 sunt
672 1731 798 1794 amoris
815 1739 850 1794 et
865 1731 1066 1812 sapientiae,
1079 1750 1138 1793 seu
1154 1729 1236 1794 boni
1252 1739 1288 1795 et
1304 1730 1385 1794 veri.

262 1825 348 1890 Inde
369 1836 434 1899 est,
452 1827 543 1908 quod
564 1825 742 1902 Dominus,
761 1825 901 1890 tametsi
921 1836 975 1889 est
994 1826 1026 1889 in
1047 1824 1151 1888 caelis
1171 1825 1261 1908 apud
1278 1845 1385 1907 ange-

261 1920 316 1984 los
335 1923 469 2005 ubique,
488 1941 592 2003 usque
609 1930 774 2004 appareat
793 1921 866 1984 alte
882 1941 983 2002 supra
1000 1919 1077 1984 illos
1093 1930 1131 1984 ut
1147 1917 1227 1984 Sol:
1252 1931 1289 1984 et
1307 1921 1386 2005 quia

262 2019 416 2098 receptio
435 2018 561 2080 amoris
585 2027 620 2081 et
645 2017 837 2100 sapientiae
859 2016 942 2080 iacit
960 2014 1167 2080 affinitatem
1191 2034 1268 2080 cum
1292 2015 1384 2101 lpso,

260 2111 340 2176 ideo
352 2108 554 2194 ¹¹¹propiores
572 2111 641 2194 Ipsi
657 2122 826 2195 apparent
843 2111 930 2175 caeli
946 2111 1001 2174 ubi
1020 2110 1136 2193 angeli
1154 2111 1189 2174 in
1200 2106 1386 2196 ¹¹¹propiore

259 2205 428 2270 affinitate
448 2229 491 2271 ex
511 2209 710 2290 receptione
728 2217 821 2283 sunt,
841 2225 943 2290 quam
963 2207 1019 2290 qui
1042 2207 1076 2270 in
1100 2207 1307 2271 remotiore:
1339 2226 1385 2270 ex

259 2324 304 2366 eo
328 2304 434 2366 etiam
458 2312 523 2378 est,
544 2305 636 2387 quod
656 2302 753 2378 caeli,
774 2303 831 2385 qui
854 2312 924 2366 tres
948 2311 1039 2378 sunt,
1059 2303 1148 2366 inter
1171 2322 1208 2366 se
1231 2299 1385 2366 distincti

220 2425 231 2442 ·
259 2400 341 2472 sint,
363 2399 520 2463 similiter
543 2401 732 2463 societates
751 2398 898 2480 cujusvis
919 2396 1029 2476 caeli;
1057 2407 1131 2462 tum
1155 2397 1245 2482 quod
1264 2396 1384 2461 inferni

259 2494 324 2556 sub
343 2493 409 2556 illis
426 2495 495 2556 sint
512 2495 637 2558 remoti
653 2494 841 2557 seeundum
857 2491 1078 2575 rejectionem
1094 2495 1219 2557 amoris
1237 2500 1273 2557 et
1292 2493 1383 2576 sapi-

258 2590 384 2652 entiae.
431 2587 548 2653 Simile
564 2600 618 2653 est
636 2609 712 2653 cum
728 2589 935 2665 hominibus,
949 2589 983 2653 in
1002 2589 1122 2672 quibus
1139 2599 1174 2654 et
1191 2588 1281 2673 apud
1296 2609 1383 2673 quos

261 2681 429 2752 Dominus
449 2704 611 2766 praesens
630 2694 684 2748 est
707 2685 740 2748 in
760 2685 919 2749 universo
939 2695 1105 2748 terrarum
1125 2684 1226 2765 orbe;
1257 2693 1293 2749 et
1315 2683 1383 2750 hoc

259 2780 358 2843 unice
378 2800 423 2844 ex
442 2799 558 2850 causa.
578 2781 657 2852 quia
673 2779 841 2848 Dominus
861 2799 930 2844 non
949 2790 1003 2844 est
1022 2781 1056 2844 in
1075 2781 1199 2864 spatio.

529 3043 642 3128 Quor>
665 3045 770 3111 Deus
792 3059 852 3112 sm
875 3045 958 3111 nse
981 3045 1111 3112 Hono.

320 3245 385 3294 11·
415 3230 454 3294 In
471 3231 628 3294 omnibus
644 3231 749 3295 caelis
766 3251 834 3294 non
851 3230 920 3295 alia
934 3231 1012 3295 idea
1031 3231 1096 3297 Dei
1112 3241 1167 3296 est
1182 3251 1285 3316 quam
1303 3231 1382 3298 idea

259 3323 429 3389 Hominis.
471 3324 583 3390 Causa
602 3334 666 3401 est,
686 3327 765 3409 quia
784 3327 916 3390 caelum
940 3328 973 3390 in
994 3335 1071 3391 toto
1089 3338 1125 3392 et
1149 3328 1182 3390 in
1205 3337 1304 3409 parte
1326 3337 1382 3392 est

256 3421 292 3484 in
312 3419 419 3484 sorma
438 3421 525 3484 sicut
544 3421 670 3496 Homo,
688 3442 728 3485 ac
749 3421 922 3497 Divinum,
939 3423 1030 3505 quod
1046 3431 1101 3486 est
1117 3424 1207 3504 apud
1223 3422 1379 3504 angelos,

256 3515 339 3578 iacit
359 3515 513 3594 eaelum;
537 3527 573 3580 et
592 3519 762 3599 cogitatio
781 3518 878 3580 vadit
897 3518 1086 3581 secundum
1105 3517 1249 3581 sormam
1269 3518 1379 3595 caeli;

254 3631 361 3692 quare
375 3611 475 3674 aliter
488 3613 642 3693 cogitare
658 3613 702 3676 de
719 3613 794 3676 Deo
811 3613 945 3695 angelis
961 3613 1172 3695 impossibile
1184 3623 1248 3677 est.
1295 3614 1382 3678 lnde

258 3717 325 3779 est,
346 3706 436 3788 quod
460 3725 579 3770 omnes
602 3707 651 3770 illi
674 3709 707 3770 in
731 3709 872 3784 mundo,
893 3711 948 3792 qui
971 3706 1143 3791 conjuncti
1167 3718 1246 3773 sunt
1269 3709 1378 3786 caelo,

255 3800 412 3864 similiter
435 3802 478 3864 de
502 3800 588 3876 Deo,
614 3822 691 3866 cum
715 3804 856 3867 interius
886 3807 919 3866 in
951 3825 988 3868 se
1011 3826 1070 3868 seu
1098 3807 1133 3868 in
1163 3825 1225 3868 suo
1248 3807 1377 3887 spiritu,

255 3897 423 3975 cogitent.
468 3895 526 3959 Ex
549 3917 592 3961 eo
614 3899 705 3981 quod
730 3898 823 3962 Deus
847 3900 891 3962 sit
917 3899 1044 3974 Homo,
1066 3919 1185 3964 omnes
1205 3901 1320 3982 angeli
1343 3909 1379 3966 et

255 4009 378 4053 omnes
408 3993 558 4073 spiritus,
579 3995 612 4056 in
643 3992 792 4076 perlecta
821 3995 930 4058 forma
954 3995 1111 4058 homines
1135 4005 1237 4072 sunt3
1271 3996 1380 4062 forma

253 4083 344 4147 caeli
360 4085 424 4149 hoc
438 4086 532 4163 iacit,
545 4109 632 4171 quae
649 4090 682 4151 in
695 4091 855 4154 maximis
871 4101 907 4155 et
924 4092 958 4153 in
975 4093 1122 4154 minimis
1138 4102 1192 4156 est
1206 4092 1268 4154 sibi
1286 4094 1378 4156 simi·

257 4179 309 4243 lis.
356 4179 474 4262 (Quod
498 4182 632 4246 caelum
655 4185 688 4246 in
713 4192 791 4248 toto
814 4195 850 4248 et
881 4187 913 4248 in
942 4197 1040 4268 parte
1071 4188 1114 4249 sit
1140 4188 1173 4249 in
1202 4187 1311 4250 forma
1341 4195 1378 4252 ut

258 4274 387 4350 Homo,
411 4277 570 4342 videatur
591 4279 624 4340 in
649 4299 753 4361 opere
776 4280 827 4342 De
851 4281 950 4345 Caelo
971 4291 1004 4344 et
1024 4282 1171 4362 Inferno,
1196 4301 1228 4345 n.
1255 4285 1377 4364 59-87:

254 4379 293 4432 et
322 4372 413 4453 quod
437 4374 670 4454 cogitationes
693 4375 823 4438 vadant
846 4378 1034 4440 secundum
1058 4378 1201 4441 sormam
1225 4377 1324 4452 caeli,
1344 4397 1379 4444 n.

255 4481 330 4545 203,
351 4465 439 4549 204.)
486 4466 589 4549 Quod
608 4469 764 4533 homines
783 4472 826 4534 ad
846 4473 1030 4554 imaginem
1054 4483 1090 4537 et
1113 4474 1157 4537 ad
1181 4473 1378 4538 similitudi·

254 4579 334 4624 nem
352 4561 416 4625 Dei
433 4565 539 4626 creati
559 4565 638 4638 sint,
656 4576 777 4629 notum
794 4576 858 4641 est,
876 4589 921 4631 ex
940 4567 1062 4632 Genesi
1078 4567 1112 4652 (i.
1130 4569 1180 4642 26,
1199 4567 1279 4653 27);
1303 4579 1377 4636 tum

253 4657 345 4735 quod
367 4657 460 4720 Deus
479 4659 570 4721 visus
590 4661 635 4722 sit
654 4670 691 4723 ut
712 4659 829 4725 Homo
848 4663 1061 4735 Abrahamo.
1079 4674 1115 4729 et
1139 4665 1222 4728 aliis.
1269 4665 1377 4730 Anti.-
