3358 5384
448 675 498 726 na
521 673 658 725 nunno
682 672 827 737 nuona,
852 671 946 724 unns
969 671 1073 722 1.-u.
1096 671 1144 739 55.
1317 637 1369 720 21'

229 847 453 915 affefflonum
463 869 508 912 ex
518 847 700 912 voluntate
713 854 748 910 et
762 845 1013 927 cogitationum
1024 865 1069 908 ex
1082 840 1271 918 intelletiu,
1284 852 1357 907 tum

231 947 432 1011 ultimorum
451 947 556 1021 vitae,
576 945 712 1008 illorum
726 944 782 1026 qui
801 944 865 1010 ibi:
889 951 991 1025 atque
1010 940 1096 1004 haec
1117 949 1153 1004 et
1175 939 1235 1003 illa
1250 960 1357 1022 appa-

230 1053 311 1108 rent
332 1045 459 1106 circum
483 1042 561 1105 illos
591 1043 624 1105 in
651 1041 714 1105 tali
739 1037 891 1122 aspectu,
911 1040 944 1102 in
971 1040 1062 1121 quali
1082 1047 1136 1102 est
1163 1039 1355 1102 universum

228 1151 398 1213 creatum,
420 1158 497 1202 cum
521 1137 711 1203 differentia
733 1137 824 1221 quod
849 1138 882 1200 in
906 1138 1037 1201 minore
1055 1135 1177 1219 effigie.
1224 1135 1281 1198 Ex
1304 1135 1357 1199 his

229 1237 415 1302 manifeste
428 1247 527 1319 patet
541 1236 685 1318 angelis,
697 1236 788 1318 quod
802 1235 995 1298 universum
1008 1245 1162 1298 creatum
1179 1235 1224 1297 sit
1241 1233 1357 1315 imago

229 1335 527 1417 tepraesentativa
538 1333 603 1396 Dei
616 1333 787 1405 Hominis,
799 1343 835 1395 et
851 1331 943 1414 quod
961 1332 1072 1412 Ipsius
1083 1331 1194 1395 Amor
1205 1340 1241 1394 et
1257 1328 1356 1412 Sapi-

226 1433 327 1496 entia
339 1433 409 1494 sint
422 1451 509 1514 quae
525 1431 559 1494 in
576 1431 734 1494 universo
746 1430 958 1493 sistunturin
974 1430 1134 1511 imagine.
1171 1427 1252 1492 Non
1265 1427 1356 1510 quod

229 1529 427 1593 universum
443 1537 598 1592 creatum
617 1528 661 1590 sit
680 1527 774 1590 Deus
792 1525 919 1601 Homo,
937 1526 998 1590 sed
1017 1527 1108 1610 quod
1127 1527 1171 1589 sit
1191 1525 1234 1588 ab
1251 1525 1354 1607 Ipso;

228 1646 312 1690 nam
336 1625 420 1689 nihil
443 1626 624 1708 quicquam
648 1627 682 1687 in
705 1625 864 1688 universo
883 1633 1001 1687 creato
1024 1634 1078 1688 est
1101 1623 1297 1687 substantia
1319 1631 1355 1684 et

228 1721 340 1787 forma
358 1723 392 1786 in
416 1742 464 1798 se,
486 1741 549 1786 nec
570 1723 642 1785 vita
665 1723 766 1798 inse,
788 1741 851 1785 nec
875 1741 972 1785 amor
994 1730 1031 1785 et
1055 1721 1226 1804 sapientia
1249 1722 1283 1785 in
1307 1739 1354 1795 se,

226 1821 337 1883 immo
348 1839 410 1883 nec
422 1818 529 1883 homo
539 1829 592 1883 est
609 1819 714 1882 homo
726 1819 761 1882 in
776 1839 824 1895 se,
837 1819 898 1882 sed
911 1838 1014 1883 omne
1027 1828 1081 1883 est
1097 1839 1117 1882 a
1134 1820 1220 1893 Deo,
1235 1819 1290 1900 qui
1301 1825 1356 1881 est
1459 1883 1463 1892 ,

232 1916 360 1992 Homo,
381 1915 560 1999 Sapientia
577 1926 613 1980 et
632 1916 754 1992 Amor,
771 1936 811 1980 ac
831 1916 958 1980 Forma
977 1925 1013 1981 et
1032 1915 1234 1981 Substantia
1252 1917 1286 1980 in
1305 1935 1354 1979 se.

226 2011 335 2096 Quod
354 2015 387 2077 in
407 2035 444 2078 se
464 2023 529 2090 est,
546 2013 613 2078 hoc
632 2013 823 2078 increatum
842 2024 879 2079 et
897 2011 1067 2078 infinitum
1083 2023 1158 2094 est;
1182 2014 1274 2098 quod
1294 2034 1354 2076 au·

227 2119 303 2175 tem
322 2111 368 2174 ab
387 2111 468 2194 Ipso
487 2121 550 2186 est,
571 2110 650 2187 hoc,
670 2112 749 2194 quia
765 2110 848 2176 nihil
869 2121 967 2176 tenet
983 2111 1074 2194 apud
1093 2131 1130 2176 se
1149 2111 1240 2194 quod
1263 2112 1297 2174 in
1316 2130 1354 2175 se

225 2218 295 2284 est,
312 2217 466 2273 creatum
483 2219 520 2273 et
539 2207 670 2272 finitum
690 2218 756 2286 est,
773 2219 809 2274 et
828 2208 894 2274 hoc
911 2218 1149 2292 repraesentat
1168 2209 1355 2291 imaginem

231 2303 353 2387 ipsius,
374 2327 395 2369 a
413 2327 481 2390 quo
500 2315 554 2370 est
573 2317 609 2371 et
628 2307 760 2370 existit.

293 2417 364 2487 55.
395 2403 449 2467 De
464 2404 590 2469 creatis
609 2413 645 2468 et
662 2402 766 2467 finitis
782 2412 901 2487 potest
925 2405 991 2468 dici
1012 2404 1100 2469 Esse
1119 2414 1155 2469 et
1178 2404 1353 2482 Existere,

225 2508 304 2563 tum
317 2501 508 2564 substantia
521 2511 557 2564 et
570 2501 688 2577 forma,
702 2511 740 2565 ut
754 2511 789 2566 et
802 2503 885 2576 vita,
897 2502 1001 2566 immo
1014 2523 1111 2566 amor
1123 2511 1158 2567 et
1171 2503 1352 2586 sapientia,

225 2598 291 2661 sed
319 2599 435 2661 omnia
464 2598 524 2662 ilia
553 2608 633 2662 sunt
662 2609 779 2663 creata
809 2609 845 2664 et
875 2598 979 2663 finita.
1026 2599 1147 2676 Causa,
1172 2601 1263 2684 quod
1287 2601 1354 2664 dici

225 2703 370 2777 queant,
392 2715 460 2759 non
484 2706 539 2760 est
561 2697 653 2780 quod
673 2697 801 2780 aliquid
825 2698 986 2761 Divinum
1010 2697 1079 2761 illis
1102 2700 1158 2774 sit,
1177 2699 1238 2762 sed
1261 2699 1353 2783 quod

225 2791 265 2854 in
289 2790 414 2856 Divino
433 2793 503 2857 sint
527 2802 563 2857 et
587 2793 677 2877 quod
701 2792 863 2858 Divinum
892 2795 927 2858 in
953 2794 1021 2858 illis
1040 2796 1103 2859 sit:
1136 2813 1238 2860 omne
1262 2798 1354 2861 enim

223 2889 321 2971 quod
342 2898 496 2953 creatum
516 2901 580 2966 est,
600 2893 635 2953 in
658 2911 695 2955 se
714 2899 769 2955 est
787 2891 1013 2957 inanimatum
1033 2902 1069 2957 et
1088 2902 1272 2969 mortuum,
1292 2895 1353 2959 sed

224 2986 401 3050 animatur
416 2996 452 3050 et
473 2987 663 3053 vivificatur
678 3008 739 3072 per
754 2988 799 3064 id,
817 2989 908 3072 quod
926 2990 1089 3054 Divinum
1105 2991 1150 3055 sit
1168 2991 1202 3055 in
1222 2991 1299 3068 illis,
1318 3002 1354 3057 et

224 3081 290 3146 illa
308 3083 342 3147 in
363 3083 498 3148 Divino.

292 3196 365 3265 54.
395 3180 557 3245 Divinum
576 3202 645 3245 non
669 3181 769 3247 aliter
792 3191 847 3248 est
870 3183 904 3247 in
928 3203 997 3248 uno
1016 3182 1171 3267 subjeiio
1193 3205 1295 3270 quam
1319 3188 1353 3251 in

224 3273 309 3351 alio,
334 3276 396 3340 sed
419 3296 523 3341 unum
546 3275 734 3359 subjeetum
758 3289 912 3344 creatum
937 3290 992 3344 est
1021 3281 1115 3345 aliud
1138 3301 1242 3364 quam
1264 3281 1353 3347 aite-

225 3391 315 3450 rum,
341 3393 411 3437 non
434 3375 524 3439 enim
547 3375 674 3440 dantur
696 3376 764 3441 duo
787 3377 889 3453 idem,
914 3377 1052 3443 etvinde
1075 3387 1130 3443 est
1153 3379 1246 3443 aliud
1268 3400 1353 3444 con-

225 3471 367 3550 tinens3
400 3493 446 3536 ex
472 3493 538 3556 quo
565 3473 728 3538 Divinum
751 3475 786 3538 in
819 3495 880 3539 sua
904 3475 1054 3559 imagine
1090 3486 1234 3560 apparet
1263 3479 1353 3542 vari·

227 3586 298 3728 sup.
334 3567 388 3633 De
405 3570 602 3652 praesentia
618 3570 729 3653 Ipsius
747 3571 782 3635 in
798 3572 979 3655 oppositis,
997 3573 1131 3638 dicetur
1148 3575 1182 3640 in
1206 3595 1353 3660 sequen·

224 3665 259 3730 ti
286 3685 334 3729 us

225 4026 346 4113 Quot>
370 4044 498 4098 ouum
520 4047 562 4099 m
585 4047 778 4101 uu1vanso
796 4049 950 4103 cnamo
973 4052 1061 4105 snm
1084 4040 1218 4106 D1vnu
1240 4041 1352 4108 Auo·

406 4143 467 4195 ms
504 4145 553 4196 aa
590 4132 762 4198 Dumna
796 4133 1033 4202 Snmsumna
1070 4137 1144 4203 Dm
1179 4137 1353 4208 Hounus

399 4241 642 4294 nacmmunn.

291 4437 363 4509 55.
392 4423 523 4491 Notum
540 4436 607 4504 est,
624 4428 716 4510 quod
733 4430 849 4494 omnia
865 4440 901 4495 et
920 4431 1056 4515 singula
1072 4433 1220 4500 universi
1239 4455 1260 4501 a
1275 4435 1353 4503 Deo

223 4531 348 4586 creata
364 4523 454 4603 sint;
480 4524 563 4589 inde
580 4525 774 4592 universum
790 4546 867 4591 cum
887 4531 1048 4595 omnibus
1064 4541 1100 4596 et
1119 4533 1263 4616 singulis
1282 4531 1355 4618 ejus

194 4697 198 4706 ι
224 4617 264 4682 in
282 4617 400 4684 Verbo
419 4630 564 4686 vocatur
580 4627 696 4706 “opus
715 4643 874 4690 manuum
893 4627 1074 4708 Jehovae.”
1110 4629 1247 4696 Dicitur
1261 4631 1354 4716 quod
