3344 5402
355 693 397 755 62
712 687 915 754 snrrdnrrn
938 704 1132 758 nnosnrcn

355 877 472 940 mundi
490 875 656 940 naturalis
673 885 726 940 est
746 875 848 959 plane
865 887 1030 954 mortuus,
1051 887 1087 942 at
1108 877 1166 944 Sol
1188 883 1305 946 mundi
1322 885 1481 966 spiritua·

356 973 396 1036 lis
415 983 469 1037 est
492 973 609 1048 vivus;
637 981 691 1035 est
712 973 802 1036 enim
822 973 968 1054 primum
988 975 1181 1057 procedens
1202 977 1318 1042 Divini
1338 979 1480 1044 Amoris

354 1079 390 1133 et
422 1069 567 1132 Divinae
591 1065 809 1150 Sapientiae;
845 1078 880 1132 et
911 1069 1003 1154 quod
1027 1080 1198 1136 mortuum
1223 1083 1288 1148 est,
1310 1095 1378 1138 non
1407 1079 1480 1158 agit

353 1165 534 1248 quicquam
562 1183 582 1228 a
608 1183 656 1240 se,
681 1163 743 1227 sed
766 1165 900 1248 agitur:
933 1186 1037 1249 quare
1061 1167 1255 1232 adscribere
1279 1169 1329 1232 illi
1353 1170 1479 1256 aliquid

353 1261 549 1335 creationis,
574 1259 663 1324 soret
690 1259 778 1323 sicut
809 1261 1003 1325 adscribere
1028 1263 1271 1340 instrumento,
1296 1265 1387 1348 quod
1420 1287 1481 1350 per

353 1375 474 1418 manus
497 1353 638 1420 artificis
661 1355 785 1440 agitur,
810 1375 896 1438 opus
923 1357 1014 1441 quod
1042 1357 1167 1422 artifex
1190 1358 1283 1422 facit.
1330 1359 1395 1424 Est
1426 1362 1479 1425 sol

353 1453 470 1516 mundi
487 1451 653 1516 naturalis
672 1471 774 1534 purus
793 1451 893 1534 ignis,
912 1471 931 1515 a
950 1473 1018 1536 quo
1037 1473 1139 1517 omne
1156 1455 1249 1518 vitae
1266 1455 1478 1520 abstradlum

353 1558 429 1628 est;
454 1557 491 1613 at
511 1545 570 1612 Sol
591 1547 708 1611 mundi
724 1547 909 1630 spiritualis
928 1558 981 1611 est
1001 1549 1091 1631 ignis
1110 1551 1143 1612 in
1162 1570 1229 1633 quo
1249 1549 1334 1615 Vita
1354 1552 1479 1615 Divina

351 1656 416 1708 est.
463 1644 547 1708 Idea
569 1643 729 1727 angelica
755 1643 797 1707 de
822 1643 902 1724 igne
925 1643 1006 1707 solis
1030 1645 1147 1708 mundi
1171 1646 1350 1722 naturalis,
1375 1646 1478 1711 etde

351 1741 432 1822 igne
455 1737 544 1804 Solis
563 1739 679 1803 mundi
699 1738 897 1820 spiritualis,
918 1749 972 1803 est
996 1739 1100 1803 haec:
1132 1741 1223 1824 quod
1244 1740 1329 1805 Vita
1353 1741 1477 1806 Divina

352 1836 397 1898 sit
417 1835 509 1899 intus
528 1835 561 1898 in
585 1835 666 1918 igne
685 1831 774 1898 Solis
798 1835 914 1898 mundi
937 1835 1134 1917 spiritualis,
1155 1845 1191 1900 at
1213 1845 1319 1900 extus
1342 1837 1376 1900 in
1396 1839 1476 1921 igne

351 1929 434 1994 solis
457 1929 575 1992 mundi
598 1929 774 1992 naturalis.
821 1927 878 1993 Ex
902 1949 944 1993 eo
968 1930 1075 1994 videri
1094 1940 1224 2014 potest,
1245 1932 1337 2016 quod
1357 1931 1474 1996 actua·

351 2025 431 2090 litas
444 2025 526 2089 solis
539 2023 706 2089 naturalis
719 2044 788 2088 non
805 2026 851 2088 sit
866 2045 886 2088 a
902 2044 950 2100 se,
968 2026 1030 2089 sed
1047 2047 1067 2089 a
1083 2027 1116 2090 vi
1132 2027 1211 2092 viva
1222 2027 1435 2110 procedente
1455 2048 1473 2092 a

350 2119 433 2186 Sole
449 2121 566 2184 mundi
581 2120 768 2203 spiritualis
782 2141 790 2199 ;
814 2139 918 2204 quare
937 2121 965 2184 si
981 2121 1032 2184 vis
1050 2122 1129 2186 viva
1144 2121 1241 2206 hujus
1260 2119 1350 2188 Solis
1365 2133 1474 2188 retra·

349 2217 490 2282 heretur
499 2236 560 2281 seu
578 2215 776 2290 auferretur,
790 2215 842 2278 sol
859 2215 918 2278 ille
931 2215 1173 2281 collaberetur.
1202 2217 1288 2283 Inde
1302 2227 1367 2294 est,
1382 2219 1473 2302 quod

348 2313 464 2378 cultus
490 2313 573 2376 solis
599 2313 644 2376 sit
671 2311 823 2374 omnium
855 2309 1007 2374 cultuum
1038 2312 1102 2376 Dei
1127 2311 1272 2388 infimus,
1298 2323 1353 2377 est
1383 2314 1473 2377 enim

350 2430 488 2493 prorsus
508 2418 663 2473 mortuus
682 2407 857 2488 sicutipse
876 2404 949 2492 sgl;
973 2427 1079 2490 quare
1095 2407 1153 2471 ille
1170 2407 1283 2472 cultus
1301 2409 1335 2471 in
1355 2406 1475 2472 Verbo

348 2515 494 2569 vocatur
515 2500 787 2567 “abominatio''

413 2599 509 2682 158.
539 2597 711 2680 Quoniam
728 2594 780 2658 sol
801 2595 917 2659 mundi
937 2596 1103 2660 naturalis
1122 2607 1176 2661 est
1196 2617 1298 2680 purus
1318 2598 1418 2680 ignis,
1436 2608 1472 2663 et

349 2695 428 2758 inde
459 2693 517 2756 ille
549 2704 714 2765 mortuus,
739 2691 817 2754 ideo
844 2691 950 2755 etiam
974 2691 1069 2755 calor
1093 2692 1173 2756 inde
1197 2694 1389 2774 procedens
1420 2705 1473 2757 est

349 2799 515 2861 mortuus,
533 2786 690 2851 similiter
708 2785 768 2848 lux
788 2786 867 2851 inde
884 2787 1076 2869 procedens
1092 2796 1146 2851 est
1166 2797 1320 2852 mortua:
1345 2789 1474 2870 pariter

348 2885 621 2966 atmosphaerae,
640 2902 727 2966 quae
740 2892 908 2946 vocantur
923 2881 1045 2945 aether
1063 2891 1099 2945 et
1119 2902 1187 2956 aer,
1205 2901 1245 2945 ac
1265 2883 1298 2945 in
1316 2884 1391 2946 sinu
1410 2905 1472 2947 suo

349 2981 517 3062 recipiunt
549 2988 584 3043 et
608 2977 765 3040 deferunt
790 2976 940 3040 calorem
964 2985 1001 3040 et
1024 2977 1135 3040 lucem
1159 2976 1242 3040 solis
1265 2976 1366 3052 illius,
1391 2988 1472 3043 sunt

348 3085 515 3138 mortuae.
562 3069 733 3155 Quoniam
753 3070 838 3135 haec
863 3081 943 3136 sunt
967 3082 1112 3146 mortua,
1131 3081 1211 3136 sunt
1230 3072 1336 3136 etiam
1356 3074 1473 3137 omnia

349 3179 384 3235 et
413 3169 548 3253 singula
578 3167 723 3243 telluris,
748 3187 836 3251 quae
866 3165 1057 3249 subjacent,
1082 3175 1117 3230 et
1147 3176 1317 3231 vocantur
1345 3176 1469 3243 terrae,

349 3278 494 3331 mortua.
541 3263 609 3329 Sed
633 3284 739 3348 usque
762 3263 878 3327 omnia
901 3273 937 3327 et
965 3261 1102 3345 singula
1124 3259 1368 3326 circumcincta
1390 3270 1471 3326 sunt

348 3363 592 3446 spiritualibus,
613 3381 700 3445 quae
724 3380 743 3422 e
766 3356 848 3423 Sole
871 3357 988 3421 mundi
1012 3357 1199 3441 spiritualis
1218 3357 1411 3440 procedunt
1435 3367 1471 3422 et

349 3458 539 3540 profluunt;
571 3478 593 3519 a
617 3455 738 3540 quibus
762 3455 825 3517 nisi
849 3449 1091 3516 circumcincta
1113 3451 1234 3527 forent,
1256 3461 1370 3516 terrae
1400 3472 1470 3516 non

348 3554 543 3635 potuissent
563 3549 702 3624 actuari,
724 3559 759 3613 et
779 3548 967 3630 producere
986 3547 1112 3610 formas
1131 3566 1263 3621 usuum,
1284 3556 1470 3630 quaesunt

348 3647 570 3732 vegetabilia,
589 3666 650 3709 nec
667 3645 794 3708 formas
807 3645 911 3718 vitae,
923 3663 1010 3725 quae
1023 3651 1102 3705 sunt
1113 3642 1275 3705 animalia
1289 3665 1296 3720 ;
1313 3662 1377 3706 nec
1390 3643 1469 3707 sub·

349 3744 543 3806 ministrare
560 3741 731 3814 materias,
750 3760 810 3822 per
825 3758 912 3822 quas
930 3737 1034 3801 homo
1047 3738 1180 3801 existat
1193 3746 1229 3802 et
1243 3737 1421 3802 subsistat.

412 3855 510 3922 159.
541 3835 640 3898 Nunc
665 3835 742 3919 quia
767 3844 889 3898 natura
909 3831 1049 3898 inchoat
1074 3854 1094 3896 a
1117 3832 1191 3896 sole
1214 3832 1285 3907 illo,
1307 3843 1343 3896 et
1367 3851 1469 3897 omne

347 3934 380 3997 id
401 3933 491 4018 quod
516 3954 560 3996 ex
584 3931 644 3994 illo
668 3930 789 3994 existit
812 3937 849 3992 et
873 3930 1041 4004 subsistit,
1062 3937 1206 3991 vocatur
1225 3926 1394 4004 naturale,
1415 3948 1468 3993 se·

345 4031 461 4113 quitur
479 4028 570 4113 quod
591 4036 713 4090 natura
732 4045 808 4088 cum
828 4025 986 4087 omnibus
1003 4027 1041 4087 et
1061 4022 1204 4106 singulis
1223 4021 1294 4104 ejus
1313 4025 1359 4088 sit
1378 4042 1469 4087 mor·

346 4136 416 4188 tua.
463 4123 565 4206 Quod
583 4132 706 4186 natura
722 4129 887 4203 appareat
906 4120 940 4182 in
959 4119 1099 4184 homine
1118 4127 1153 4182 et
1173 4118 1206 4181 in
1225 4117 1365 4182 animali
1381 4119 1469 4182 sicut

346 4221 435 4294 viva,
456 4229 510 4284 est
530 4239 574 4282 ex
594 4217 666 4280 vita
685 4235 772 4300 quae
791 4215 978 4277 comitatur
996 4223 1032 4277 et
1051 4210 1179 4276 actuat.

411 4315 512 4381 16⁰.
542 4311 713 4394 Quoniam
727 4309 842 4374 infima
856 4319 997 4373 naturae
1014 4329 1101 4392 quae
1116 4308 1245 4372 faciunt
1263 4317 1373 4372 terras
1389 4316 1470 4372 sunt

347 4420 494 4483 mortua,
519 4417 554 4472 et
585 4405 643 4470 illa
673 4425 742 4470 non
773 4414 854 4468 sunt
881 4403 1060 4467 mutabilia
1089 4413 1124 4467 et
1155 4405 1249 4467 varia
1278 4404 1469 4468 secundum

346 4513 458 4572 status
471 4501 687 4568 affedlionum
704 4510 740 4565 et
756 4500 1020 4583 cogitationum,
1038 4508 1075 4563 ut
1095 4499 1128 4562 in
1145 4499 1273 4562 mundo
1289 4499 1469 4582 spirituali,

347 4601 409 4665 sed
428 4598 654 4664 immutabilia
672 4607 708 4662 et
727 4593 807 4671 fixa,
824 4596 904 4659 ideo
922 4594 968 4658 ibi
986 4595 1098 4678 spatia
1114 4603 1206 4670 sunt,
1224 4603 1258 4658 et
1280 4595 1470 4678 spatiorum

346 4693 535 4760 distantiae
553 4701 644 4758 sunt.
689 4690 790 4756 Talia
812 4698 905 4767 sunt,
923 4688 1001 4774 quia
1020 4689 1150 4754 creatio
1173 4689 1219 4753 ibi
1243 4689 1355 4767 desiit,
1377 4703 1412 4755 et
1436 4692 1471 4754 in
