3448 5374
458 661 509 713 DE
532 661 668 712 DlVlNO
692 661 837 724 AMORE,
863 663 954 713 PARS
976 662 1092 712 v.-N.
1110 665 1183 732 413.
1325 667 1386 733 199

262 835 323 914 tio,
341 855 446 918 quare
461 834 547 899 haec
564 855 647 898 vasa
662 835 934 917 correspondent
952 835 1239 918 perceptionibus.
1274 835 1383 900 Probe

262 933 438 998 sciendum
458 942 523 1006 est,
544 932 635 1015 quod
655 933 801 996 arteriae
821 943 856 996 et
873 953 982 995 venae
1001 934 1033 995 in
1050 932 1211 1015 pulmone
1229 953 1296 996 non
1314 935 1383 999 sint

262 1027 471 1106 affectiones,
491 1039 527 1094 et
546 1030 638 1112 quod
656 1029 900 1111 respirationes
916 1049 985 1092 non
1002 1030 1070 1092 sint
1087 1033 1327 1113 perceptiones
1346 1043 1383 1098 et

263 1129 507 1211 cogitationes,
528 1127 589 1190 sed
613 1127 704 1209 quod
728 1127 1054 1208 correspondentiae
1078 1129 1159 1202 sint,
1181 1148 1382 1211 correspon-

261 1227 383 1290 denter
413 1226 503 1288 enim
534 1224 818 1305 seu.synchrone
841 1235 969 1306 agunt:
1005 1225 1163 1289 similiter
1192 1234 1229 1289 ut
1259 1246 1318 1290 cor
1348 1235 1384 1291 et

260 1323 388 1406 pulmo,
409 1323 500 1404 quod
525 1341 592 1384 non
617 1323 686 1386 sint
709 1341 806 1384 amor
824 1332 859 1386 et
881 1320 1090 1398 intellectus,
1111 1323 1173 1386 sed
1197 1325 1288 1406 quod
1312 1326 1383 1389 sint

261 1421 608 1502 correspondentiae;
628 1431 663 1483 et
680 1421 841 1502 quoniam
858 1431 937 1484 sunt
951 1422 1288 1503 correspondentiae‚
1302 1432 1381 1504 pot·

260 1527 314 1582 est
330 1537 436 1581 unum
452 1517 558 1580 videri
578 1518 610 1579 in
630 1517 750 1580 altero.
798 1518 861 1581 Ille
880 1519 936 1601 qui
960 1537 1098 1582 omnem
1120 1518 1284 1583 fabricam
1304 1519 1379 1602 pul·

260 1617 371 1678 monis
391 1635 436 1679 ex
455 1617 633 1677 anatomia
653 1616 760 1689 novit,
782 1617 809 1678 si
829 1615 961 1679 confert
981 1615 1076 1678 illam
1094 1636 1171 1681 cum
1188 1613 1379 1693 intelledtu,

259 1721 376 1796 potest
394 1712 485 1776 clare
502 1713 630 1786 videre,
647 1713 738 1794 quod
757 1711 955 1776 intellectus
974 1713 1058 1776 nihil
1077 1723 1161 1796 agat
1180 1734 1291 1789 exse,
1311 1734 1380 1780 non

260 1813 426 1894 percipiat
458 1829 520 1873 nec
549 1812 683 1891 cogitet
711 1831 828 1883 exse,
854 1812 914 1874 sed
942 1830 1044 1873 omne
1071 1832 1117 1874 ex
1144 1809 1379 1876 affectionibus

258 1929 345 1992 quae
375 1917 454 1971 sunt
484 1910 630 1983 amoris,
665 1929 751 1990 quae
782 1909 815 1971 in
845 1905 1023 1971 intellectu
1046 1918 1214 1972 vocantur
1243 1907 1380 1974 affectio

259 2007 399 2080 sciendi,
417 2005 635 2087 intelligendi
658 2015 694 2069 et
714 2007 851 2069 videndi
871 2007 904 2068 id
927 2005 985 2086 (de
1004 2006 1125 2087 quibus
1145 2027 1246 2088 supra
1265 2005 1378 2071 actum

259 2102 340 2186 est).
386 2101 516 2166 Omnes
531 2104 622 2166 enim
639 2113 752 2167 status
769 2104 939 2186 pulmonis
958 2103 1156 2184 dependent
1173 2124 1193 2166 a
1212 2107 1379 2185 sanguine

259 2222 277 2265 e
295 2201 411 2274 corde,
432 2211 468 2264 et
491 2221 537 2263 ex
557 2221 645 2262 vena
665 2221 749 2264 cava
768 2213 803 2264 et
823 2213 932 2274 aorta,
953 2221 993 2263 ac
1017 2201 1273 2281 respirationes,
1290 2221 1378 2282 quae

258 2297 342 2363 fiunt
371 2299 406 2361 in
429 2299 532 2361 ramis
555 2297 820 2374 bronchialibus,
844 2299 1000 2362 existunt
1024 2298 1213 2361 secundum
1240 2298 1376 2362 illorum

257 2406 408 2473 statum;
433 2414 513 2457 nam
532 2404 693 2458 cessante
713 2396 888 2477 sanguinis
907 2395 1035 2458 influxu
1054 2406 1169 2461 cessat
1185 2398 1377 2478 respiratio.

257 2493 418 2575 Perplura
441 2502 586 2574 possunt
605 2492 715 2556 adhuc
740 2514 784 2556 ex
808 2493 978 2574 pulmonis
1002 2492 1130 2556 fabrica
1148 2493 1280 2556 collata
1299 2513 1376 2558 cum

256 2587 446 2666 intellectu,
461 2591 513 2654 cui
529 2590 789 2671 correspondet,
806 2590 941 2671 detegi3
961 2590 1021 2652 sed
1037 2591 1115 2672 quia
1131 2591 1276 2655 scientia
1291 2611 1374 2655 ana-

256 2689 385 2753 tomica
409 2689 525 2771 paucis
556 2698 639 2750 nota
668 2699 734 2761 est,
758 2707 799 2750 ac
823 2687 1060 2752 demonstrare
1084 2698 1144 2753 aut
1172 2688 1376 2754 confirmare

256 2784 382 2869 aliquid
414 2803 473 2866 per
496 2786 629 2866 ignota,
654 2785 752 2866 ponit
775 2803 846 2847 rem
869 2785 902 2846 in
926 2784 1148 2861 obscuritate,
1176 2807 1281 2869 quare
1304 2805 1374 2851 non

255 2883 337 2948 licet
357 2882 454 2965 plura
473 2883 515 2945 de
534 2882 587 2944 his
606 2882 729 2944 dicere.
777 2879 832 2944 Ex
856 2891 940 2945 nota
956 2883 1038 2945 mihi
1057 2882 1229 2964 pulmonis
1247 2885 1375 2949 fabrica

255 2980 357 3063 plene
381 2975 558 3043 convictus
580 2999 666 3053 sum,
690 2979 781 3061 quod
812 2998 907 3042 amor
929 2999 989 3061 per
1012 3000 1090 3043 suas
1113 2979 1310 3046 affectiones
1337 3003 1374 3046 se

255 3078 443 3160 conjungat
458 3072 659 3150 intellectui,
674 3086 710 3139 et
726 3076 817 3158 quod
834 3073 1031 3140 intelledtus
1049 3097 1116 3140 non
1133 3098 1170 3141 se
1187 3079 1374 3162 conjungat

253 3176 354 3241 alicui
373 3171 543 3239 affectioni
561 3175 698 3248 amoris,
716 3173 776 3237 sed
792 3174 883 3256 quod
904 3173 948 3237 ab
965 3193 1082 3238 amore
1098 3177 1272 3257 reciproce
1291 3196 1373 3240 con-

250 3271 425 3360 jungatur,
445 3282 585 3355 propter
602 3271 705 3336 finem
724 3281 762 3336 ut
780 3273 887 3336 amori
908 3273 954 3336 sit
972 3273 1045 3336 vita
1063 3274 1228 3337 sensitiva
1247 3284 1283 3337 et
1302 3276 1375 3339 vita

254 3369 377 3437 activa.
421 3370 475 3436 At
497 3371 638 3434 omnino
667 3370 846 3435 sciendum
875 3379 939 3446 est,
970 3369 1061 3453 quod
1084 3368 1215 3433 homini
1244 3371 1373 3453 duplex

253 3468 434 3554 respiratio
452 3468 517 3547 sit;
541 3488 608 3532 una
626 3468 764 3550 spiritus
783 3477 819 3532 et
838 3466 947 3532 altera
963 3469 1134 3548 corporis;
1159 3477 1195 3532 et
1211 3468 1302 3550 quod
1320 3491 1372 3534 re·

253 3566 395 3650 spiratio
414 3566 553 3649 spiritus
571 3565 768 3648 dependeat
787 3585 808 3628 a
826 3563 918 3628 fibris
935 3585 954 3630 e
970 3564 1128 3640 cerebris,
1141 3574 1177 3628 et
1196 3566 1374 3648 respiratio

253 3665 406 3748 corporis
434 3663 567 3726 evasis
595 3663 794 3744 sanguineis
816 3683 836 3726 e
858 3662 973 3738 corde,
998 3670 1033 3726 et
1061 3682 1191 3726 evena
1219 3682 1305 3727 cava
1337 3673 1374 3728 et

253 3771 360 3826 aorta.
406 3760 589 3834 Praeterea
605 3760 746 3824 evidens
764 3769 818 3823 est
837 3760 928 3842 quod
948 3761 1114 3842 cogitatio
1133 3761 1301 3843 producat
1319 3782 1374 3825 re-

253 3859 488 3941 spirationem,
520 3866 557 3922 et
584 3878 719 3940 quoque
746 3857 888 3922 evidens
917 3867 972 3922 est
1001 3858 1092 3940 quod
1123 3856 1256 3922 affectio
1286 3878 1374 3941 quae

252 3957 379 4020 amoris
416 3954 585 4037 producat
616 3955 887 4037 cogitationem3
927 3974 1005 4020 nam
1039 3955 1209 4036 cogitatio
1244 3956 1373 4037 absque

251 4048 432 4117 affedtione
455 4059 509 4116 est
531 4070 668 4134 prorsus
691 4053 779 4117 sicut
798 4054 976 4135 respiratio
999 4052 1128 4135 absque
1151 4052 1264 4126 corde,
1285 4073 1372 4134 quae

251 4167 322 4215 non
344 4148 469 4214 dabilis
492 4159 556 4214 est.
602 4149 688 4213 Inde
717 4159 816 4231 patet
844 4151 936 4233 quod
966 4147 1100 4214 affectio
1129 4169 1216 4232 quae
1246 4151 1373 4214 amoris

250 4247 438 4329 conjungat
455 4267 493 4311 se
509 4247 716 4329 cogitationi
727 4268 814 4330 quae
830 4243 1039 4322 intellectus,
1054 4255 1091 4310 ut
1105 4266 1205 4328 supra
1220 4243 1370 4327 diCtum3

249 4344 408 4409 similiter
423 4354 461 4408 ut
478 4363 538 4408 cor
556 4345 590 4407 in
609 4344 781 4428 pulmone.

313 4455 411 4525 413.
449 4439 553 4524 (xiii.)
580 4439 677 4520 Quod
691 4441 858 4523 sapientia
880 4439 937 4506 seu
958 4439 1143 4505 r'rrtelleilus
1160 4463 1203 4505 ex
1220 4443 1372 4524 potentia

227 4569 229 4576 .
250 4538 322 4605 sibi
333 4539 417 4604 data
431 4537 474 4603 ab
490 4559 603 4603 anrore
613 4539 727 4620 possit
743 4537 879 4612 elevari,
900 4559 938 4603 ac
954 4539 1098 4620 recipere
1113 4538 1174 4603 illa
1192 4561 1276 4623 quae
1290 4541 1371 4605 lucis

251 4645 331 4702 sunt
349 4658 368 4701 e
387 4635 486 4714 caelo,
506 4655 546 4701 ac
557 4635 728 4718 percipere
749 4634 967 4718 illa-Quod
990 4636 1095 4700 homo
1124 4640 1233 4721 possit
1261 4640 1370 4720 perci·
