3410 5382
503 677 554 730 us
578 676 716 728 mvnvs
739 675 1093 728 rnovrnsnmn-n.
1117 662 1168 746 69.
1361 681 1401 745 41

273 850 319 916 sit
343 847 477 915 affectio
499 849 592 925 boni,
617 859 654 914 et
681 870 729 914 ex
756 848 882 913 Divina
906 846 1084 931 Sapientia
1107 848 1218 932 Ipsius
1241 847 1334 934 quod
1357 849 1404 915 sit

272 943 409 1010 affedtio
443 946 523 1009 veri.
574 941 725 1009 Affectio
757 945 839 1020 veri,
872 965 959 1028 quae
992 944 1149 1027 procedit
1183 967 1204 1009 a
1237 945 1401 1024 Domino,

273 1051 417 1125 apparet
449 1051 485 1105 ut
508 1041 686 1124 perceptio
709 1050 745 1104 et
770 1041 850 1104 inde
874 1038 1044 1124 cogitatio
1063 1039 1134 1105 veri
1157 1040 1191 1104 in
1214 1039 1343 1124 angelo
1365 1049 1404 1108 et

272 1138 306 1202 in
323 1138 473 1212 homine,
488 1158 533 1200 ex
549 1157 653 1201 causa
668 1138 748 1222 quia
763 1137 807 1200 ad
824 1136 1081 1221 perceptionem
1097 1143 1134 1200 et
1150 1137 1401 1219 cogitationem

271 1235 477 1308 attenditur,
498 1244 535 1298 et
554 1253 673 1318 parum
696 1234 740 1296 ad
765 1230 980 1298 affectionem
1003 1254 1050 1298 ex
1073 1253 1150 1318 qua,
1171 1253 1259 1318 quae
1282 1243 1401 1300 tamen

272 1349 349 1394 cum
369 1327 549 1395 affectione
569 1332 640 1394 veri
659 1341 696 1395 ut
716 1350 819 1394 unum
838 1351 858 1394 a
877 1331 1029 1395 Domino
1048 1331 1251 1414 procedunt.

335 1428 405 1510 67.
437 1427 536 1492 Nunc
556 1429 635 1511 quia
653 1428 758 1492 homo
777 1449 797 1491 a
815 1429 992 1494 creatione
1008 1437 1062 1491 est
1081 1427 1115 1491 in
1135 1428 1276 1492 minima
1290 1427 1401 1494 forma

272 1523 416 1598 caelum,
441 1534 477 1589 et
506 1524 585 1589 inde
614 1526 730 1607 imago
756 1525 907 1601 Domini,
932 1536 969 1590 et
1000 1526 1078 1608 quia
1105 1525 1238 1589 caelum
1267 1547 1315 1591 ex
1345 1538 1402 1594 tot

271 1617 507 1684 affedtionibus
541 1631 625 1704 quot
659 1632 739 1687 sunt
773 1623 889 1704 angeli
919 1623 1089 1698 consistit,
1120 1631 1157 1687 et
1191 1627 1401 1707 unaquaevis

271 1713 405 1780 affectio
428 1718 462 1780 in
485 1737 546 1781 sua
569 1717 677 1781 forma
699 1728 754 1782 est
777 1718 893 1795 homo,
914 1720 1068 1802 sequitur
1086 1718 1178 1802 quod
1197 1721 1400 1785 continuum

272 1811 417 1876 Divinae
442 1813 683 1877 Providentiae
707 1815 764 1888 sit,
785 1825 822 1878 ut
845 1815 951 1879 homo
974 1813 1034 1879 fiat
1058 1814 1192 1879 caelum
1217 1815 1251 1878 in
1278 1815 1399 1894 forma,

269 1918 307 1971 et
331 1909 411 1972 inde
434 1909 550 1992 imago
574 1909 733 1988 Domini;
767 1920 804 1975 et
827 1913 906 1994 quia
929 1911 995 1976 hoc
1026 1908 1064 1975 fit
1094 1932 1156 1994 per
1181 1907 1400 1978 all'eAEtionem

270 2003 352 2067 boni
369 2016 404 2068 et
420 2006 502 2079 veri,
521 2014 558 2068 ut
575 2004 634 2069 frat
649 2002 784 2069 affectio
800 2005 880 2070 illa:
913 2007 979 2070 hoc
996 2007 1111 2089 itaque
1128 2015 1182 2070 est
1199 2006 1400 2070 continuum

271 2098 416 2163 Divinae
437 2101 687 2164 Providentiae.
733 2100 897 2167 Intimum
914 2112 1030 2166 autem
1049 2099 1120 2183 ejus
1140 2111 1205 2176 est,
1222 2110 1260 2166 ut
1280 2102 1324 2167 sit
1343 2100 1399 2168 hic

270 2204 330 2258 aut
346 2194 391 2258 ibi
411 2195 571 2270 incaelo,
589 2217 648 2259 seu
665 2195 719 2259 hic
736 2207 796 2262 aut
813 2198 858 2261 ibi
877 2199 911 2262 in
932 2199 1060 2262 Divino
1076 2196 1219 2262 caelesti
1236 2195 1398 2275 Homine,

268 2289 317 2353 sic
348 2291 440 2353 enim
473 2292 507 2354 in
542 2291 693 2355 Domino
722 2301 787 2356 est.
832 2292 900 2358 Sed
929 2294 996 2360 hoc
1027 2291 1066 2359 fit
1095 2313 1173 2358 cum
1204 2291 1282 2368 illis,
1310 2313 1398 2376 quos

270 2383 440 2450 Dominus
464 2388 507 2451 ad
531 2388 666 2451 caelum
685 2388 810 2453 ducere
830 2400 960 2472 potest.
1005 2391 1054 2454 Et
1074 2391 1152 2472 quia
1171 2389 1341 2453 Dominus
1364 2389 1398 2454 id

269 2483 461 2563 praevidet,
482 2485 589 2547 etiam
608 2485 772 2547 continue
792 2487 953 2567 providet
973 2496 1010 2550 ut
1030 2485 1111 2550 talis
1127 2482 1210 2564 fiat3
1238 2485 1286 2548 sic
1306 2485 1398 2550 enim

267 2579 391 2656 omnis,
412 2579 469 2663 qui
491 2579 536 2642 ad
560 2578 695 2642 caelum
718 2599 754 2643 se
778 2579 856 2645 duci
875 2583 1018 2664 patitur,
1038 2581 1083 2644 ad
1105 2598 1204 2644 suum
1226 2579 1341 2645 locum
1363 2579 1398 2644 in

269 2673 368 2738 caelo
387 2683 621 2757 praeparatur.

332 2768 406 2834 68.
436 2769 502 2835 Est
534 2768 681 2846 caelum,
706 2778 744 2835 ut
770 2789 873 2850 supra
899 2764 1029 2832 dictum
1056 2776 1123 2842 est,
1147 2767 1182 2831 in
1208 2766 1400 2831 societates

266 2862 481 2941 distinctum,
516 2874 600 2949 quot
633 2875 715 2930 sunt
748 2883 889 2947 organa,
927 2864 1071 2937 viscera,
1105 2871 1142 2926 et
1176 2862 1330 2926 membra
1363 2863 1397 2927 in

268 2957 428 3038 homine,
461 2970 497 3025 et
522 2963 556 3025 in
578 2961 630 3025 his
650 2982 719 3026 non
739 2970 858 3044 potest
878 2976 945 3022 una
969 2978 1046 3041 pars
1069 2957 1103 3022 in
1126 2957 1195 3022 alio
1218 2956 1297 3021 loco
1319 2978 1398 3023 esse

265 3075 370 3138 quam
400 3057 434 3119 in
464 3077 536 3120 suo.
583 3057 667 3121 Cum
696 3059 813 3141 itaque
843 3054 960 3136 angeli
990 3063 1071 3118 sunt
1098 3052 1187 3118 tales
1216 3064 1333 3136 partes
1363 3054 1397 3118 in

268 3150 395 3214 Divino
414 3152 556 3216 caelesti
577 3150 740 3228 Homine,
759 3161 795 3216 et
815 3168 883 3214 non
902 3149 960 3212 alii
979 3149 1065 3213 fiunt
1084 3147 1201 3230 angeli
1220 3167 1322 3231 quam
1341 3147 1398 3231 qui

264 3245 402 3310 suerunt
425 3245 585 3310 homines
608 3249 643 3312 in
666 3249 806 3322 mundo,
831 3246 986 3328 sequitur
1011 3245 1104 3328 quod
1134 3244 1250 3320 homo,
1274 3244 1330 3327 qui
1359 3264 1398 3309 se

265 3341 345 3406 duci
368 3343 500 3425 patitur
521 3343 566 3407 ad
589 3343 734 3418 caelum,
760 3364 780 3406 a
803 3340 957 3405 Domino
984 3341 1147 3404 continue
1177 3348 1398 3422 praeparetur

265 3437 310 3500 ad
335 3457 432 3502 suum
456 3437 581 3516 locum,
606 3441 699 3523 quod
722 3438 760 3503 fit
788 3458 848 3520 per
874 3435 982 3501 talem
1009 3432 1225 3499 allectionem
1251 3435 1334 3500 boni
1360 3444 1398 3500 et

265 3534 337 3595 veri
365 3554 451 3616 quae
483 3534 741 3617 correspondet.
787 3534 827 3597 ln
858 3531 948 3596 hunc
981 3529 1095 3595 locum
1122 3531 1228 3595 etiam
1253 3531 1397 3614 quisque

266 3627 373 3693 homo
392 3630 536 3712 angelus
561 3640 642 3713 post
665 3647 849 3695 excessum
873 3649 892 3692 e
916 3626 1045 3691 mundo
1064 3626 1269 3692 inscribitur.
1317 3624 1396 3692 Hoc

266 3732 321 3787 est
340 3725 499 3788 intimum
520 3726 666 3790 Divinae
685 3725 929 3790 Providentiae
947 3725 990 3787 de
1009 3722 1120 3787 caelo.

330 3818 406 3901 69.
438 3820 556 3885 Homo
574 3833 692 3885 autem
716 3821 833 3905 quise
857 3819 901 3883 ad
925 3819 1058 3883 caelum
1082 3838 1152 3882 non
1175 3817 1254 3882 duci
1280 3825 1317 3882 et
1344 3817 1396 3880 in·

264 3914 368 3978 scribi
398 3917 540 3998 patitur,
572 3927 795 4001 praeparatur
827 3916 872 3980 ad
906 3914 1020 3978 locum
1054 3933 1153 3978 suum
1185 3913 1220 3977 in
1254 3912 1396 3976 inferno.

269 4008 386 4074 Homo
401 4013 493 4075 enim
513 4033 533 4075 a
554 4033 591 4078 se
614 4013 777 4077 continue
804 4011 918 4077 tendit
941 4009 985 4074 ad
1009 4009 1161 4074 infimum
1181 4009 1314 4082 inferni,
1335 4009 1397 4074 sed

265 4125 287 4168 a
306 4095 457 4172 Domino
475 4110 640 4173 continue
659 4109 859 4173 abducitur:
894 4116 931 4171 et
950 4106 1006 4189 qui
1030 4125 1099 4171 non
1123 4104 1246 4169 abduci
1265 4113 1396 4186 potest,

265 4214 492 4285 praeparatur
515 4205 559 4270 ad
582 4205 755 4292 quendam
779 4203 894 4269 locum
917 4203 975 4277 ibi,
998 4202 1053 4267 eui
1074 4201 1179 4265 etiam
1202 4200 1398 4264 inscribitur

266 4299 388 4362 statim
404 4311 484 4383 post
501 4320 685 4366 excessum
702 4319 800 4364 suum
817 4321 837 4364 e
857 4298 1008 4376 mundo;
1032 4305 1069 4362 et
1088 4296 1144 4361 hic
1161 4295 1257 4361 locus
1275 4295 1323 4360 ibi
1342 4303 1398 4361 est

263 4397 446 4478 oppositus
462 4397 597 4462 cuidam
616 4396 695 4461 loco
715 4397 749 4461 in
768 4395 877 4472 caelo,
896 4414 976 4460 nam
992 4393 1160 4458 infernum
1180 4393 1214 4458 in
1232 4392 1397 4476 opposito

263 4500 320 4555 est
344 4503 466 4557 contra
486 4493 629 4558 caelum.
675 4491 790 4575 Quare
809 4493 898 4556 sicut
914 4491 1020 4556 homo
1043 4489 1188 4573 angelus
1207 4488 1396 4554 secundum

227 4589 241 4660 ’ζ
265 4585 481 4652 affectionem
501 4589 582 4653 boni
601 4597 639 4654 et
658 4589 730 4654 veri
750 4608 846 4654 suurn
870 4588 1012 4653 sortitur
1031 4586 1145 4652 locum
1165 4586 1199 4651 in
1218 4583 1327 4662 caelo,
1346 4584 1397 4650 ita

265 4681 371 4749 homo
395 4683 552 4750 diabolus
580 4684 769 4751 secundum
793 4680 1009 4749 affectionem
1034 4681 1116 4748 mali
1140 4691 1176 4748 et
1197 4680 1274 4747 falsi
1297 4698 1396 4746 suum
