3448 5374
298 586 381 735 ,iero
669 634 869 690 sacreum
891 627 1088 712 nuunuce
1165 627 1168 632 '

281 782 295 867 ι’
313 822 351 878 et
369 813 417 877 sic
440 811 471 876 ei
490 810 585 876 nulla
601 809 723 892 religio
741 819 817 888 est;
844 807 900 872 vel
919 807 1051 890 cogitat
1069 824 1187 872 verum
1210 812 1243 870 et
1266 801 1347 870 iacit
1370 803 1435 869 bo-

138 868 167 1011 s
315 927 395 971 num
414 927 434 969 a
452 927 500 982 se,
521 916 556 970 et
576 915 658 970 tunc
678 903 770 988 quod
789 904 951 966 Divinum
970 912 1034 977 est,
1054 901 1117 965 sibi
1137 899 1286 964 addicat.
1331 896 1435 980 Quod

247 1000 260 1079 ,¹
315 1001 421 1066 homo
445 1020 562 1065 verum
586 1001 742 1082 cogitare
765 1008 802 1063 et
832 999 960 1061 bonum
983 997 1094 1060 iacere
1120 993 1277 1078 [debeat]
1302 995 1391 1059 sicut
1413 1011 1435 1060 a

196 1118 202 1149 π
235 1126 243 1161 r
316 1115 364 1172 se,
384 1096 541 1160 videatur
570 1097 605 1159 in
626 1093 791 1158 Domina
821 1092 916 1158 Vitae
938 1101 1005 1173 pro
1026 1091 1127 1154 Nova
1147 1088 1435 1171 semanima

314 1191 481 1274 principio
497 1191 540 1254 ad
559 1189 672 1253 finem.

377 1285 477 1368 426.
502 1282 608 1368 (xxi.)
634 1282 733 1363 Quod
746 1304 841 1347 antor
855 1279 1049 1363 spirituales
1063 1289 1096 1343 et
1111 1278 1261 1346 caelestis
1280 1278 1327 1343 sit
1340 1298 1437 1343 amor
1518 1287 1519 1292 ’

313 1399 396 1462 erga
409 1379 606 1460 proximum
620 1389 652 1442 et
669 1399 766 1443 amor
785 1378 821 1441 in
839 1377 1018 1442 Dominum
1025 1395 1042 1450 ,·
1070 1383 1104 1438 et
1123 1374 1213 1458 quod
1225 1394 1322 1438 amor
1336 1383 1433 1437 natri-

315 1474 402 1538 ralis
417 1485 450 1537 et
463 1473 629 1538 sensualis
646 1473 694 1538 sit
708 1494 805 1538 amor
817 1471 936 1536 mundi
943 1480 976 1535 et
989 1492 1085 1535 amor
1098 1469 1270 1534 sui-Per
1281 1486 1434 1533 amorem

314 1589 399 1652 erga
420 1571 617 1651 proximum
640 1568 846 1651 intelligitur
869 1586 965 1631 amor
987 1584 1120 1642 usuum,
1140 1573 1176 1630 et
1199 1585 1260 1654 per
1281 1581 1433 1628 amorem

313 1661 349 1732 in
365 1662 554 1730 Dominum
565 1664 768 1748 intelligitur
784 1683 882 1729 amor
895 1661 1042 1728 faciendi
1054 1679 1146 1738 usus,
1159 1669 1198 1725 ut
1212 1659 1302 1743 prius
1315 1667 1434 1724 osten·

314 1781 390 1828 sum
406 1773 469 1828 est.
513 1761 625 1828 Causa
639 1763 732 1847 quod
750 1761 785 1826 hi
801 1781 936 1827 amores
951 1760 1020 1824 sint
1036 1757 1231 1841 spirituales
1246 1767 1283 1824 et
1301 1756 1434 1823 caeles·

252 1933 254 1936 ,
315 1867 381 1935 tes,
401 1869 455 1922 est
474 1860 552 1941 quia
571 1877 685 1922 amare
701 1879 791 1933 usus,
809 1867 845 1921 et
863 1856 974 1920 iacere
991 1853 1069 1919 illos
1087 1875 1134 1919 ex
1152 1873 1268 1918 amore
1284 1852 1432 1929 illorum,

315 1962 371 2018 est
384 1962 581 2036 separatum
593 1954 638 2016 ab
649 1971 765 2019 amore
778 1953 903 2035 proprii
919 1950 1067 2015 hominis
1079 1971 1087 2030 ;
1112 1948 1258 2032 namqui
1273 1949 1433 2030 spiritua·

314 2042 394 2108 liter
421 2054 514 2107 amat
541 2065 630 2120 usus,
659 2045 687 2108 is
717 2065 785 2109 non
816 2067 864 2119 se,
885 2044 947 2108 sed
974 2043 1062 2108 alios
1091 2054 1193 2108 extra
1221 2065 1268 2118 se,
1293 2061 1436 2125 quorum

314 2138 407 2204 bono
431 2139 588 2215 afficitur,
605 2137 750 2222 spectat.
795 2141 859 2204 His
877 2139 1050 2204 amoribus
1069 2141 1220 2220 oppositi
1240 2148 1320 2201 sunt
1337 2157 1435 2202 amo·

313 2253 368 2297 res
383 2235 434 2297 sui
453 2243 489 2297 et
510 2233 637 2309 mundi,
655 2253 734 2297 nam
754 2233 788 2296 hi
808 2254 885 2302 non¹
897 2229 1057 2316 spetlant
1077 2253 1157 2296 usus
1177 2241 1318 2314 propter
1335 2231 1434 2308 alios,

313 2329 375 2392 sed
406 2337 547 2411 propter
575 2349 632 2407 se;
662 2338 699 2393 et
729 2329 785 2411 qui
814 2329 880 2394 hoc
910 2329 1050 2404 iaciunt,
1074 2329 1250 2391 invertunt
1280 2327 1435 2390 ordinem

314 2425 487 2500 Divinum,
513 2445 552 2490 ac
587 2445 625 2490 se
654 2435 788 2507 ponunt
818 2424 897 2490 loco
926 2424 1077 2500 Domini,
1101 2433 1139 2489 et
1168 2422 1331 2487 mundum
1358 2422 1437 2488 loco

312 2520 400 2585 caeli
415 2544 422 2600 ;
446 2523 526 2585 inde
542 2530 595 2584 est
615 2521 706 2603 quod
723 2518 883 2603 spenent
900 2529 994 2586 retro
1012 2540 1033 2583 a
1052 2519 1203 2584 Domino
1219 2529 1255 2583 et
1273 2538 1295 2582 a
1313 2516 1435 2596 caelo;

313 2627 349 2682 et
369 2614 638 2699 spestareretro
657 2615 800 2696 abillis,
819 2626 873 2681 est
895 2617 939 2680 ad
967 2614 1153 2680 infernum:
1185 2614 1247 2678 sed
1270 2612 1369 2696 plura
1390 2612 1435 2677 de

313 2710 365 2775 his
392 2712 565 2776 amoribus
585 2711 768 2777 videantur
791 2733 893 2795 supra
917 2710 965 2795 (n.
986 2710 1078 2794 424).
1123 2708 1191 2775 Sed
1214 2709 1319 2774 homo
1337 2726 1433 2773 amo-

312 2827 384 2872 rem
413 2807 560 2872 faciendi
590 2828 670 2871 usus
693 2816 835 2891 propter
864 2827 945 2872 usus
975 2827 1045 2871 non
1075 2807 1184 2871 sentit
1207 2815 1243 2870 et
1274 2805 1433 2890 percipit,

311 2904 400 2968 sicut
424 2922 576 2968 amorem
599 2902 746 2967 faciendi
769 2923 849 2967 usus
871 2913 1012 2986 propter
1031 2922 1090 2981 se;
1114 2901 1193 2966 inde
1216 2921 1351 2984 quoque
1374 2922 1435 2968 ne·

311 2999 388 3074 scit,
403 2999 484 3062 dum
503 3018 582 3062 usus
600 2998 693 3074 iacit,
708 3017 789 3063 num
808 2997 888 3063 illos
906 3009 1048 3080 propter
1063 3017 1143 3061 usus
1161 3004 1221 3062 aut
1239 3007 1382 3080 propter
1397 3017 1435 3063 se

311 3095 427 3159 iaciat.
474 3093 525 3157 At
549 3095 649 3170 sciat,
670 3094 762 3178 quod
786 3102 926 3159 tanturn
948 3093 1050 3183 ¹faciat
1074 3113 1154 3157 usus
1177 3099 1319 3174 propter
1342 3113 1433 3170 usus,

311 3200 478 3276 quantum
501 3189 588 3272 sugit
618 3189 732 3268 mala;
763 3209 843 3254 nam
867 3200 1034 3272 quantum
1063 3187 1149 3254 haec
1172 3187 1272 3272 sugit,
1295 3196 1435 3252 tantum

310 3307 379 3352 non
399 3308 420 3350 a
439 3307 475 3350 se
490 3285 571 3349 iacit
588 3305 677 3360 usus,
695 3286 757 3349 sed
773 3306 794 3349 a
810 3284 981 3348 Domino:
1007 3282 1135 3348 malum
1147 3283 1238 3348 enirn
1253 3293 1290 3348 et
1306 3283 1435 3348 bonum

309 3393 391 3446 sunt
411 3381 595 3465 opposita;
619 3401 723 3463 quare
742 3390 908 3463 quantum
924 3381 999 3463 quis
1018 3379 1140 3444 nonin
1160 3377 1252 3444 malo
1270 3388 1335 3454 est,
1355 3388 1434 3443 tan-

310 3487 384 3542 tum
407 3478 441 3540 in
460 3476 554 3542 bono
573 3487 638 3541 est.
683 3475 796 3541 Nemo
812 3477 846 3540 in
862 3475 954 3540 malo
973 3484 1010 3540 et
1028 3475 1063 3539 in
1081 3474 1176 3540 bono
1195 3482 1313 3557 potest
1332 3472 1434 3539 simul

310 3593 410 3648 esse,
427 3575 506 3656 quia
541 3592 644 3638 nemo
676 3581 795 3657 potest
823 3573 957 3637 duobus
984 3572 1132 3636 dominis
1164 3571 1265 3636 simul
1294 3570 1433 3637 servire.

311 3664 409 3731 Haec
425 3664 517 3732 uitta
532 3677 624 3744 sunt,
642 3678 680 3732 ut
698 3667 835 3745 sciatur,
852 3669 944 3753 quod
964 3667 1106 3731 tametsi
1121 3665 1227 3734 homo
1243 3686 1313 3731 non
1331 3687 1433 3731 sensu

309 3762 467 3846 percipit,
488 3781 568 3827 num
593 3783 673 3826 usus
695 3782 781 3846 quos
799 3761 891 3839 iacit,
912 3761 981 3826 sint
1000 3770 1144 3846 propter
1161 3781 1253 3840 usus,
1273 3771 1333 3826 aut
1351 3781 1433 3827 num

309 3857 379 3922 sint
409 3868 552 3941 propter
581 3878 629 3934 se,
649 3857 715 3921 hoc
746 3867 811 3935 est,
832 3877 912 3921 num
942 3877 1021 3921 usus
1050 3857 1121 3922 sint
1150 3856 1357 3940 spirituales,
1377 3856 1433 3922 vel

309 3972 390 4017 num
409 3955 478 4017 sint
498 3972 591 4018 mere
607 3951 792 4028 naturales,
810 3972 916 4036 usque
934 3952 970 4016 id
988 3953 1076 4018 scire
1091 3951 1202 4036 possit
1220 3973 1267 4018 ex
1285 3973 1338 4028 eo,
1353 3969 1432 4018 num

309 4050 445 4134 cogitat
460 4048 550 4114 mala
563 4069 639 4114 esse
652 4056 797 4131 peccata
810 4047 865 4112 vel
883 4067 972 4113 non:
996 4047 1025 4113 si
1040 4046 1174 4131 cogitat
1186 4068 1263 4113 esse
1274 4056 1431 4131 peccata,

309 4154 345 4210 et
364 4156 549 4229 propterea
567 4165 637 4209 non
655 4144 738 4209 iacit
757 4143 826 4220 illa,
846 4154 928 4209 tunc
949 4164 1029 4208 usus
1048 4163 1134 4228 quos
1153 4144 1236 4209 iacit
1259 4154 1340 4209 sunt
1363 4145 1432 4228 spi-

308 4241 472 4321 rituales3
505 4239 620 4305 ethic
644 4240 725 4304 dum
749 4260 795 4303 ex
818 4240 1036 4305 aversatione
1058 4239 1145 4324 sugit
1168 4247 1324 4323 peccata,
1348 4249 1434 4305 tunc

308 4337 414 4400 etiam
433 4336 552 4422 incipit
569 4356 671 4402 sensu
687 4336 862 4418 percipere
878 4354 1030 4400 amorem
1046 4355 1166 4400 usuum
1182 4345 1325 4418 propter
1339 4355 1432 4414 usus,

309 4440 345 4498 et
363 4432 433 4497 hoc
452 4452 498 4497 ex
515 4431 683 4515 spirituali
698 4431 848 4514 jucundo
867 4432 902 4495 in
920 4431 1000 4496 illis.
1267 4423 1269 4430 ’

371 4539 466 4609 427.
490 4524 610 4610 (xxii.)
636 4525 734 4606 Quod
740 4525 851 4590 simite
864 4525 912 4590 sit
922 4547 994 4591 cum
1003 4525 1171 4592 charitate
1183 4537 1217 4592 et
1221 4527 1305 4611 fide,
1316 4537 1349 4592 et
1358 4545 1432 4590 cum

309 4617 449 4686 illarum
470 4621 701 4708 conjonctione,
721 4631 759 4686 ut
785 4630 837 4686 est
855 4641 929 4686 cum
954 4621 1125 4687 voluntate
1147 4631 1182 4687 et
1205 4617 1382 4699 inteliciiu,
1397 4626 1432 4686 et
