3358 5384
373 636 413 703 54
726 635 929 691 SAPIENTIA
952 636 1148 690 ANGELICA

370 806 478 871 forma
489 826 641 872 unacum
652 806 731 883 illis,
743 807 849 872 immo
861 828 907 872 ex
919 806 986 872 illis
998 831 1006 889 ;
1023 809 1150 894 alioqui
1161 811 1274 877 forent
1285 813 1397 878 solum
1410 815 1493 880 ima·

369 903 468 984 gines
481 903 640 979 hominis,
652 903 686 966 in
696 903 816 988 quibus
826 923 895 968 non
905 905 989 980 vita,
1001 907 1079 988 quia
1087 907 1180 971 intus
1191 928 1260 972 non
1270 908 1380 974 forma
1391 910 1493 976 vitae.

434 997 530 1081 136.
562 998 693 1064 Notum
716 1008 779 1076 est,
799 1001 891 1083 quod
910 1000 1072 1066 voluntas
1091 1011 1126 1066 et
1146 1001 1346 1069 intelled'ms
1369 1016 1493 1089 regant

369 1113 493 1177 corpus
517 1096 561 1159 ad
584 1106 716 1173 nutum,
737 1097 828 1180 quod
853 1097 944 1161 enim
967 1096 1166 1163 intellettus
1189 1103 1335 1184 cogitat,
1355 1101 1422 1167 hoc
1441 1103 1492 1168 lo·

369 1191 484 1273 quitur
502 1211 552 1268 os,
573 1202 609 1257 et
628 1192 720 1277 quod
738 1192 900 1257 voluntas
916 1193 1003 1270 vult,
1023 1193 1088 1258 hoc
1106 1197 1179 1278 agit
1195 1216 1339 1280 corpus;
1359 1219 1404 1263 ex
1421 1203 1492 1283 qui·

369 1286 431 1349 bus
448 1296 559 1369 patet,
573 1289 666 1371 quod
682 1309 806 1372 corpus
821 1290 866 1354 sit
885 1289 995 1354 forma
1010 1293 1286 1374 correspondens
1301 1293 1492 1360 intelledtui

368 1393 404 1446 et
424 1383 617 1463 voluntati;
642 1395 678 1452 et
698 1387 778 1469 quia
797 1386 840 1449 de
859 1383 1040 1453 intelledtu
1059 1397 1095 1452 et
1115 1387 1297 1455 voluntate
1316 1393 1422 1456 etiam
1441 1392 1491 1455 di-

367 1481 455 1544 citur
481 1480 601 1556 forma,
625 1483 716 1565 quod
744 1481 852 1546 forma
881 1483 1035 1565 corporis
1062 1487 1334 1570 correspondeat
1363 1487 1493 1552 formae

367 1576 565 1642 intelledtus
588 1588 624 1643 et
643 1577 856 1656 voluntatis;
889 1580 950 1642 sed
974 1579 1084 1663 qualis
1108 1601 1175 1645 una
1192 1593 1228 1646 et
1248 1582 1362 1647 altera
1383 1583 1492 1647 forma

367 1679 432 1745 est,
454 1690 523 1734 non
542 1669 639 1753 hujus
662 1670 729 1735 loci
753 1681 807 1736 est
831 1671 1044 1736 describere:
1075 1684 1154 1736 sunt
1174 1676 1280 1738 etiam
1300 1676 1493 1740 innumera·

368 1762 449 1825 bilia
472 1764 506 1826 in
530 1773 694 1846 utraque;
726 1784 766 1827 ac
785 1763 1049 1828 innumerabilia
1071 1766 1229 1850 utrinque
1249 1787 1351 1831 unum
1371 1775 1490 1850 agunt,

367 1856 445 1936 quia
463 1855 527 1918 sibi
546 1865 666 1918 mutuo
683 1857 967 1939 correspondent.
1014 1857 1099 1921 Inde
1116 1868 1181 1932 est,
1201 1860 1292 1942 quod
1309 1879 1417 1937 mens,
1432 1882 1491 1924 seu

366 1949 529 2011 voluntas
548 1959 584 2012 et
603 1947 813 2025 intelledtus,
833 1959 933 2032 regat
953 1970 1078 2033 corpus
1097 1951 1139 2014 ad
1161 1962 1304 2030 nutum;
1328 1953 1378 2017 ita
1397 1973 1491 2034 pror·

366 2061 422 2103 sus
452 2041 541 2104 sicut
565 2051 676 2106 semet
700 2043 820 2123 ipsam.
866 2042 922 2106 Ex
946 2043 999 2106 his
1023 2046 1184 2126 sequitur,
1205 2045 1295 2128 quod
1326 2046 1491 2109 interiora

367 2133 493 2197 mentis
523 2154 626 2198 unum
655 2144 763 2216 agant
794 2154 871 2198 cum
901 2136 1120 2200 interioribus
1150 2138 1311 2219 corporis,
1335 2147 1371 2200 et
1399 2138 1490 2221 quod

365 2227 541 2290 exteriora
557 2227 684 2290 mentis
703 2246 779 2290 cum
797 2229 1025 2292 exterioribus
1042 2230 1206 2311 corporis.
1251 2228 1303 2293 De
1320 2229 1490 2294 interiori·

365 2321 428 2383 bus
458 2321 584 2384 mentis
610 2320 743 2383 dicetur
766 2319 862 2394 infra,
887 2321 968 2384 dum
997 2322 1088 2402 prius
1115 2323 1158 2385 de
1186 2321 1348 2404 gradibus
1375 2324 1488 2401 vitae;

364 2413 524 2477 similiter
543 2423 624 2477 tunc
645 2413 688 2476 de
705 2412 923 2476 interioribus
943 2415 1105 2496 corporis.

427 2523 521 2591 137.
554 2507 727 2592 Quoniam
747 2509 911 2572 interiora
930 2512 1056 2573 mentis
1076 2530 1179 2573 unum
1199 2510 1327 2573 faciunt
1343 2530 1420 2573 cum
1436 2510 1487 2574 in·

364 2603 546 2666 terioribus
565 2603 728 2683 corporis,
747 2602 901 2684 sequitur
920 2603 1011 2684 quod
1028 2603 1108 2666 dum
1126 2604 1289 2665 interiora
1306 2604 1432 2666 mentis
1451 2623 1487 2667 se

363 2705 504 2758 vertunt
528 2694 572 2757 ad
597 2693 783 2758 Dominum
807 2704 845 2758 ut
870 2692 998 2769 Solem,
1019 2697 1125 2758 etiam
1148 2695 1312 2758 interiora
1335 2697 1487 2777 corporis

364 2787 521 2851 similiter
539 2787 687 2863 saciant;
716 2797 751 2849 et
772 2788 851 2869 quia
870 2788 1044 2850 exteriora
1063 2788 1248 2869 utriusque,
1269 2797 1341 2849 tam
1362 2788 1486 2850 mentis

363 2899 464 2964 quam
482 2881 643 2961 corporis,
659 2879 703 2942 ab
718 2879 936 2944 interioribus
956 2899 1073 2943 eorum
1090 2879 1255 2961 pendent,
1274 2879 1365 2960 quod
1382 2881 1485 2942 etiam

363 2972 423 3036 illa
453 2972 609 3035 similiter
639 2972 776 3035 saciant.
831 2970 933 3053 Quod
964 2973 1054 3035 enim
1089 2981 1270 3035 externum
1301 2971 1396 3044 lacit,
1420 2972 1484 3035 hoc

362 3065 444 3129 lacit
462 3065 506 3128 ab
522 3065 675 3138 internis,
690 3084 769 3127 nam
787 3085 969 3128 commune
987 3065 1094 3128 trahit
1111 3084 1214 3128 omne
1230 3084 1327 3127 suum
1345 3085 1364 3126 a
1381 3065 1485 3146 parti-

363 3158 544 3232 cularibus,
565 3179 585 3220 a
604 3159 724 3240 quibus
744 3167 808 3220 est.
855 3157 912 3220 Ex
931 3158 983 3221 his
1004 3167 1112 3240 patet,
1133 3157 1226 3241 quod
1245 3157 1324 3240 quia
1343 3156 1485 3238 angelus

361 3253 467 3315 vertit
496 3250 617 3314 faciem
646 3261 682 3313 et
710 3271 833 3333 corpus
864 3252 908 3313 ad
939 3250 1125 3314 Dominum
1156 3260 1194 3313 ut
1225 3247 1354 3322 Solem,
1381 3251 1483 3312 etiam

362 3345 477 3408 omnia
501 3346 664 3407 interiora
689 3344 814 3406 mentis
838 3354 874 3406 et
899 3344 1050 3425 corporis
1080 3342 1150 3423 ejus
1180 3342 1259 3405 illuc
1283 3362 1383 3405 versa
1405 3343 1484 3404 sint.

362 3435 481 3501 Simile
511 3447 563 3500 est
593 3456 669 3500 cum
700 3436 850 3509 homine,
875 3437 903 3498 si
929 3436 987 3498 ille
1011 3434 1139 3516 jugiter
1162 3435 1267 3498 habet
1299 3434 1484 3498 Dominum

361 3540 443 3592 ante
467 3528 598 3602 oculos,
619 3529 710 3611 quod
734 3527 771 3591 fir
795 3530 822 3590 si
847 3530 880 3590 in
904 3549 1020 3591 amore
1044 3538 1080 3590 et
1105 3528 1276 3610 sapientia
1295 3537 1371 3603 est;
1402 3536 1482 3589 tunc

362 3641 431 3684 non
455 3622 559 3684 modo
583 3621 691 3684 oculis
714 3631 749 3684 et
772 3621 859 3684 facie
884 3621 999 3702 Ipsum
1024 3618 1172 3702 spedtat,
1193 3621 1254 3684 sed
1278 3621 1384 3682 etiam
1407 3629 1484 3682 tota

362 3724 479 3777 mente
503 3723 540 3777 et
564 3724 643 3778 toto
667 3714 782 3787 corde,
803 3713 868 3776 hoc
893 3724 957 3786 est,
979 3713 1135 3776 omnibus
1160 3712 1351 3776 voluntatis
1374 3723 1410 3776 et
1433 3713 1484 3774 in-

363 3803 533 3879 tellectus,
555 3816 591 3869 et
610 3805 708 3868 simul
729 3807 887 3869 omnibus
907 3807 1069 3888 corporis.

425 3898 521 3982 138.
552 3901 739 3966 Conversio
758 3902 817 3965 illa
835 3903 878 3965 ad
900 3903 1084 3966 Dominum
1104 3910 1157 3965 est
1177 3898 1320 3964 adtualis
1340 3919 1483 3964 conver·

361 3995 427 4072 sio;
452 4004 506 4057 est
521 3995 690 4076 quaedam
704 3995 873 4059 elevatio:
895 3995 1050 4058 elevatur
1061 3995 1150 4058 enim
1166 3995 1200 4057 in
1217 3993 1367 4057 calorem
1381 4003 1417 4057 et
1433 3991 1483 4055 lu·

361 4106 437 4150 cem
450 4086 548 4162 caeli,
561 4088 651 4170 quod
664 4087 703 4152 fit
717 4109 776 4171 per
788 4089 878 4170 quod
892 4089 1087 4170 aperiantur
1099 4089 1263 4151 interiora
1275 4108 1282 4164 ;
1306 4107 1393 4169 quae
1407 4103 1483 4148 cum

361 4189 483 4261 aperta
495 4191 585 4255 sunt,
599 4181 708 4244 influit
721 4202 818 4245 amor
834 4191 870 4245 et
886 4183 1056 4262 sapientia
1069 4183 1103 4244 in
1117 4181 1279 4244 interiora
1291 4179 1429 4253 mentis,
1444 4196 1483 4240 ac

361 4273 456 4336 calor
471 4283 507 4337 et
524 4273 583 4336 lux
600 4274 686 4338 caeli
702 4275 735 4337 in
752 4275 915 4337 interiora
928 4275 1101 4355 corporis3
1126 4274 1204 4335 inde
1220 4271 1382 4346 elevatio,
1397 4288 1484 4352 quae

361 4375 415 4428 est
438 4367 525 4429 sicut
545 4388 564 4430 e
583 4367 700 4430 nimbo
723 4369 757 4430 in
777 4386 902 4440 aerem,
921 4387 980 4429 seu
1000 4387 1045 4429 ex
1069 4387 1146 4428 aere
1166 4367 1199 4428 in
1220 4363 1417 4428 aetherem:
1442 4381 1483 4424 ac

361 4476 458 4521 amor
474 4469 510 4522 et
526 4461 694 4541 sapientia
710 4479 917 4524 cumeorum
934 4458 1049 4522 calore
1066 4469 1102 4522 et
1127 4459 1201 4520 luce
1218 4466 1297 4519 sunt
1313 4455 1482 4518 Dominus

361 4551 452 4630 apud
468 4551 653 4626 hominem,
667 4553 734 4634 qui,
752 4562 789 4616 ut
806 4553 896 4634 prius
913 4548 1040 4614 diflum
1057 4561 1123 4625 est,
1138 4551 1242 4613 vertit
1259 4548 1353 4611 illum
1368 4549 1411 4610 ad
1429 4547 1482 4611 Se.

362 4641 580 4707 Contrarium
599 4655 653 4708 est
672 4646 762 4726 apud
784 4644 864 4709 illos
883 4644 938 4727 qui
958 4663 1027 4707 non
1050 4644 1085 4706 in
1108 4663 1224 4706 amore
1244 4651 1278 4705 et
1303 4642 1482 4723 sapientia,
