3268 5380
325 653 366 733 78
675 659 878 712 SAPIENTIA
902 657 1099 709 ANGELICA

323 835 471 900 Locutio
491 856 552 918 per
568 833 695 916 gradus
711 843 764 897 est
786 832 914 896 locutio
930 828 1115 906 abstradta,
1134 837 1292 914 quaeest
1312 826 1452 893 univer-

323 926 414 1004 salis,
435 930 485 992 ita
504 925 719 1011 applicabilis
738 926 843 989 cuivis
863 921 1016 1006 subjecto
1035 935 1095 987 aut
1114 924 1173 999 rei,
1194 943 1281 1006 quae
1304 924 1337 986 in
1357 921 1451 1003 ejus-

322 1021 457 1084 cemodi
477 1019 638 1102 gradibus
658 1027 748 1082 sunt.

386 1127 482 1197 197.
512 1111 715 1194 Applicatio
743 1109 813 1174 lieri
843 1118 961 1192 potest
991 1110 1035 1172 ad
1065 1109 1181 1172 omnia
1199 1107 1268 1182 illa,
1293 1128 1385 1192 quae
1416 1107 1449 1168 in

322 1203 551 1287 praecedente
563 1203 710 1267 articulo
722 1205 893 1267 recensita
905 1211 997 1277 sunt,
1009 1211 1046 1266 ut
1060 1203 1103 1264 ad
1115 1200 1298 1274 musculos,
1309 1219 1448 1266 nervos.

323 1296 486 1359 materias
505 1305 541 1360 et
560 1305 677 1380 partes
697 1295 872 1379 utriusque
890 1296 998 1377 regni,
1018 1293 1224 1376 vegetabilis
1243 1305 1279 1355 et
1298 1294 1448 1355 minera-

322 1387 375 1463 lis,
392 1389 435 1451 ad
454 1388 667 1452 substantias
684 1388 865 1470 organicas
883 1408 970 1471 quae
986 1397 1065 1451 sunt
1086 1384 1238 1468 subjedta
1257 1384 1448 1468 cogitatio·

322 1499 403 1543 num
415 1491 450 1545 et
462 1477 678 1544 affetiionum
692 1482 726 1544 in
736 1481 884 1555 homine,
896 1481 939 1544 ad
953 1479 1223 1562 atmosphaeras.
1236 1479 1279 1542 ad
1293 1478 1447 1540 calorem

322 1581 358 1635 et
379 1571 502 1648 lucem,
523 1582 559 1636 et
582 1573 626 1636 ad
649 1592 802 1636 amorem
826 1582 863 1636 et
885 1573 1101 1654 sapientiam.
1148 1571 1187 1635 In
1207 1570 1366 1634 omnibus
1390 1577 1447 1632 est

323 1664 468 1744 primum
485 1667 582 1728 unice
599 1683 748 1747 regnans
764 1667 797 1728 in
814 1665 1047 1746 sequentibus,
1065 1665 1170 1728 immo
1187 1672 1240 1727 est
1257 1665 1395 1726 unicum
1412 1663 1446 1724 in

321 1755 410 1832 illis;
435 1767 470 1819 et
484 1759 562 1839 quia
574 1767 628 1820 est
639 1759 774 1819 unicum
788 1758 821 1819 in
835 1756 912 1829 illis,
927 1767 980 1821 est
994 1777 1096 1819 omne
1109 1759 1142 1820 in
1157 1756 1232 1819 illis.
1279 1754 1382 1836 Quod
1397 1755 1447 1818 ita

323 1850 379 1920 sit,
391 1850 493 1910 etiam
511 1859 608 1929 patet
625 1869 670 1910 ex
687 1850 738 1911 his
755 1870 843 1931 quae
860 1858 941 1912 nota
957 1860 1048 1920 sunt,
1061 1869 1184 1931 nempe
1198 1848 1288 1930 quod
1306 1847 1381 1910 finis
1400 1848 1445 1910 sit

323 1958 425 2002 omne
448 1959 582 2011 causae,
608 1951 643 2002 et
667 1942 757 2022 quod
783 1961 841 2022 per
864 1961 1003 2004 causam
1027 1943 1071 2004 sit
1094 1961 1195 2004 omne
1219 1938 1378 2016 effe&us;
1404 1957 1444 2000 ac

322 2032 400 2094 ideo
414 2030 499 2106 finis,
514 2052 617 2094 causa
633 2043 669 2094 et
684 2031 824 2096 eliet‘tus
840 2035 1001 2097 dicuntur
1017 2033 1091 2096 finis
1107 2035 1247 2115 primus,
1262 2032 1394 2095 medius
1408 2040 1444 2093 et

323 2123 485 2200 ultimus;
509 2134 581 2187 tum
600 2125 691 2207 quod
711 2146 814 2189 causa
834 2146 958 2188 causae
981 2127 1026 2188 sit
1044 2127 1150 2188 etiam
1167 2145 1269 2187 causa
1288 2125 1443 2192 causati:

322 2223 358 2278 et
380 2217 471 2297 quod
496 2216 578 2279 nihil
598 2218 785 2281 essentiale
808 2218 841 2281 in
865 2219 976 2281 causis
999 2219 1044 2281 sit
1068 2238 1168 2299 quam
1192 2216 1276 2288 finis,
1294 2227 1334 2278 et
1357 2211 1444 2278 nihil

322 2308 509 2372 essentiale
532 2309 565 2372 in
589 2321 687 2373 motu
710 2330 811 2393 quam
835 2320 1000 2374 conatus:
1036 2321 1109 2373 tum
1132 2310 1221 2395 quod
1247 2309 1444 2371 substantia

323 2401 422 2464 unica
440 2403 495 2475 sit,
516 2403 654 2483 quaein
675 2423 712 2465 se
731 2403 926 2466 substantia
943 2413 1006 2465 est.

385 2494 483 2573 198.
513 2493 570 2556 Ex
590 2494 641 2557 his
662 2494 752 2558 clare
773 2504 890 2576 potest
910 2495 1027 2571 videri,
1044 2496 1135 2578 quod
1157 2495 1329 2568 Divinum,
1349 2491 1442 2577 quod

322 2593 375 2648 est
394 2586 587 2648 substantia
614 2588 647 2648 in
673 2607 720 2660 se,
741 2607 800 2650 seu
823 2589 922 2650 unica
949 2598 985 2650 et
1015 2587 1100 2660 sola,
1121 2588 1165 2649 sit
1196 2608 1241 2649 ex
1271 2607 1337 2668 qua
1360 2595 1442 2647 sunt

322 2678 437 2741 omnia
454 2688 489 2738 et
507 2679 640 2758 singula
654 2698 740 2760 quae
757 2689 873 2742 creata
890 2689 979 2752 sunt,
995 2681 1044 2742 ita
1060 2680 1150 2762 quod
1167 2679 1260 2742 Deus
1276 2680 1321 2741 sit
1339 2697 1441 2741 omne

321 2769 355 2830 in
379 2770 537 2831 omnibus
562 2772 717 2844 universi,
743 2773 930 2835 secundum
954 2771 1013 2834 illa
1036 2793 1121 2856 quae
1148 2772 1181 2834 in
1206 2771 1305 2835 Parte
1330 2770 1442 2834 Prima

321 2859 589 2924 ¹¹¹dem0nstrata
616 2873 715 2925 sunt:
748 2872 795 2937 ut,
821 2862 922 2944 Quod
952 2864 1094 2927 Divinus
1119 2864 1229 2927 Amor
1255 2874 1290 2926 et
1316 2863 1441 2926 Divina

321 2952 498 3034 Sapientia
511 2955 555 3016 sit
569 2954 762 3017 substantia
778 2965 814 3018 et
831 2956 939 3019 forma
957 2954 1154 3038 (n.4o-43):
1181 2953 1282 3038 Quod
1296 2955 1440 3018 Divinus

321 3044 432 3108 Amor
444 3057 479 3108 et
494 3045 618 3109 Divina
638 3045 814 3128 Sapientia
829 3050 873 3110 sit
889 3048 1083 3112 substantia
1100 3059 1134 3110 et
1153 3049 1259 3111 lorma
1276 3050 1309 3110 in
1322 3069 1369 3120 se,
1391 3049 1441 3111 ita

321 3138 431 3218 ipsum
453 3148 487 3202 et
510 3140 644 3202 unicum
672 3137 718 3222 (n.
738 3138 882 3222 44—46):
912 3137 1015 3222 Quod
1038 3141 1152 3204 omnia
1179 3142 1213 3203 in
1238 3142 1396 3204 universo
1420 3161 1440 3202 a

322 3229 447 3293 Divino
465 3231 595 3295 Amore
612 3243 647 3295 et
664 3232 787 3295 Divina
803 3231 979 3315 Sapientia
996 3243 1113 3296 creata
1127 3235 1195 3296 sint
1210 3232 1257 3316 (n.
1270 3230 1437 3316 ι’Ῑ52-6ο);

322 3321 423 3403 Quod
437 3325 515 3387 inde
533 3327 727 3387 universum
748 3336 900 3388 creatum
917 3326 960 3388 sit
978 3327 1093 3406 imago
1111 3325 1220 3406 Ipsius
1239 3325 1437 3409 (n.61-65):

322 3411 423 3494 Quod
442 3416 534 3478 solus
551 3417 718 3480 Dominus
737 3419 780 3479 sit
798 3417 942 3492 caelum,
961 3416 1015 3479 ubi
1032 3417 1146 3498 angeli
1166 3417 1212 3498 (n.
1232 3419 1399 3500 113-118).

320 3695 435 3780 QUOD
458 3709 585 3762 OMNES
608 3713 890 3765 PERFECTIONES
913 3715 1109 3766 CRESCANT
1132 3717 1179 3765 ET
1210 3715 1439 3768 ASCENDANT

514 3805 592 3857 CUM
616 3806 805 3858 GRADlBUS
830 3809 877 3858 ET
900 3809 1104 3862 SECUNDUM
1128 3811 1245 3863 ILLOS.

382 3992 483 4060 199.
513 3975 615 4060 Quod
638 3979 782 4060 duplicis
802 3981 937 4062 generis
960 3982 1086 4063 gradus
1110 3983 1190 4058 sint,
1208 3984 1335 4065 gradus
1359 3983 1438 4048 lati·

319 4069 448 4133 tudinis
467 4080 502 4135 et
522 4070 649 4152 gradus
669 4071 872 4144 altitudinis,
891 4093 991 4155 supra
1012 4071 1059 4156 (n.
1081 4073 1237 4157 184-188)
1259 4086 1437 4140 ostensum

318 4171 394 4240 est;
426 4171 462 4227 et
484 4162 576 4247 quod
595 4164 720 4246 gradus
741 4163 933 4228 latitudinis
952 4166 1022 4229 sint
1045 4167 1133 4231 sicut
1158 4164 1242 4230 lucis
1261 4171 1438 4251 vergentis

318 4253 362 4318 ad
382 4256 548 4332 umbram,
565 4264 624 4319 aut
641 4257 728 4319 sicut
748 4259 938 4339 sapientiae
955 4259 997 4320 ad
1016 4259 1247 4340 ignorantiam
1262 4280 1269 4338 ;
1293 4269 1330 4324 at
1347 4262 1437 4343 quod

317 4347 446 4428 gradus
469 4346 661 4412 altitudinis
685 4350 753 4411 sint
782 4350 868 4412 sicut
896 4349 982 4424 finis,
1003 4370 1107 4413 causa
1137 4360 1172 4415 et
1202 4349 1353 4428 effodies,
1378 4363 1438 4416 aut

317 4437 407 4502 sicut
424 4439 525 4521 prius,
540 4441 711 4521 posterius
727 4452 762 4503 et
780 4451 1000 4522 postremum.
1046 4443 1098 4506 De
1115 4443 1167 4506 his
1180 4445 1341 4525 gradibus
1354 4445 1436 4508 dici-

318 4539 374 4593 tur
390 4531 479 4613 quod
496 4533 687 4595 ascendant
705 4544 763 4594 aut
782 4533 1006 4604 descendant.
1021 4546 1100 4598 sunt
1117 4537 1207 4599 enim
1225 4536 1437 4611 altitudinis:

317 4622 362 4685 de
386 4622 451 4685 illis
470 4634 586 4687 autem
607 4626 730 4687 dicitur
750 4627 839 4707 quod
860 4639 1016 4690 crescant
1041 4639 1098 4690 aut
1123 4630 1336 4708 decrescant,
1358 4641 1439 4695 sunt
