3268 5380
424 631 474 683 ne
496 629 631 681 mvuvo
655 629 799 688 anona,
820 627 913 678 rans
935 626 1062 677 1v.-u.
1081 615 1151 694 338.
1283 627 1340 694 147

227 801 290 876 nis,
309 808 344 864 et
361 819 447 884 quae
465 798 593 863 iaciunt
612 808 649 861 ut
667 796 772 861 homo
789 796 929 879 recipiat
946 795 1119 878 spirituale
1135 817 1154 858 a
1170 794 1339 872 Domino;

227 904 264 958 at
277 915 338 977 per
349 913 429 957 usus
443 893 552 955 malos
565 890 804 973 intelliguntur
817 891 930 955 omnia
943 911 1029 972 quae
1041 891 1221 953 destruunt
1235 891 1339 952 ratio·

227 987 316 1064 nale,
335 997 371 1052 et
387 985 515 1049 iaciunt
532 995 568 1048 ut
583 985 688 1048 homo
704 1005 772 1048 non
789 983 858 1048 fieri
875 983 1059 1066 spiritualis
1072 985 1190 1065 possit.
1238 981 1338 1064 Quod

228 1080 288 1145 illa
304 1101 390 1164 quae
406 1081 568 1144 damnum
588 1080 734 1143 inierunt
753 1079 892 1155 homini,
910 1079 1067 1142 dicantur
1083 1099 1171 1152 usna,
1189 1088 1243 1140 est
1262 1079 1341 1159 quia

229 1174 328 1238 malis
346 1175 420 1238 usui
438 1183 517 1237 sunt
539 1174 583 1236 ad
607 1172 899 1248 malefaciendum,
919 1181 955 1236 et
978 1173 1067 1254 quod
1087 1173 1190 1234 etiam
1210 1173 1339 1233 condu-

228 1279 310 1332 cant
326 1269 369 1332 ad
386 1268 623 1348 malignitates
635 1267 879 1341 absorbendas,
894 1267 942 1330 ita
959 1287 1091 1349 quoque
1107 1266 1150 1328 ad
1168 1266 1339 1328 medelas:

228 1362 351 1426 dicitur
369 1382 448 1425 usus
470 1362 504 1424 in
523 1371 665 1443 utroque
685 1380 796 1435 sensu,
817 1362 904 1424 sicut
928 1381 1032 1434 amor,
1053 1370 1089 1421 ut
1113 1381 1207 1423 amor
1231 1360 1339 1422 bonus

230 1466 265 1519 et
284 1475 381 1520 amor
397 1455 517 1532 malus,
534 1465 570 1519 et
588 1474 685 1518 amor
699 1464 802 1518 vocat
821 1473 916 1518 usum
936 1474 1037 1518 omne
1056 1454 1088 1516 id
1108 1455 1199 1536 quod
1217 1455 1261 1517 ab
1279 1453 1340 1517 illo

231 1549 388 1718 fit'ffl.
418 1631 521 1715 Quod
543 1654 622 1696 usus
643 1634 723 1697 boni
753 1635 822 1696 sint
852 1653 871 1695 a
902 1633 1061 1704 Domino,
1082 1642 1117 1695 et
1147 1633 1237 1714 quod
1260 1651 1340 1696 usus

229 1728 309 1792 mali
327 1729 397 1792 siut
416 1729 459 1792 ab
477 1728 619 1804 inferno,
640 1729 930 1792 demonstrabitur
948 1727 1012 1790 hoc
1032 1727 1149 1790 ordine
1163 1745 1216 1788 :-

405 1862 448 1930 (i.)
475 1861 557 1932 Quid
572 1865 659 1931 super
670 1859 772 1915 tellure
784 1861 961 1931 intelligitur
967 1864 1024 1930 per
1036 1877 1103 1912 usus
1115 1857 1211 1914 malos.

399 1931 451 1999 (ri.)
479 1931 564 2002 Quod
577 1934 673 1986 omm'a
692 1949 765 2001 qaae
781 1937 850 1984 sunt
867 1947 935 1983 unis
948 1930 1028 1991 mali,
1043 1933 1103 1983 sint
1120 1933 1152 1983 in
1170 1931 1294 2000 inferna,
1312 1933 1340 1984 et

545 2019 619 2072 quae
630 2019 698 2056 usus
711 2002 779 2056 boni
790 2005 822 2054 in
837 2001 920 2055 caelo.

385 2072 448 2142 (iii.)
475 2073 561 2142 Quod
583 2074 714 2141 influxus
737 2074 889 2126 contritum
912 2074 981 2125 sita
998 2071 1103 2125 mundo
1126 2071 1284 2140 spirituali
1305 2073 1339 2124 in

545 2144 682 2196 mundum
694 2141 867 2196 naturalem.

386 2213 448 2282 (iv.)
476 2213 559 2282 Quod
568 2215 700 2284 influxus
711 2231 747 2266 ex
759 2214 876 2284 inferno
885 2217 1019 2282 operetur
1030 2211 1084 2264 illa
1099 2226 1172 2280 qaae
1184 2228 1253 2264 usus
1266 2211 1340 2264 mali

541 2292 610 2339 sunt
622 2288 654 2338 in
667 2285 734 2338 locr's
745 2284 796 2337 ubi
805 2290 873 2336 sunt
884 2283 937 2336 illa
950 2300 1024 2352 qaae
1034 2283 1257 2350 correspondent.

398 2356 448 2428 (v.)
475 2355 560 2428 Quod
569 2357 703 2410 ultz'mum
715 2355 872 2424 spirituale
879 2357 1046 2423 separatum
1059 2370 1078 2405 a
1090 2354 1237 2422 superiori
1245 2369 1296 2405 suo
1307 2352 1340 2405 id

577 2433 681 2479 eretur.

385 2497 447 2568 (vl.)
473 2431 653 2568 Quorilnae
656 2496 776 2566 formae
787 2497 896 2547 suntin
906 2511 979 2563 qaas
990 2497 1118 2563 operatio
1124 2497 1180 2563 per
1192 2493 1339 2560 r'nstuxum

536 2567 584 2636 fit,
589 2567 695 2637 forma
707 2566 873 2635 vegetabilis
884 2566 1020 2636 etforma
1033 2564 1180 2617 animalis.

377 2637 451 2709 (vil.)
478 2637 562 2708 Quod
582 2643 706 2705 utraque
726 2638 832 2707 forma
851 2636 1029 2706 facultatem
1042 2633 1236 2705 propagandi
1255 2649 1339 2688 suunt

537 2723 639 2778 genus,
657 2712 685 2760 et
691 2707 916 2777 propagationis
931 2706 1033 2768 medio,
1049 2708 1184 2774 accipiat.

292 2850 392 2933 338·
408 2848 460 2933 (i.)
476 2847 567 2926 Quat
573 2857 674 2929 super
682 2847 797 2911 tellure
809 2847 1007 2928 intelligitur
1010 2856 1078 2928 per
1090 2868 1169 2910 usus
1182 2845 1339 2908 malos.-

231 2947 294 3011 Per
311 2965 390 3007 usus
409 2946 518 3007 malos
536 2964 636 3026 super
655 2943 778 3007 tellure
797 2943 1035 3022 intelliguntur
1052 2945 1165 3005 omnia
1182 2944 1286 3003 noxia
1305 2941 1338 3002 in

231 3052 374 3122 utroque
406 3059 523 3120 regno,
548 3039 685 3102 animali
716 3049 751 3100 et
781 3039 978 3118 vegetabili,
1003 3049 1037 3100 et
1069 3057 1202 3120 quoque
1234 3036 1339 3098 noxia

230 3136 263 3198 in
280 3153 386 3215 regno
405 3135 567 3196 minerali.
613 3131 737 3195 Omnia
753 3135 857 3194 noxia
876 3134 908 3194 in
928 3132 993 3194 illis
1014 3133 1126 3212 regnis
1147 3151 1212 3193 non
1238 3140 1338 3194 vacat

229 3248 440 3301 enumerare,
458 3248 536 3290 nam
556 3228 620 3290 hoc
640 3229 726 3290 soret
746 3247 931 3307 congerere
952 3229 1106 3300 nomina;
1138 3246 1176 3288 ac
1202 3226 1339 3289 nomina

230 3342 417 3404 congerere
440 3323 567 3404 absque
586 3323 794 3385 indicatione
815 3342 937 3394 noxae,
958 3340 1057 3402 quam
1078 3320 1254 3402 quodlibet
1278 3339 1339 3400 ge·

230 3437 293 3479 nus
323 3418 491 3498 producit,
513 3435 580 3478 non
609 3417 674 3479 lert
701 3416 794 3478 illum
815 3436 921 3487 usum,
946 3435 1044 3496 quem
1076 3414 1140 3477 hoc
1172 3435 1255 3495 opus
1279 3433 1340 3494 pro

229 3509 296 3573 fine
311 3511 425 3574 habet.
471 3511 610 3592 Propter
626 3512 801 3573 scientiam
819 3509 940 3571 sufficit
958 3509 1010 3571 hic
1028 3509 1138 3590 aliqua
1155 3511 1339 3571 nominare.

229 3603 329 3667 Talia
356 3613 434 3667 sunt
461 3607 494 3667 in
526 3625 632 3685 regno
655 3604 793 3667 animali
817 3614 993 3684 serpentes
1014 3604 1184 3676 venenati,
1205 3603 1338 3684 scorpii,

230 3698 403 3772 crocodili,
425 3700 601 3774 dracones,
623 3699 786 3772 bubones,
809 3699 932 3770 ululae,
952 3717 1075 3773 mures,
1097 3698 1261 3770 locustae,
1285 3717 1338 3759 ra-

229 3813 305 3867 nae,
326 3813 490 3871 araneae;
522 3803 595 3856 tum
619 3813 766 3868 muscae,
791 3794 866 3865 fuci,
888 3793 1031 3866 blattae,
1052 3793 1208 3874 pediculi,
1229 3793 1338 3872 acari;

229 3887 345 3960 verbu,
370 3909 455 3970 quae
485 3898 690 3951 consumunt
720 3890 886 3970 gramina,
918 3887 1008 3960 solia,
1036 3885 1172 3961 fruitus,
1197 3889 1337 3962 semina,

228 3983 324 4046 cibos
340 3991 375 4045 et
393 3993 505 4063 potuS,
520 3993 555 4046 et
572 4003 699 4046 noxam
716 3984 862 4046 inierunt
876 3984 993 4045 bestiis
1011 3989 1044 4045 et
1060 3981 1260 4045 hominibus.
1299 3981 1338 4042 In

228 4096 337 4157 regno
356 4077 542 4157 vegetabili
562 4087 640 4141 sunt
664 4097 782 4141 omnes
801 4078 927 4141 herbae
948 4078 1130 4158 malignae,
1151 4077 1338 4138 virulentae

229 4184 265 4234 et
289 4175 486 4249 toxicatae;
520 4183 556 4235 et
576 4174 697 4236 similia
720 4173 893 4255 legumina
912 4185 946 4236 et
967 4172 1124 4253 virgulta.
1170 4171 1210 4233 In
1232 4189 1339 4251 regno

229 4264 383 4328 minerali
411 4285 529 4329 omnes
560 4277 671 4332 terrae
694 4279 895 4330 venenatae.
940 4269 995 4330 Ex
1019 4268 1072 4331 his
1096 4267 1211 4347 paucis
1236 4265 1339 4328 videri

228 4371 358 4441 potest,
376 4359 456 4441 quid
473 4381 532 4441 per
548 4383 625 4424 usus
642 4361 749 4424 malos
765 4384 865 4444 super
880 4363 998 4425 tellure
1013 4361 1235 4441 intelligitur:
1260 4371 1338 4423 sunt

229 4454 320 4515 enim
344 4475 423 4516 usus
448 4454 527 4517 mali
550 4457 663 4518 omnia
685 4477 771 4538 quae
802 4461 960 4538 opposita
990 4469 1068 4519 sunt
1096 4456 1210 4518 usibus
1229 4455 1338 4529 bonis,

229 4545 273 4609 de
292 4548 412 4631 quibus
432 4551 464 4611 in
484 4569 564 4612 mox
585 4551 812 4632 praecedente
829 4552 972 4615 articulo
994 4549 1056 4632 [(n.
1077 4549 1180 4632 336)].
