<?xml version="1.0" encoding="UTF-8"?>
<!DOCTYPE html PUBLIC "-//W3C//DTD XHTML 1.0 Transitional//EN"
    "http://www.w3.org/TR/xhtml1/DTD/xhtml1-transitional.dtd">
<html xmlns="http://www.w3.org/1999/xhtml" xml:lang="en" lang="en">
 <head>
  <title>
</title>
<meta http-equiv="Content-Type" content="text/html;charset=utf-8" />
  <meta name='ocr-system' content='tesseract 3.04.00' />
  <meta name='ocr-capabilities' content='ocr_page ocr_carea ocr_par ocr_line ocrx_word'/>
</head>
<body>
  <div class='ocr_page' id='page_1' title='image "./sapientaangelic01swedgoog_0045.png"; bbox 0 0 3344 5402; ppageno 0'>
   <div class='ocr_carea' id='block_1_1' title="bbox 342 667 1118 736">
    <p class='ocr_par' dir='ltr' id='par_1_1' title="bbox 342 667 1118 736">
     <span class='ocr_line' id='line_1_1' title="bbox 342 667 1118 736; baseline -0.001 -17"><span class='ocrx_word' id='word_1_1' title='bbox 342 669 384 736; x_wconf 74' lang='lat'><strong>30</strong></span> <span class='ocrx_word' id='word_1_2' title='bbox 695 667 898 720; x_wconf 81' lang='lat' dir='ltr'><strong>SAPIENTIA</strong></span> <span class='ocrx_word' id='word_1_3' title='bbox 922 668 1118 720; x_wconf 86' lang='lat' dir='ltr'>ANGELICA</span> 
     </span>
    </p>
   </div>
   <div class='ocr_carea' id='block_1_2' title="bbox 339 839 1469 1810">
    <p class='ocr_par' dir='ltr' id='par_1_2' title="bbox 339 839 1469 1810">
     <span class='ocr_line' id='line_1_2' title="bbox 339 839 1468 924; baseline 0.006 -22"><span class='ocrx_word' id='word_1_4' title='bbox 339 859 402 922; x_wconf 83' lang='lat' dir='ltr'><strong>ges</strong></span> <span class='ocrx_word' id='word_1_5' title='bbox 425 840 516 922; x_wconf 92' lang='lat' dir='ltr'><strong>quod</strong></span> <span class='ocrx_word' id='word_1_6' title='bbox 548 839 597 903; x_wconf 84' lang='lat' dir='ltr'><strong>ita</strong></span> <span class='ocrx_word' id='word_1_7' title='bbox 627 841 691 903; x_wconf 92' lang='lat' dir='ltr'><strong>sit:</strong></span> <span class='ocrx_word' id='word_1_8' title='bbox 723 851 759 904; x_wconf 88' lang='lat' dir='ltr'><strong>at</strong></span> <span class='ocrx_word' id='word_1_9' title='bbox 794 843 934 906; x_wconf 82' lang='lat' dir='ltr'><strong>remitte</strong></span> <span class='ocrx_word' id='word_1_10' title='bbox 963 843 1214 924; x_wconf 83' lang='lat' dir='ltr'>cogitationem</span> <span class='ocrx_word' id='word_1_11' title='bbox 1244 844 1277 907; x_wconf 97' lang='lat' dir='ltr'><strong>in</strong></span> <span class='ocrx_word' id='word_1_12' title='bbox 1309 844 1468 909; x_wconf 90' lang='lat' dir='ltr'><strong>naturale</strong></span> 
     </span>
     <span class='ocr_line' id='line_1_3' title="bbox 340 938 1467 1025; baseline 0.006 -24"><span class='ocrx_word' id='word_1_13' title='bbox 340 939 455 1002; x_wconf 92' lang='lat' dir='ltr'><strong>lumen</strong></span> <span class='ocrx_word' id='word_1_14' title='bbox 472 939 562 1023; x_wconf 92' lang='lat' dir='ltr'><strong>quod</strong></span> <span class='ocrx_word' id='word_1_15' title='bbox 580 938 687 1002; x_wconf 92' lang='lat' dir='ltr'><strong>trahit</strong></span> <span class='ocrx_word' id='word_1_16' title='bbox 708 960 753 1002; x_wconf 89' lang='lat' dir='ltr'><strong>ex</strong></span> <span class='ocrx_word' id='word_1_17' title='bbox 773 941 898 1023; x_wconf 86' lang='lat' dir='ltr'><strong>spatio,</strong></span> <span class='ocrx_word' id='word_1_18' title='bbox 916 961 1031 1004; x_wconf 89' lang='lat' dir='ltr'><strong>annon</strong></span> <span class='ocrx_word' id='word_1_19' title='bbox 1048 942 1107 1004; x_wconf 93' lang='lat' dir='ltr'><strong>illa</strong></span> <span class='ocrx_word' id='word_1_20' title='bbox 1124 953 1161 1006; x_wconf 93' lang='lat' dir='ltr'><strong>ut</strong></span> <span class='ocrx_word' id='word_1_21' title='bbox 1181 945 1359 1025; x_wconf 87' lang='lat' dir='ltr'><strong>paradoxa</strong></span> <span class='ocrx_word' id='word_1_22' title='bbox 1376 947 1467 1008; x_wconf 91' lang='lat' dir='ltr'><strong>visu·</strong></span> 
     </span>
     <span class='ocr_line' id='line_1_4' title="bbox 340 1035 1469 1120; baseline 0.003 -17"><span class='ocrx_word' id='word_1_23' title='bbox 340 1059 395 1103; x_wconf 92' lang='lat' dir='ltr'><strong>rus</strong></span> <span class='ocrx_word' id='word_1_24' title='bbox 415 1037 475 1102; x_wconf 89' lang='lat' dir='ltr'><strong>es?</strong></span> <span class='ocrx_word' id='word_1_25' title='bbox 498 1046 533 1101; x_wconf 92' lang='lat' dir='ltr'><strong>et</strong></span> <span class='ocrx_word' id='word_1_26' title='bbox 555 1038 582 1100; x_wconf 92' lang='lat' dir='ltr'><strong>si</strong></span> <span class='ocrx_word' id='word_1_27' title='bbox 605 1037 752 1102; x_wconf 88' lang='lat' dir='ltr'><strong>multum</strong></span> <span class='ocrx_word' id='word_1_28' title='bbox 771 1039 930 1113; x_wconf 87' lang='lat' dir='ltr'><strong>remittis,</strong></span> <span class='ocrx_word' id='word_1_29' title='bbox 951 1035 1135 1120; x_wconf 68' lang='lat' dir='ltr'><strong>rejecturus</strong></span> <span class='ocrx_word' id='word_1_30' title='bbox 1153 1061 1200 1104; x_wconf 90' lang='lat' dir='ltr'><strong>es.</strong></span> <span class='ocrx_word' id='word_1_31' title='bbox 1247 1040 1344 1106; x_wconf 91' lang='lat' dir='ltr'><strong>Haec</strong></span> <span class='ocrx_word' id='word_1_32' title='bbox 1365 1063 1469 1106; x_wconf 89' lang='lat' dir='ltr'><strong>causa</strong></span> 
     </span>
     <span class='ocr_line' id='line_1_5' title="bbox 340 1136 1467 1222; baseline 0.004 -22"><span class='ocrx_word' id='word_1_33' title='bbox 340 1147 393 1200; x_wconf 92' lang='lat' dir='ltr'><strong>est</strong></span> <span class='ocrx_word' id='word_1_34' title='bbox 414 1136 504 1219; x_wconf 90' lang='lat' dir='ltr'><strong>quod</strong></span> <span class='ocrx_word' id='word_1_35' title='bbox 524 1137 658 1200; x_wconf 87' lang='lat' dir='ltr'><strong>dicatur</strong></span> <span class='ocrx_word' id='word_1_36' title='bbox 674 1137 765 1219; x_wconf 94' lang='lat' dir='ltr'><strong>quod</strong></span> <span class='ocrx_word' id='word_1_37' title='bbox 786 1136 947 1200; x_wconf 90' lang='lat' dir='ltr'><strong>Divinum</strong></span> <span class='ocrx_word' id='word_1_38' title='bbox 965 1136 1108 1220; x_wconf 91' lang='lat' dir='ltr'><strong>impleat</strong></span> <span class='ocrx_word' id='word_1_39' title='bbox 1125 1139 1240 1202; x_wconf 89' lang='lat' dir='ltr'><strong>omnia</strong></span> <span class='ocrx_word' id='word_1_40' title='bbox 1259 1141 1373 1222; x_wconf 90' lang='lat' dir='ltr'><strong>spatia</strong></span> <span class='ocrx_word' id='word_1_41' title='bbox 1393 1142 1467 1204; x_wconf 87' lang='lat' dir='ltr'><strong>uni·</strong></span> 
     </span>
     <span class='ocr_line' id='line_1_6' title="bbox 340 1233 1467 1318; baseline 0.007 -24"><span class='ocrx_word' id='word_1_42' title='bbox 340 1235 439 1310; x_wconf 92' lang='lat' dir='ltr'><strong>versi,</strong></span> <span class='ocrx_word' id='word_1_43' title='bbox 457 1243 492 1296; x_wconf 92' lang='lat' dir='ltr'><strong>et</strong></span> <span class='ocrx_word' id='word_1_44' title='bbox 510 1234 599 1317; x_wconf 92' lang='lat' dir='ltr'><strong>quod</strong></span> <span class='ocrx_word' id='word_1_45' title='bbox 618 1255 687 1298; x_wconf 94' lang='lat' dir='ltr'><strong>non</strong></span> <span class='ocrx_word' id='word_1_46' title='bbox 700 1234 834 1298; x_wconf 89' lang='lat' dir='ltr'><strong>dicatur</strong></span> <span class='ocrx_word' id='word_1_47' title='bbox 847 1235 938 1318; x_wconf 92' lang='lat' dir='ltr'><strong>quod</strong></span> <span class='ocrx_word' id='word_1_48' title='bbox 956 1234 1049 1299; x_wconf 90' lang='lat' dir='ltr'><strong>Deus</strong></span> <span class='ocrx_word' id='word_1_49' title='bbox 1066 1233 1184 1300; x_wconf 91' lang='lat' dir='ltr'>Homo</span> <span class='ocrx_word' id='word_1_50' title='bbox 1197 1237 1362 1318; x_wconf 87' lang='lat' dir='ltr'><strong>impleat:</strong></span> <span class='ocrx_word' id='word_1_51' title='bbox 1388 1259 1467 1302; x_wconf 87' lang='lat' dir='ltr'><strong>nam</strong></span> 
     </span>
     <span class='ocr_line' id='line_1_7' title="bbox 340 1329 1466 1416; baseline 0.004 -20"><span class='ocrx_word' id='word_1_52' title='bbox 340 1334 368 1396; x_wconf 92' lang='lat' dir='ltr'><strong>si</strong></span> <span class='ocrx_word' id='word_1_53' title='bbox 387 1331 453 1395; x_wconf 92' lang='lat' dir='ltr'><strong>hoc</strong></span> <span class='ocrx_word' id='word_1_54' title='bbox 474 1332 655 1411; x_wconf 87' lang='lat' dir='ltr'><strong>diceretur,</strong></span> <span class='ocrx_word' id='word_1_55' title='bbox 677 1353 745 1397; x_wconf 94' lang='lat' dir='ltr'><strong>non</strong></span> <span class='ocrx_word' id='word_1_56' title='bbox 769 1329 1012 1416; x_wconf 84' lang='lat' dir='ltr'><strong>suffragaretur</strong></span> <span class='ocrx_word' id='word_1_57' title='bbox 1034 1355 1127 1398; x_wconf 88' lang='lat' dir='ltr'><strong>mere</strong></span> <span class='ocrx_word' id='word_1_58' title='bbox 1152 1334 1311 1400; x_wconf 89' lang='lat' dir='ltr'><strong>naturale</strong></span> <span class='ocrx_word' id='word_1_59' title='bbox 1331 1335 1466 1400; x_wconf 90' lang='lat' dir='ltr'><strong>lumen:</strong></span> 
     </span>
     <span class='ocr_line' id='line_1_8' title="bbox 341 1430 1467 1516; baseline 0.004 -22"><span class='ocrx_word' id='word_1_60' title='bbox 341 1431 402 1494; x_wconf 91' lang='lat' dir='ltr'><strong>sed</strong></span> <span class='ocrx_word' id='word_1_61' title='bbox 416 1431 506 1514; x_wconf 90' lang='lat' dir='ltr'><strong>quod</strong></span> <span class='ocrx_word' id='word_1_62' title='bbox 526 1430 689 1495; x_wconf 90' lang='lat' dir='ltr'><strong>Divinum</strong></span> <span class='ocrx_word' id='word_1_63' title='bbox 701 1432 857 1514; x_wconf 90' lang='lat' dir='ltr'><strong>impleat,</strong></span> <span class='ocrx_word' id='word_1_64' title='bbox 872 1433 937 1496; x_wconf 93' lang='lat' dir='ltr'><strong>hoc</strong></span> <span class='ocrx_word' id='word_1_65' title='bbox 955 1432 1170 1515; x_wconf 84' lang='lat' dir='ltr'><strong>suffragatur,</strong></span> <span class='ocrx_word' id='word_1_66' title='bbox 1185 1435 1264 1516; x_wconf 91' lang='lat' dir='ltr'><strong>quia</strong></span> <span class='ocrx_word' id='word_1_67' title='bbox 1276 1435 1467 1498; x_wconf 85' lang='lat' dir='ltr'><strong>concordat</strong></span> 
     </span>
     <span class='ocr_line' id='line_1_9' title="bbox 341 1527 1469 1613; baseline 0.005 -22"><span class='ocrx_word' id='word_1_68' title='bbox 341 1548 418 1592; x_wconf 91' lang='lat' dir='ltr'><strong>cum</strong></span> <span class='ocrx_word' id='word_1_69' title='bbox 452 1527 597 1592; x_wconf 88' lang='lat' dir='ltr'><strong>lormula</strong></span> <span class='ocrx_word' id='word_1_70' title='bbox 620 1529 804 1594; x_wconf 89' lang='lat' dir='ltr'><strong>locutionis</strong></span> <span class='ocrx_word' id='word_1_71' title='bbox 828 1529 1083 1612; x_wconf 85' lang='lat' dir='ltr'><strong>theologorum,</strong></span> <span class='ocrx_word' id='word_1_72' title='bbox 1108 1532 1199 1613; x_wconf 94' lang='lat' dir='ltr'><strong>quod</strong></span> <span class='ocrx_word' id='word_1_73' title='bbox 1234 1530 1330 1596; x_wconf 90' lang='lat' dir='ltr'><strong>Deus</strong></span> <span class='ocrx_word' id='word_1_74' title='bbox 1356 1534 1469 1597; x_wconf 91' lang='lat' dir='ltr'><strong>omni·</strong></span> 
     </span>
     <span class='ocr_line' id='line_1_10' title="bbox 340 1627 1469 1709; baseline 0.004 -19"><span class='ocrx_word' id='word_1_75' title='bbox 340 1646 505 1709; x_wconf 86' lang='lat' dir='ltr'><strong>praesens</strong></span> <span class='ocrx_word' id='word_1_76' title='bbox 523 1627 577 1703; x_wconf 90' lang='lat' dir='ltr'><strong>sit,</strong></span> <span class='ocrx_word' id='word_1_77' title='bbox 599 1647 638 1691; x_wconf 92' lang='lat' dir='ltr'><strong>ac</strong></span> <span class='ocrx_word' id='word_1_78' title='bbox 658 1628 775 1693; x_wconf 90' lang='lat' dir='ltr'><strong>audiat</strong></span> <span class='ocrx_word' id='word_1_79' title='bbox 794 1637 830 1693; x_wconf 91' lang='lat' dir='ltr'><strong>et</strong></span> <span class='ocrx_word' id='word_1_80' title='bbox 854 1629 942 1692; x_wconf 90' lang='lat' dir='ltr'><strong>sciat</strong></span> <span class='ocrx_word' id='word_1_81' title='bbox 961 1630 1086 1693; x_wconf 90' lang='lat' dir='ltr'><strong>omnia.</strong></span> <span class='ocrx_word' id='word_1_82' title='bbox 1136 1627 1253 1708; x_wconf 90' lang='lat' dir='ltr'><strong>(Plura</strong></span> <span class='ocrx_word' id='word_1_83' title='bbox 1275 1629 1320 1694; x_wconf 91' lang='lat' dir='ltr'><strong>de</strong></span> <span class='ocrx_word' id='word_1_84' title='bbox 1342 1629 1407 1694; x_wconf 91' lang='lat' dir='ltr'><strong>hac</strong></span> <span class='ocrx_word' id='word_1_85' title='bbox 1430 1649 1469 1694; x_wconf 88' lang='lat' dir='ltr'><strong>re</strong></span> 
     </span>
     <span class='ocr_line' id='line_1_11' title="bbox 341 1723 839 1810; baseline 0.008 -24"><span class='ocrx_word' id='word_1_86' title='bbox 341 1723 524 1789; x_wconf 85' lang='lat' dir='ltr'><strong>videantur</strong></span> <span class='ocrx_word' id='word_1_87' title='bbox 542 1745 654 1808; x_wconf 89' lang='lat' dir='ltr'><strong>supra,</strong></span> <span class='ocrx_word' id='word_1_88' title='bbox 675 1746 708 1791; x_wconf 91' lang='lat' dir='ltr'><strong>n.</strong></span> <span class='ocrx_word' id='word_1_89' title='bbox 728 1723 839 1810; x_wconf 86' lang='lat'>7-10.)</span> 
     </span>
    </p>
   </div>
   <div class='ocr_carea' id='block_1_3' title="bbox 341 2009 1468 2171">
    <p class='ocr_par' dir='ltr' id='par_1_3' title="bbox 341 2009 1468 2171">
     <span class='ocr_line' id='line_1_12' title="bbox 341 2009 1468 2095; baseline 0.003 -18"><span class='ocrx_word' id='word_1_90' title='bbox 341 2009 457 2095; x_wconf 85' lang='lat' dir='ltr'><strong>Quoo</strong></span> <span class='ocrx_word' id='word_1_91' title='bbox 484 2011 661 2078; x_wconf 81' lang='lat' dir='ltr'><strong>Drvmuu</strong></span> <span class='ocrx_word' id='word_1_92' title='bbox 684 2024 743 2076; x_wconf 82' lang='lat' dir='ltr'><strong>s1r</strong></span> <span class='ocrx_word' id='word_1_93' title='bbox 776 2024 818 2075; x_wconf 80' lang='lat' dir='ltr'><strong>ru</strong></span> <span class='ocrx_word' id='word_1_94' title='bbox 852 2025 952 2077; x_wconf 79' lang='lat' dir='ltr'><strong>oum</strong></span> <span class='ocrx_word' id='word_1_95' title='bbox 981 2023 1164 2078; x_wconf 72' lang='lat' dir='ltr'><strong>taurona</strong></span> <span class='ocrx_word' id='word_1_96' title='bbox 1187 2025 1334 2092; x_wconf 79' lang='lat' dir='ltr'><strong>aasQua</strong></span> <span class='ocrx_word' id='word_1_97' title='bbox 1369 2027 1468 2080; x_wconf 75' lang='lat' dir='ltr'><strong>rau·</strong></span> 
     </span>
     <span class='ocr_line' id='line_1_13' title="bbox 869 2119 978 2171; baseline 0.009 -2"><span class='ocrx_word' id='word_1_98' title='bbox 869 2119 978 2171; x_wconf 75' lang='lat' dir='ltr'><strong>aona.</strong></span> 
     </span>
    </p>
   </div>
   <div class='ocr_carea' id='block_1_4' title="bbox 336 2292 1477 4729">
    <p class='ocr_par' dir='ltr' id='par_1_4' title="bbox 336 2292 1477 4729">
     <span class='ocr_line' id='line_1_14' title="bbox 405 2292 1469 2378; baseline 0.001 -19"><span class='ocrx_word' id='word_1_99' title='bbox 405 2305 475 2378; x_wconf 74' lang='lat'><strong>73·</strong></span> <span class='ocrx_word' id='word_1_100' title='bbox 504 2292 602 2358; x_wconf 87' lang='lat' dir='ltr'><strong>Sicut</strong></span> <span class='ocrx_word' id='word_1_101' title='bbox 625 2293 788 2356; x_wconf 93' lang='lat' dir='ltr'><strong>Divinum</strong></span> <span class='ocrx_word' id='word_1_102' title='bbox 811 2301 866 2356; x_wconf 91' lang='lat' dir='ltr'><strong>est</strong></span> <span class='ocrx_word' id='word_1_103' title='bbox 889 2293 924 2354; x_wconf 95' lang='lat' dir='ltr'><strong>in</strong></span> <span class='ocrx_word' id='word_1_104' title='bbox 948 2293 1041 2356; x_wconf 92' lang='lat' dir='ltr'><strong>omni</strong></span> <span class='ocrx_word' id='word_1_105' title='bbox 1060 2294 1173 2374; x_wconf 91' lang='lat' dir='ltr'><strong>spatio</strong></span> <span class='ocrx_word' id='word_1_106' title='bbox 1193 2295 1322 2376; x_wconf 89' lang='lat' dir='ltr'><strong>absque</strong></span> <span class='ocrx_word' id='word_1_107' title='bbox 1345 2296 1469 2376; x_wconf 86' lang='lat' dir='ltr'><strong>spatio,</strong></span> 
     </span>
     <span class='ocr_line' id='line_1_15' title="bbox 342 2390 1469 2472; baseline 0 -15"><span class='ocrx_word' id='word_1_108' title='bbox 342 2395 392 2458; x_wconf 88' lang='lat' dir='ltr'><strong>ita</strong></span> <span class='ocrx_word' id='word_1_109' title='bbox 416 2403 468 2456; x_wconf 89' lang='lat' dir='ltr'><strong>est</strong></span> <span class='ocrx_word' id='word_1_110' title='bbox 493 2393 526 2455; x_wconf 92' lang='lat' dir='ltr'><strong>in</strong></span> <span class='ocrx_word' id='word_1_111' title='bbox 550 2393 643 2454; x_wconf 92' lang='lat' dir='ltr'><strong>omni</strong></span> <span class='ocrx_word' id='word_1_112' title='bbox 667 2400 823 2471; x_wconf 89' lang='lat' dir='ltr'><strong>tempore</strong></span> <span class='ocrx_word' id='word_1_113' title='bbox 842 2390 971 2472; x_wconf 85' lang='lat' dir='ltr'><strong>absque</strong></span> <span class='ocrx_word' id='word_1_114' title='bbox 991 2401 1167 2472; x_wconf 87' lang='lat' dir='ltr'><strong>tempore;</strong></span> <span class='ocrx_word' id='word_1_115' title='bbox 1196 2411 1265 2455; x_wconf 96' lang='lat' dir='ltr'><strong>non</strong></span> <span class='ocrx_word' id='word_1_116' title='bbox 1289 2393 1383 2457; x_wconf 88' lang='lat' dir='ltr'><strong>enim</strong></span> <span class='ocrx_word' id='word_1_117' title='bbox 1407 2392 1469 2457; x_wconf 90' lang='lat' dir='ltr'><strong>ali·</strong></span> 
     </span>
     <span class='ocr_line' id='line_1_16' title="bbox 343 2486 1471 2575; baseline 0.002 -22"><span class='ocrx_word' id='word_1_118' title='bbox 343 2491 422 2575; x_wconf 91' lang='lat' dir='ltr'><strong>quid</strong></span> <span class='ocrx_word' id='word_1_119' title='bbox 454 2498 595 2553; x_wconf 89' lang='lat' dir='ltr'><strong>naturae</strong></span> <span class='ocrx_word' id='word_1_120' title='bbox 623 2489 796 2571; x_wconf 91' lang='lat' dir='ltr'><strong>proprium</strong></span> <span class='ocrx_word' id='word_1_121' title='bbox 827 2487 871 2551; x_wconf 91' lang='lat' dir='ltr'><strong>de</strong></span> <span class='ocrx_word' id='word_1_122' title='bbox 900 2486 1025 2550; x_wconf 91' lang='lat' dir='ltr'><strong>Divino</strong></span> <span class='ocrx_word' id='word_1_123' title='bbox 1052 2498 1172 2570; x_wconf 89' lang='lat' dir='ltr'><strong>potest</strong></span> <span class='ocrx_word' id='word_1_124' title='bbox 1202 2490 1402 2571; x_wconf 87' lang='lat' dir='ltr'><strong>praedicari,</strong></span> <span class='ocrx_word' id='word_1_125' title='bbox 1433 2501 1471 2556; x_wconf 89' lang='lat' dir='ltr'><strong>et</strong></span> 
     </span>
     <span class='ocr_line' id='line_1_17' title="bbox 343 2586 1470 2670; baseline -0.001 -17"><span class='ocrx_word' id='word_1_126' title='bbox 343 2599 486 2653; x_wconf 88' lang='lat' dir='ltr'><strong>naturae</strong></span> <span class='ocrx_word' id='word_1_127' title='bbox 518 2589 653 2670; x_wconf 90' lang='lat' dir='ltr'><strong>propria</strong></span> <span class='ocrx_word' id='word_1_128' title='bbox 687 2597 767 2650; x_wconf 89' lang='lat' dir='ltr'><strong>sunt</strong></span> <span class='ocrx_word' id='word_1_129' title='bbox 797 2587 946 2668; x_wconf 89' lang='lat' dir='ltr'><strong>spatium</strong></span> <span class='ocrx_word' id='word_1_130' title='bbox 977 2597 1012 2649; x_wconf 89' lang='lat' dir='ltr'><strong>et</strong></span> <span class='ocrx_word' id='word_1_131' title='bbox 1044 2596 1191 2667; x_wconf 89' lang='lat' dir='ltr'><strong>tempus.</strong></span> <span class='ocrx_word' id='word_1_132' title='bbox 1245 2586 1401 2670; x_wconf 85' lang='lat' dir='ltr'><strong>Spatium</strong></span> <span class='ocrx_word' id='word_1_133' title='bbox 1435 2589 1470 2653; x_wconf 94' lang='lat' dir='ltr'><strong>in</strong></span> 
     </span>
     <span class='ocr_line' id='line_1_18' title="bbox 343 2683 1471 2765; baseline 0.001 -16"><span class='ocrx_word' id='word_1_134' title='bbox 343 2697 467 2751; x_wconf 89' lang='lat' dir='ltr'><strong>natura</strong></span> <span class='ocrx_word' id='word_1_135' title='bbox 501 2697 554 2749; x_wconf 90' lang='lat' dir='ltr'><strong>est</strong></span> <span class='ocrx_word' id='word_1_136' title='bbox 588 2684 829 2759; x_wconf 84' lang='lat' dir='ltr'><strong>mensurabile,</strong></span> <span class='ocrx_word' id='word_1_137' title='bbox 863 2683 1020 2746; x_wconf 92' lang='lat' dir='ltr'><strong>similiter</strong></span> <span class='ocrx_word' id='word_1_138' title='bbox 1053 2693 1211 2765; x_wconf 87' lang='lat' dir='ltr'><strong>tempus:</strong></span> <span class='ocrx_word' id='word_1_139' title='bbox 1251 2697 1471 2750; x_wconf 86' lang='lat' dir='ltr'><strong>mensuratur</strong></span> 
     </span>
     <span class='ocr_line' id='line_1_19' title="bbox 337 2782 1470 2865; baseline -0.002 -17"><span class='ocrx_word' id='word_1_140' title='bbox 337 2797 480 2865; x_wconf 73' lang='lat' dir='ltr'><strong>tempus</strong></span> <span class='ocrx_word' id='word_1_141' title='bbox 505 2801 564 2862; x_wconf 92' lang='lat' dir='ltr'><strong>per</strong></span> <span class='ocrx_word' id='word_1_142' title='bbox 586 2782 670 2856; x_wconf 90' lang='lat' dir='ltr'><strong>dies,</strong></span> <span class='ocrx_word' id='word_1_143' title='bbox 695 2783 915 2863; x_wconf 89' lang='lat' dir='ltr'><strong>septimanas,</strong></span> <span class='ocrx_word' id='word_1_144' title='bbox 937 2801 1083 2855; x_wconf 88' lang='lat' dir='ltr'><strong>menses,</strong></span> <span class='ocrx_word' id='word_1_145' title='bbox 1108 2801 1218 2846; x_wconf 90' lang='lat' dir='ltr'><strong>annos</strong></span> <span class='ocrx_word' id='word_1_146' title='bbox 1247 2791 1284 2847; x_wconf 93' lang='lat' dir='ltr'><strong>et</strong></span> <span class='ocrx_word' id='word_1_147' title='bbox 1314 2783 1470 2862; x_wconf 82' lang='lat' dir='ltr'><strong>saecula3</strong></span> 
     </span>
     <span class='ocr_line' id='line_1_20' title="bbox 336 2879 1471 2961; baseline 0 -16"><span class='ocrx_word' id='word_1_148' title='bbox 336 2901 384 2945; x_wconf 82' lang='lat' dir='ltr'><strong>ac</strong></span> <span class='ocrx_word' id='word_1_149' title='bbox 408 2881 482 2943; x_wconf 90' lang='lat' dir='ltr'><strong>dies</strong></span> <span class='ocrx_word' id='word_1_150' title='bbox 505 2899 565 2960; x_wconf 91' lang='lat' dir='ltr'><strong>per</strong></span> <span class='ocrx_word' id='word_1_151' title='bbox 587 2879 699 2954; x_wconf 89' lang='lat' dir='ltr'><strong>horas,</strong></span> <span class='ocrx_word' id='word_1_152' title='bbox 720 2881 914 2961; x_wconf 87' lang='lat' dir='ltr'><strong>septimana</strong></span> <span class='ocrx_word' id='word_1_153' title='bbox 944 2890 978 2942; x_wconf 91' lang='lat' dir='ltr'><strong>et</strong></span> <span class='ocrx_word' id='word_1_154' title='bbox 1009 2880 1137 2942; x_wconf 90' lang='lat' dir='ltr'><strong>mensis</strong></span> <span class='ocrx_word' id='word_1_155' title='bbox 1164 2899 1224 2960; x_wconf 90' lang='lat' dir='ltr'><strong>per</strong></span> <span class='ocrx_word' id='word_1_156' title='bbox 1254 2881 1337 2956; x_wconf 91' lang='lat' dir='ltr'><strong>dies,</strong></span> <span class='ocrx_word' id='word_1_157' title='bbox 1362 2901 1471 2945; x_wconf 88' lang='lat' dir='ltr'><strong>annus</strong></span> 
     </span>
     <span class='ocr_line' id='line_1_21' title="bbox 341 2976 1469 3061; baseline 0.003 -21"><span class='ocrx_word' id='word_1_158' title='bbox 341 2999 405 3061; x_wconf 78' lang='lat' dir='ltr'><strong>‚per</strong></span> <span class='ocrx_word' id='word_1_159' title='bbox 423 2989 569 3061; x_wconf 89' lang='lat' dir='ltr'><strong>quatuor</strong></span> <span class='ocrx_word' id='word_1_160' title='bbox 588 2987 757 3058; x_wconf 89' lang='lat' dir='ltr'><strong>tempora,</strong></span> <span class='ocrx_word' id='word_1_161' title='bbox 776 2987 812 3040; x_wconf 91' lang='lat' dir='ltr'><strong>et</strong></span> <span class='ocrx_word' id='word_1_162' title='bbox 831 2976 971 3040; x_wconf 88' lang='lat' dir='ltr'><strong>saecula</strong></span> <span class='ocrx_word' id='word_1_163' title='bbox 988 2995 1050 3058; x_wconf 89' lang='lat' dir='ltr'><strong>per</strong></span> <span class='ocrx_word' id='word_1_164' title='bbox 1068 2996 1188 3040; x_wconf 90' lang='lat' dir='ltr'><strong>annos.</strong></span> <span class='ocrx_word' id='word_1_165' title='bbox 1235 2977 1469 3043; x_wconf 89' lang='lat' dir='ltr'><strong>Mensuratio·</strong></span> 
     </span>
     <span class='ocr_line' id='line_1_22' title="bbox 339 3073 1472 3157; baseline -0.001 -16"><span class='ocrx_word' id='word_1_166' title='bbox 339 3096 424 3141; x_wconf 86' lang='lat' dir='ltr'><strong>nem</strong></span> <span class='ocrx_word' id='word_1_167' title='bbox 443 3075 532 3139; x_wconf 90' lang='lat' dir='ltr'><strong>hanc</strong></span> <span class='ocrx_word' id='word_1_168' title='bbox 553 3073 659 3140; x_wconf 87' lang='lat' dir='ltr'><strong>trahit</strong></span> <span class='ocrx_word' id='word_1_169' title='bbox 678 3085 802 3139; x_wconf 92' lang='lat' dir='ltr'><strong>natura</strong></span> <span class='ocrx_word' id='word_1_170' title='bbox 821 3095 866 3138; x_wconf 89' lang='lat' dir='ltr'><strong>ex</strong></span> <span class='ocrx_word' id='word_1_171' title='bbox 886 3085 1078 3156; x_wconf 90' lang='lat' dir='ltr'><strong>apparente</strong></span> <span class='ocrx_word' id='word_1_172' title='bbox 1097 3077 1412 3157; x_wconf 86' lang='lat' dir='ltr'><strong>circumgyratione</strong></span> <span class='ocrx_word' id='word_1_173' title='bbox 1434 3086 1472 3140; x_wconf 89' lang='lat' dir='ltr'><strong>et</strong></span> 
     </span>
     <span class='ocr_line' id='line_1_23' title="bbox 339 3171 1470 3256; baseline -0.001 -18"><span class='ocrx_word' id='word_1_174' title='bbox 339 3174 605 3238; x_wconf 89' lang='lat' dir='ltr'><strong>circumlatione</strong></span> <span class='ocrx_word' id='word_1_175' title='bbox 632 3173 714 3237; x_wconf 89' lang='lat' dir='ltr'><strong>solis</strong></span> <span class='ocrx_word' id='word_1_176' title='bbox 737 3173 866 3236; x_wconf 91' lang='lat' dir='ltr'><strong>mundi.</strong></span> <span class='ocrx_word' id='word_1_177' title='bbox 909 3171 1024 3236; x_wconf 88' lang='lat' dir='ltr'><strong>Aliter</strong></span> <span class='ocrx_word' id='word_1_178' title='bbox 1043 3194 1125 3237; x_wconf 90' lang='lat' dir='ltr'><strong>vero</strong></span> <span class='ocrx_word' id='word_1_179' title='bbox 1154 3173 1189 3237; x_wconf 91' lang='lat' dir='ltr'><strong>in</strong></span> <span class='ocrx_word' id='word_1_180' title='bbox 1220 3175 1350 3237; x_wconf 93' lang='lat' dir='ltr'><strong>mundo</strong></span> <span class='ocrx_word' id='word_1_181' title='bbox 1372 3176 1470 3256; x_wconf 90' lang='lat' dir='ltr'><strong>spiri·</strong></span> 
     </span>
     <span class='ocr_line' id='line_1_24' title="bbox 341 3270 1472 3354; baseline 0 -18"><span class='ocrx_word' id='word_1_182' title='bbox 341 3273 450 3351; x_wconf 82' lang='lat' dir='ltr'><strong>tuali3</strong></span> <span class='ocrx_word' id='word_1_183' title='bbox 482 3273 528 3336; x_wconf 95' lang='lat' dir='ltr'><strong>ibi</strong></span> <span class='ocrx_word' id='word_1_184' title='bbox 551 3271 808 3354; x_wconf 86' lang='lat' dir='ltr'><strong>progressiones</strong></span> <span class='ocrx_word' id='word_1_185' title='bbox 829 3272 923 3334; x_wconf 90' lang='lat' dir='ltr'><strong>vitae</strong></span> <span class='ocrx_word' id='word_1_186' title='bbox 951 3270 1107 3334; x_wconf 89' lang='lat' dir='ltr'><strong>similiter</strong></span> <span class='ocrx_word' id='word_1_187' title='bbox 1129 3283 1297 3353; x_wconf 84' lang='lat' dir='ltr'><strong>apparent</strong></span> <span class='ocrx_word' id='word_1_188' title='bbox 1327 3273 1360 3335; x_wconf 94' lang='lat' dir='ltr'><strong>in</strong></span> <span class='ocrx_word' id='word_1_189' title='bbox 1382 3282 1472 3336; x_wconf 91' lang='lat' dir='ltr'><strong>tem·</strong></span> 
     </span>
     <span class='ocr_line' id='line_1_25' title="bbox 346 3368 1474 3455; baseline -0.003 -18"><span class='ocrx_word' id='word_1_190' title='bbox 346 3393 449 3455; x_wconf 88' lang='lat' dir='ltr'><strong>pore;</strong></span> <span class='ocrx_word' id='word_1_191' title='bbox 473 3373 593 3434; x_wconf 89' lang='lat' dir='ltr'><strong>vivunt</strong></span> <span class='ocrx_word' id='word_1_192' title='bbox 609 3371 701 3434; x_wconf 90' lang='lat' dir='ltr'><strong>enim</strong></span> <span class='ocrx_word' id='word_1_193' title='bbox 720 3370 766 3433; x_wconf 91' lang='lat' dir='ltr'><strong>ibi</strong></span> <span class='ocrx_word' id='word_1_194' title='bbox 785 3370 875 3433; x_wconf 92' lang='lat' dir='ltr'><strong>inter</strong></span> <span class='ocrx_word' id='word_1_195' title='bbox 893 3389 941 3444; x_wconf 91' lang='lat' dir='ltr'><strong>se,</strong></span> <span class='ocrx_word' id='word_1_196' title='bbox 960 3371 1048 3432; x_wconf 89' lang='lat' dir='ltr'><strong>sicut</strong></span> <span class='ocrx_word' id='word_1_197' title='bbox 1067 3368 1225 3432; x_wconf 89' lang='lat' dir='ltr'><strong>homines</strong></span> <span class='ocrx_word' id='word_1_198' title='bbox 1244 3371 1361 3433; x_wconf 91' lang='lat' dir='ltr'><strong>mundi</strong></span> <span class='ocrx_word' id='word_1_199' title='bbox 1381 3371 1474 3434; x_wconf 92' lang='lat' dir='ltr'><strong>inter</strong></span> 
     </span>
     <span class='ocr_line' id='line_1_26' title="bbox 345 3467 1474 3553; baseline -0.004 -18"><span class='ocrx_word' id='word_1_200' title='bbox 345 3491 393 3545; x_wconf 86' lang='lat' dir='ltr'><strong>se,</strong></span> <span class='ocrx_word' id='word_1_201' title='bbox 407 3471 498 3553; x_wconf 93' lang='lat' dir='ltr'><strong>quod</strong></span> <span class='ocrx_word' id='word_1_202' title='bbox 512 3489 581 3533; x_wconf 93' lang='lat' dir='ltr'><strong>non</strong></span> <span class='ocrx_word' id='word_1_203' title='bbox 594 3469 695 3532; x_wconf 90' lang='lat' dir='ltr'><strong>datur</strong></span> <span class='ocrx_word' id='word_1_204' title='bbox 705 3469 832 3550; x_wconf 84' lang='lat' dir='ltr'><strong>absque</strong></span> <span class='ocrx_word' id='word_1_205' title='bbox 845 3467 1048 3549; x_wconf 89' lang='lat' dir='ltr'><strong>apparentia</strong></span> <span class='ocrx_word' id='word_1_206' title='bbox 1057 3468 1223 3549; x_wconf 90' lang='lat' dir='ltr'><strong>temporis</strong></span> <span class='ocrx_word' id='word_1_207' title='bbox 1236 3488 1242 3544; x_wconf 92' lang='grc'><strong>;</strong></span> <span class='ocrx_word' id='word_1_208' title='bbox 1263 3468 1324 3531; x_wconf 89' lang='lat' dir='ltr'><strong>sed</strong></span> <span class='ocrx_word' id='word_1_209' title='bbox 1337 3479 1474 3551; x_wconf 89' lang='lat' dir='ltr'><strong>tempus</strong></span> 
     </span>
     <span class='ocr_line' id='line_1_27' title="bbox 345 3564 1473 3648; baseline -0.002 -18"><span class='ocrx_word' id='word_1_210' title='bbox 345 3568 392 3630; x_wconf 94' lang='lat' dir='ltr'><strong>ibi</strong></span> <span class='ocrx_word' id='word_1_211' title='bbox 411 3589 480 3632; x_wconf 94' lang='lat' dir='ltr'><strong>non</strong></span> <span class='ocrx_word' id='word_1_212' title='bbox 496 3568 721 3648; x_wconf 88' lang='lat' dir='ltr'><strong>distinguitur</strong></span> <span class='ocrx_word' id='word_1_213' title='bbox 739 3567 773 3628; x_wconf 95' lang='lat' dir='ltr'><strong>in</strong></span> <span class='ocrx_word' id='word_1_214' title='bbox 793 3576 951 3647; x_wconf 89' lang='lat' dir='ltr'><strong>tempora</strong></span> <span class='ocrx_word' id='word_1_215' title='bbox 968 3574 1006 3628; x_wconf 95' lang='lat' dir='ltr'><strong>ut</strong></span> <span class='ocrx_word' id='word_1_216' title='bbox 1026 3566 1060 3628; x_wconf 95' lang='lat' dir='ltr'><strong>in</strong></span> <span class='ocrx_word' id='word_1_217' title='bbox 1080 3566 1219 3640; x_wconf 91' lang='lat' dir='ltr'><strong>mundo,</strong></span> <span class='ocrx_word' id='word_1_218' title='bbox 1238 3585 1317 3630; x_wconf 91' lang='lat' dir='ltr'><strong>nam</strong></span> <span class='ocrx_word' id='word_1_219' title='bbox 1334 3564 1394 3630; x_wconf 88' lang='lat' dir='ltr'><strong>Sol</strong></span> <span class='ocrx_word' id='word_1_220' title='bbox 1413 3585 1473 3630; x_wconf 91' lang='lat' dir='ltr'><strong>eo·</strong></span> 
     </span>
     <span class='ocr_line' id='line_1_28' title="bbox 348 3663 1473 3745; baseline 0 -18"><span class='ocrx_word' id='word_1_221' title='bbox 348 3684 422 3727; x_wconf 92' lang='lat' dir='ltr'><strong>rum</strong></span> <span class='ocrx_word' id='word_1_222' title='bbox 441 3675 496 3728; x_wconf 88' lang='lat' dir='ltr'><strong>est</strong></span> <span class='ocrx_word' id='word_1_223' title='bbox 516 3665 549 3726; x_wconf 94' lang='lat' dir='ltr'><strong>in</strong></span> <span class='ocrx_word' id='word_1_224' title='bbox 569 3683 632 3726; x_wconf 89' lang='lat' dir='ltr'><strong>suo</strong></span> <span class='ocrx_word' id='word_1_225' title='bbox 652 3663 785 3726; x_wconf 90' lang='lat' dir='ltr'><strong>oriente</strong></span> <span class='ocrx_word' id='word_1_226' title='bbox 803 3672 1017 3736; x_wconf 89' lang='lat' dir='ltr'><strong>constanter,</strong></span> <span class='ocrx_word' id='word_1_227' title='bbox 1035 3681 1203 3745; x_wconf 90' lang='lat' dir='ltr'><strong>nusquam</strong></span> <span class='ocrx_word' id='word_1_228' title='bbox 1220 3664 1395 3740; x_wconf 77' lang='lat' dir='ltr'><strong>dimotus3</strong></span> <span class='ocrx_word' id='word_1_229' title='bbox 1418 3670 1473 3727; x_wconf 88' lang='lat' dir='ltr'><strong>est</strong></span> 
     </span>
     <span class='ocr_line' id='line_1_29' title="bbox 345 3759 1473 3843; baseline -0.001 -19"><span class='ocrx_word' id='word_1_230' title='bbox 345 3763 438 3824; x_wconf 91' lang='lat' dir='ltr'><strong>enim</strong></span> <span class='ocrx_word' id='word_1_231' title='bbox 456 3762 599 3825; x_wconf 92' lang='lat' dir='ltr'><strong>Divinus</strong></span> <span class='ocrx_word' id='word_1_232' title='bbox 616 3760 728 3824; x_wconf 92' lang='lat' dir='ltr'><strong>Amor</strong></span> <span class='ocrx_word' id='word_1_233' title='bbox 744 3760 883 3824; x_wconf 92' lang='lat' dir='ltr'><strong>Domini</strong></span> <span class='ocrx_word' id='word_1_234' title='bbox 900 3761 955 3843; x_wconf 91' lang='lat' dir='ltr'><strong>qui</strong></span> <span class='ocrx_word' id='word_1_235' title='bbox 972 3759 1039 3824; x_wconf 90' lang='lat' dir='ltr'><strong>illis</strong></span> <span class='ocrx_word' id='word_1_236' title='bbox 1055 3770 1200 3842; x_wconf 90' lang='lat' dir='ltr'><strong>apparet</strong></span> <span class='ocrx_word' id='word_1_237' title='bbox 1219 3771 1256 3824; x_wconf 94' lang='lat' dir='ltr'><strong>ut</strong></span> <span class='ocrx_word' id='word_1_238' title='bbox 1276 3759 1345 3825; x_wconf 87' lang='lat' dir='ltr'><strong>Sol.</strong></span> <span class='ocrx_word' id='word_1_239' title='bbox 1388 3760 1473 3824; x_wconf 87' lang='lat' dir='ltr'><strong>Inde</strong></span> 
     </span>
     <span class='ocr_line' id='line_1_30' title="bbox 348 3856 1473 3939; baseline -0.002 -17"><span class='ocrx_word' id='word_1_240' title='bbox 348 3878 418 3922; x_wconf 92' lang='lat' dir='ltr'><strong>non</strong></span> <span class='ocrx_word' id='word_1_241' title='bbox 437 3869 517 3922; x_wconf 92' lang='lat' dir='ltr'><strong>sunt</strong></span> <span class='ocrx_word' id='word_1_242' title='bbox 536 3857 603 3922; x_wconf 91' lang='lat' dir='ltr'><strong>illis</strong></span> <span class='ocrx_word' id='word_1_243' title='bbox 623 3859 706 3933; x_wconf 89' lang='lat' dir='ltr'><strong>dies,</strong></span> <span class='ocrx_word' id='word_1_244' title='bbox 726 3858 952 3939; x_wconf 86' lang='lat' dir='ltr'><strong>septimanae,</strong></span> <span class='ocrx_word' id='word_1_245' title='bbox 970 3877 1116 3934; x_wconf 86' lang='lat' dir='ltr'><strong>menses,</strong></span> <span class='ocrx_word' id='word_1_246' title='bbox 1135 3859 1226 3933; x_wconf 87' lang='lat' dir='ltr'><strong>anni,</strong></span> <span class='ocrx_word' id='word_1_247' title='bbox 1243 3858 1393 3934; x_wconf 88' lang='lat' dir='ltr'><strong>saecula,</strong></span> <span class='ocrx_word' id='word_1_248' title='bbox 1411 3856 1473 3922; x_wconf 89' lang='lat' dir='ltr'><strong>sed</strong></span> 
     </span>
     <span class='ocr_line' id='line_1_31' title="bbox 346 3953 1474 4038; baseline -0.001 -19"><span class='ocrx_word' id='word_1_249' title='bbox 346 3955 426 4021; x_wconf 90' lang='lat' dir='ltr'><strong>loco</strong></span> <span class='ocrx_word' id='word_1_250' title='bbox 443 3957 577 4020; x_wconf 90' lang='lat' dir='ltr'><strong>illorum</strong></span> <span class='ocrx_word' id='word_1_251' title='bbox 597 3965 678 4019; x_wconf 92' lang='lat' dir='ltr'><strong>sunt</strong></span> <span class='ocrx_word' id='word_1_252' title='bbox 695 3965 807 4019; x_wconf 91' lang='lat' dir='ltr'><strong>status</strong></span> <span class='ocrx_word' id='word_1_253' title='bbox 824 3957 925 4030; x_wconf 91' lang='lat' dir='ltr'><strong>vitae,</strong></span> <span class='ocrx_word' id='word_1_254' title='bbox 944 3975 1005 4036; x_wconf 90' lang='lat' dir='ltr'><strong>per</strong></span> <span class='ocrx_word' id='word_1_255' title='bbox 1021 3976 1106 4038; x_wconf 89' lang='lat' dir='ltr'><strong>quos</strong></span> <span class='ocrx_word' id='word_1_256' title='bbox 1125 3954 1162 4018; x_wconf 86' lang='lat' dir='ltr'><strong>fit</strong></span> <span class='ocrx_word' id='word_1_257' title='bbox 1182 3953 1369 4030; x_wconf 70' lang='lat' dir='ltr'><strong>distinctio,</strong></span> <span class='ocrx_word' id='word_1_258' title='bbox 1386 3971 1474 4038; x_wconf 84' lang='lat' dir='ltr'><strong>quae</strong></span> 
     </span>
     <span class='ocr_line' id='line_1_32' title="bbox 347 4052 1473 4136; baseline -0.001 -18"><span class='ocrx_word' id='word_1_259' title='bbox 347 4075 418 4118; x_wconf 93' lang='lat' dir='ltr'><strong>non</strong></span> <span class='ocrx_word' id='word_1_260' title='bbox 443 4056 558 4119; x_wconf 89' lang='lat' dir='ltr'><strong>vocari</strong></span> <span class='ocrx_word' id='word_1_261' title='bbox 582 4061 701 4136; x_wconf 90' lang='lat' dir='ltr'><strong>potest</strong></span> <span class='ocrx_word' id='word_1_262' title='bbox 726 4052 903 4118; x_wconf 70' lang='lat' dir='ltr'><strong>distinctio</strong></span> <span class='ocrx_word' id='word_1_263' title='bbox 938 4055 971 4116; x_wconf 91' lang='lat' dir='ltr'><strong>in</strong></span> <span class='ocrx_word' id='word_1_264' title='bbox 1002 4064 1171 4136; x_wconf 89' lang='lat' dir='ltr'><strong>tempora,</strong></span> <span class='ocrx_word' id='word_1_265' title='bbox 1200 4054 1261 4118; x_wconf 90' lang='lat' dir='ltr'><strong>sed</strong></span> <span class='ocrx_word' id='word_1_266' title='bbox 1289 4054 1323 4118; x_wconf 90' lang='lat' dir='ltr'><strong>in</strong></span> <span class='ocrx_word' id='word_1_267' title='bbox 1348 4063 1473 4118; x_wconf 89' lang='lat' dir='ltr'><strong>status.</strong></span> 
     </span>
     <span class='ocr_line' id='line_1_33' title="bbox 347 4149 1472 4237; baseline -0.003 -20"><span class='ocrx_word' id='word_1_268' title='bbox 347 4155 435 4217; x_wconf 88' lang='lat' dir='ltr'><strong>Inde</strong></span> <span class='ocrx_word' id='word_1_269' title='bbox 462 4151 630 4237; x_wconf 88' lang='lat' dir='ltr'><strong>estquod</strong></span> <span class='ocrx_word' id='word_1_270' title='bbox 655 4151 771 4234; x_wconf 84' lang='lat' dir='ltr'><strong>angeli</strong></span> <span class='ocrx_word' id='word_1_271' title='bbox 801 4172 871 4216; x_wconf 95' lang='lat' dir='ltr'><strong>non</strong></span> <span class='ocrx_word' id='word_1_272' title='bbox 894 4153 1006 4216; x_wconf 88' lang='lat' dir='ltr'><strong>sciant</strong></span> <span class='ocrx_word' id='word_1_273' title='bbox 1029 4151 1108 4235; x_wconf 93' lang='lat' dir='ltr'><strong>quid</strong></span> <span class='ocrx_word' id='word_1_274' title='bbox 1132 4162 1281 4233; x_wconf 88' lang='lat' dir='ltr'><strong>tempus,</strong></span> <span class='ocrx_word' id='word_1_275' title='bbox 1305 4160 1341 4216; x_wconf 86' lang='lat' dir='ltr'><strong>et</strong></span> <span class='ocrx_word' id='word_1_276' title='bbox 1368 4149 1472 4235; x_wconf 93' lang='lat' dir='ltr'><strong>quod,</strong></span> 
     </span>
     <span class='ocr_line' id='line_1_34' title="bbox 346 4249 1473 4332; baseline -0.003 -17"><span class='ocrx_word' id='word_1_277' title='bbox 346 4271 426 4315; x_wconf 90' lang='lat' dir='ltr'><strong>cum</strong></span> <span class='ocrx_word' id='word_1_278' title='bbox 447 4253 654 4326; x_wconf 88' lang='lat' dir='ltr'><strong>nominatur,</strong></span> <span class='ocrx_word' id='word_1_279' title='bbox 675 4249 754 4313; x_wconf 92' lang='lat' dir='ltr'><strong>loco</strong></span> <span class='ocrx_word' id='word_1_280' title='bbox 773 4249 845 4332; x_wconf 89' lang='lat' dir='ltr'><strong>ejus</strong></span> <span class='ocrx_word' id='word_1_281' title='bbox 864 4251 1054 4332; x_wconf 89' lang='lat' dir='ltr'><strong>percipiant</strong></span> <span class='ocrx_word' id='word_1_282' title='bbox 1073 4258 1227 4328; x_wconf 90' lang='lat' dir='ltr'><strong>statum;</strong></span> <span class='ocrx_word' id='word_1_283' title='bbox 1249 4259 1285 4313; x_wconf 91' lang='lat' dir='ltr'><strong>et</strong></span> <span class='ocrx_word' id='word_1_284' title='bbox 1304 4266 1382 4312; x_wconf 92' lang='lat' dir='ltr'><strong>cum</strong></span> <span class='ocrx_word' id='word_1_285' title='bbox 1401 4257 1473 4313; x_wconf 89' lang='lat' dir='ltr'><strong>sta·</strong></span> 
     </span>
     <span class='ocr_line' id='line_1_35' title="bbox 349 4346 1474 4432; baseline -0.003 -18"><span class='ocrx_word' id='word_1_286' title='bbox 349 4359 405 4414; x_wconf 82' lang='lat' dir='ltr'><strong>tus</strong></span> <span class='ocrx_word' id='word_1_287' title='bbox 421 4350 630 4414; x_wconf 90' lang='lat' dir='ltr'><strong>determinat</strong></span> <span class='ocrx_word' id='word_1_288' title='bbox 649 4358 797 4432; x_wconf 89' lang='lat' dir='ltr'><strong>tempus,</strong></span> <span class='ocrx_word' id='word_1_289' title='bbox 815 4359 869 4413; x_wconf 91' lang='lat' dir='ltr'><strong>est</strong></span> <span class='ocrx_word' id='word_1_290' title='bbox 888 4357 1024 4429; x_wconf 89' lang='lat' dir='ltr'><strong>tempus</strong></span> <span class='ocrx_word' id='word_1_291' title='bbox 1043 4347 1148 4412; x_wconf 92' lang='lat' dir='ltr'><strong>modo</strong></span> <span class='ocrx_word' id='word_1_292' title='bbox 1163 4346 1376 4430; x_wconf 87' lang='lat' dir='ltr'><strong>apparentia,</strong></span> <span class='ocrx_word' id='word_1_293' title='bbox 1393 4363 1474 4411; x_wconf 88' lang='lat' dir='ltr'><strong>nam</strong></span> 
     </span>
     <span class='ocr_line' id='line_1_36' title="bbox 346 4441 1475 4531; baseline -0.002 -21"><span class='ocrx_word' id='word_1_294' title='bbox 346 4444 534 4528; x_wconf 87' lang='lat' dir='ltr'><strong>jucundum</strong></span> <span class='ocrx_word' id='word_1_295' title='bbox 554 4458 666 4512; x_wconf 88' lang='lat' dir='ltr'><strong>status</strong></span> <span class='ocrx_word' id='word_1_296' title='bbox 688 4447 770 4511; x_wconf 85' lang='lat' dir='ltr'><strong>facit</strong></span> <span class='ocrx_word' id='word_1_297' title='bbox 793 4457 830 4512; x_wconf 92' lang='lat' dir='ltr'><strong>ut</strong></span> <span class='ocrx_word' id='word_1_298' title='bbox 853 4456 990 4531; x_wconf 86' lang='lat' dir='ltr'><strong>tempus</strong></span> <span class='ocrx_word' id='word_1_299' title='bbox 1008 4455 1174 4528; x_wconf 91' lang='lat' dir='ltr'><strong>appareat</strong></span> <span class='ocrx_word' id='word_1_300' title='bbox 1196 4444 1311 4522; x_wconf 85' lang='lat' dir='ltr'><strong>breve,</strong></span> <span class='ocrx_word' id='word_1_301' title='bbox 1328 4453 1365 4509; x_wconf 86' lang='lat' dir='ltr'><strong>et</strong></span> <span class='ocrx_word' id='word_1_302' title='bbox 1386 4441 1475 4526; x_wconf 85' lang='lat' dir='ltr'><strong>inju-</strong></span> 
     </span>
     <span class='ocr_line' id='line_1_37' title="bbox 350 4541 1476 4628; baseline -0.002 -20"><span class='ocrx_word' id='word_1_303' title='bbox 350 4543 500 4609; x_wconf 90' lang='lat' dir='ltr'><strong>cundum</strong></span> <span class='ocrx_word' id='word_1_304' title='bbox 512 4556 625 4611; x_wconf 89' lang='lat' dir='ltr'><strong>status</strong></span> <span class='ocrx_word' id='word_1_305' title='bbox 640 4545 722 4611; x_wconf 82' lang='lat' dir='ltr'><strong>iacit</strong></span> <span class='ocrx_word' id='word_1_306' title='bbox 739 4556 777 4609; x_wconf 90' lang='lat' dir='ltr'><strong>ut</strong></span> <span class='ocrx_word' id='word_1_307' title='bbox 796 4554 933 4628; x_wconf 89' lang='lat' dir='ltr'><strong>tempus</strong></span> <span class='ocrx_word' id='word_1_308' title='bbox 948 4553 1114 4628; x_wconf 87' lang='lat' dir='ltr'><strong>appareat</strong></span> <span class='ocrx_word' id='word_1_309' title='bbox 1130 4543 1283 4628; x_wconf 82' lang='lat' dir='ltr'><strong>longum.</strong></span> <span class='ocrx_word' id='word_1_310' title='bbox 1325 4541 1384 4607; x_wconf 85' lang='lat' dir='ltr'><strong>Ex</strong></span> <span class='ocrx_word' id='word_1_311' title='bbox 1400 4541 1476 4627; x_wconf 90' lang='lat' dir='ltr'><strong>qui·</strong></span> 
     </span>
     <span class='ocr_line' id='line_1_38' title="bbox 350 4639 1477 4729; baseline -0.004 -21"><span class='ocrx_word' id='word_1_312' title='bbox 350 4642 415 4710; x_wconf 85' lang='lat' dir='ltr'><strong>bus</strong></span> <span class='ocrx_word' id='word_1_313' title='bbox 431 4652 531 4728; x_wconf 86' lang='lat' dir='ltr'><strong>patet</strong></span> <span class='ocrx_word' id='word_1_314' title='bbox 547 4642 639 4729; x_wconf 91' lang='lat' dir='ltr'><strong>quod</strong></span> <span class='ocrx_word' id='word_1_315' title='bbox 657 4653 796 4726; x_wconf 87' lang='lat' dir='ltr'><strong>tempus</strong></span> <span class='ocrx_word' id='word_1_316' title='bbox 814 4643 860 4709; x_wconf 91' lang='lat' dir='ltr'><strong>ibi</strong></span> <span class='ocrx_word' id='word_1_317' title='bbox 879 4662 949 4708; x_wconf 87' lang='lat' dir='ltr'><strong>non</strong></span> <span class='ocrx_word' id='word_1_318' title='bbox 968 4643 1013 4708; x_wconf 88' lang='lat' dir='ltr'><strong>sit</strong></span> <span class='ocrx_word' id='word_1_319' title='bbox 1031 4641 1095 4708; x_wconf 90' lang='lat' dir='ltr'><strong>nisi</strong></span> <span class='ocrx_word' id='word_1_320' title='bbox 1114 4659 1216 4727; x_wconf 91' lang='lat' dir='ltr'><strong>quam</strong></span> <span class='ocrx_word' id='word_1_321' title='bbox 1232 4639 1333 4728; x_wconf 87' lang='lat' dir='ltr'><strong>quale</strong></span> <span class='ocrx_word' id='word_1_322' title='bbox 1348 4649 1477 4706; x_wconf 82' lang='lat' dir='ltr'><strong>status.</strong></span> 
     </span>
    </p>
   </div>
   <div class='ocr_carea' id='block_1_5' title="bbox 0 0 1684 5402">
    <p class='ocr_par' dir='ltr' id='par_1_5' title="bbox 0 0 1684 5402">
     <span class='ocr_line' id='line_1_39' title="bbox 0 0 1684 5402; baseline 0 0"><span class='ocrx_word' id='word_1_323' title='bbox 0 0 1684 5402; x_wconf 95' lang='lat' dir='ltr'><strong> </strong></span> 
     </span>
    </p>
   </div>
  </div>
 </body>
</html>
