3418 5370
513 681 564 732 na
587 681 722 734 nrvrnn
745 683 1098 737 Paovmaumn-u.
1119 688 1189 756 317.
1349 674 1411 756 263

283 852 472 918 secundum
492 851 643 932 cultum;
667 855 717 919 ita
736 855 827 939 quod
844 856 942 921 ideae
960 859 1214 940 cogitationum
1234 859 1303 923 sint
1323 860 1409 923 ima·

282 950 391 1031 gines,
412 950 499 1013 sicut
520 961 684 1026 meteora,
704 962 913 1034 apparentes
932 954 964 1016 in
985 975 1084 1030 aere;
1109 965 1145 1018 et
1165 956 1256 1038 quod
1277 975 1408 1020 memo·

281 1047 331 1110 ria
363 1047 408 1111 sit
438 1046 558 1111 tabula
592 1049 643 1110 cui
678 1050 866 1131 impressae
897 1061 1000 1129 sunt;
1037 1071 1105 1114 non
1136 1055 1286 1116 scientes
1317 1055 1409 1137 quod

281 1130 512 1223 cogitafiones
528 1143 597 1206 sint
614 1163 722 1226 aeque
742 1145 775 1207 in
795 1145 998 1209 substantiis
1019 1167 1100 1228 pure
1120 1148 1300 1228 organicis,
1319 1151 1408 1215 sicut

281 1248 360 1300 sunt
383 1239 476 1301 visus
499 1249 534 1300 et
559 1239 696 1301 auditus
720 1241 753 1302 in
777 1241 857 1302 suis.
902 1238 1069 1322 Specient
1094 1242 1198 1305 modo
1218 1243 1407 1322 cerebrum,

281 1342 316 1396 et
340 1333 506 1396 videbunt
530 1333 613 1397 illud
638 1335 764 1397 talibus
787 1336 992 1398 substantiis
1017 1337 1177 1419 plenum:
1208 1338 1306 1402 laede
1330 1339 1408 1404 ilias

280 1438 317 1493 et
333 1429 504 1504 delirabis,
519 1449 558 1492 ac
577 1430 681 1511 perde
698 1429 774 1492 illas
794 1439 828 1493 et
844 1433 1008 1495 morieris
1059 1431 1150 1514 Quid
1169 1443 1285 1497 autem
1310 1437 1405 1516 cogi·

279 1525 380 1599 tati0‚
401 1537 435 1588 et
459 1525 538 1607 quid
558 1526 733 1598 memoria,
754 1526 911 1589 videatur
931 1548 1032 1609 supra
1058 1526 1105 1609 (n.
1126 1543 1197 1608 279,
1220 1527 1303 1610 fin).
1346 1543 1406 1614 [3.]

280 1619 333 1684 De
361 1619 439 1684 Vita
462 1641 529 1682 non
550 1623 664 1683 sciunt
684 1622 786 1696 aliud,
808 1642 909 1704 quam
930 1625 1020 1706 quod
1045 1625 1090 1686 sit
1115 1625 1281 1706 quaedam
1304 1633 1405 1687 natu-

278 1737 336 1778 rae
348 1713 518 1791 adiivitas,
533 1737 619 1799 quae
635 1737 672 1779 se
688 1716 769 1779 facit
787 1719 907 1780 sentiri
921 1719 1163 1791 diversimode,
1179 1722 1267 1783 sicut
1281 1715 1406 1800 corpus

278 1811 370 1894 quod
387 1812 482 1886 vivit,
500 1833 536 1874 se
556 1813 718 1893 organice
736 1824 864 1876 movet.
910 1811 944 1876 Si
965 1815 1090 1877 dicitur
1106 1816 1198 1904 quod
1218 1816 1265 1877 sic
1284 1825 1406 1878 natura

278 1907 383 1981 vivat,
401 1907 466 1970 hoc
484 1916 624 1988 negant,
642 1908 703 1970 sed
722 1908 813 1991 quod
832 1917 955 1971 natura
972 1909 1030 1973 det
1048 1911 1173 1973 vivere.
1220 1909 1254 1974 Si
1271 1911 1405 1986 dicitur,

280 2001 437 2065 “Annon
455 2012 535 2066 tunc
553 2004 624 2067 vita
639 2004 834 2085 dissipatur,
849 2022 926 2067 cum
940 2023 1063 2084 corpus
1076 2006 1246 2078 moritur‚''
1260 2026 1405 2087 respon·

278 2097 360 2161 dent
383 2099 473 2181 quod
506 2099 578 2161 vita
611 2099 645 2160 in
676 2099 843 2180 particula
866 2099 965 2172 aeris,
990 2120 1078 2181 quae
1109 2111 1254 2163 vocatur
1278 2103 1403 2176 anima,

278 2203 425 2256 maneat.
470 2191 505 2256 Si
536 2193 669 2268 dicitur,
696 2192 785 2275 Quid
811 2204 892 2256 tunc
927 2193 1044 2256 Deus?
1091 2193 1227 2258 Numne
1253 2195 1316 2258 Ille
1348 2205 1403 2260 est

278 2289 350 2371 ipsa
373 2289 482 2352 Vita?
513 2289 665 2352 adhaec
690 2298 822 2365 tacent,
848 2299 883 2353 et
914 2309 983 2352 non
1007 2290 1128 2353 volunt
1152 2292 1286 2354 edicere
1311 2291 1403 2372 quod

277 2387 444 2466 cogitant.
491 2383 527 2448 Si
555 2385 690 2460 dicitur,
720 2383 892 2448 Velitisne
926 2385 1019 2468 quod
1050 2385 1194 2448 Divinus
1226 2384 1336 2448 Amor
1366 2395 1404 2450 et

277 2479 402 2544 Divina
425 2479 602 2560 Sapientia
624 2481 692 2543 sint
717 2481 791 2562 ipsa
807 2479 917 2544 Vita?
941 2479 1167 2562 respondent,
1190 2477 1281 2561 Quid
1306 2500 1404 2552 amor

277 2585 311 2639 et
332 2576 411 2659 quid
431 2575 624 2656 sapientia?
669 2575 758 2638 Nam
783 2576 815 2637 in
837 2577 906 2638 suis
922 2575 1067 2638 fallaciis
1087 2595 1155 2638 non
1175 2577 1295 2639 vident
1321 2577 1402 2658 quid

276 2671 373 2747 haec,
402 2691 465 2734 nec
493 2671 574 2754 quid
602 2669 708 2733 Deus.
756 2669 852 2733 Haec
880 2668 1030 2733 addudia
1056 2681 1148 2746 sunt,
1180 2680 1217 2734 ut
1245 2672 1405 2736 videatur

275 2768 449 2850 quomodo
472 2767 576 2830 homo
599 2787 619 2830 a
643 2767 779 2847 propria
803 2766 986 2848 prudentia
1009 2766 1208 2842 infatuatur,
1229 2787 1274 2830 ex
1298 2787 1404 2832 causa

276 2865 354 2947 quia
376 2863 492 2927 omnia
514 2885 559 2927 ex
583 2862 795 2944 apparentiis
819 2871 855 2925 et
878 2862 958 2925 inde
981 2861 1126 2924 fallaciis
1146 2863 1333 2926 concludit.

317 2955 442 3042 ¹¹¹316·
460 2957 562 3040 Quod
579 2959 715 3040 propria
731 2957 914 3038 prudentia
930 2958 1138 3039 persuadeat
1155 2969 1190 3022 et
1208 2957 1401 3036 confirmet,

275 3055 366 3139 quod
387 3055 635 3116 omnebonum
655 3062 691 3117 et
709 3072 827 3117 verum
847 3053 890 3116 ab
909 3052 1048 3116 homine
1061 3055 1095 3114 in
1115 3054 1254 3117 homine
1271 3054 1326 3129 sit,
1347 3063 1402 3120 est

274 3151 352 3233 quia
371 3150 509 3232 propria
532 3149 714 3232 prudentia
733 3156 787 3211 est
806 3148 977 3229 proprium
998 3145 1235 3211 intellectuale
1253 3149 1403 3212 hominis

275 3245 417 3309 influens
434 3266 479 3308 ex
495 3265 613 3308 amore
628 3246 689 3320 sui,
710 3245 766 3327 qui
782 3253 836 3307 est
854 3245 1026 3325 proprium
1039 3244 1270 3306 voluntarium
1290 3244 1401 3308 homi·

275 3343 349 3420 nis;
373 3352 408 3406 et
429 3343 602 3424 proprium
623 3360 691 3404 non
718 3349 836 3420 potest
854 3339 955 3401 aliter
974 3357 1076 3421 quam
1105 3358 1168 3402 sua
1190 3339 1303 3403 iacere
1326 3359 1400 3402 om·

274 3438 352 3515 nia;
377 3438 554 3500 nonenim
573 3445 689 3518 potest
707 3434 830 3497 abillo
850 3433 987 3496 elevari.
1019 3431 1151 3498 Omnes
1163 3435 1220 3517 qui
1239 3454 1259 3497 a
1275 3433 1402 3499 Divina

275 3532 414 3597 Domini
434 3533 655 3597 Providentia
669 3532 851 3605 ducuntur,
865 3530 1047 3592 elevantur
1060 3549 1080 3592 a
1099 3531 1249 3613 proprio,
1264 3539 1299 3593 et
1318 3538 1400 3594 tunc

273 3630 393 3693 vident
411 3630 503 3712 quod
523 3649 626 3692 omne
647 3628 775 3690 bonum
796 3635 831 3689 et
851 3644 970 3688 verum
990 3644 1010 3687 a
1040 3623 1194 3689 Domino
1218 3627 1274 3700 sit,
1294 3626 1401 3715 immo

273 3726 377 3788 etiam
401 3726 533 3800 vident,
553 3724 644 3806 quod
668 3725 700 3787 id
725 3721 817 3805 quod
843 3742 864 3784 a
887 3720 1040 3783 Domino
1058 3721 1092 3783 in
1116 3721 1255 3784 homine
1274 3730 1337 3796 est,
1355 3723 1400 3787 sit

274 3831 442 3902 perpetuo
469 3820 620 3894 Domini,
641 3829 677 3883 et
706 3835 873 3900 nusquam
896 3816 1056 3880 hominis.
1103 3813 1171 3898 Qui
1200 3816 1303 3880 aliter
1326 3837 1398 3881 cre·

273 3915 334 3990 dit,
352 3925 406 3979 est
426 3916 514 3979 sicut
534 3917 589 3999 qui
609 3915 737 3979 domini
756 3913 807 3977 sui
827 3913 919 3976 bona
935 3913 1025 3994 apud
1046 3932 1083 3975 se
1100 3912 1261 3995 deposita
1280 3911 1398 3990 habet,

273 4031 312 4074 ac
332 4011 392 4074 ilia
410 4011 474 4075 sibi
491 4012 643 4075 vindicat
655 4021 714 4075 aut
731 4011 932 4093 appropriat
951 4018 987 4070 ut
1006 4029 1078 4082 sua,
1096 4009 1151 4090 qui
1171 4028 1241 4071 non
1258 4018 1312 4072 est
1329 4009 1399 4072 dis·

273 4119 438 4189 pensator
461 4108 522 4171 sed
547 4115 599 4170 est
624 4107 696 4184 sur;
728 4117 764 4169 et
788 4107 867 4188 quia
892 4105 1064 4186 proprium
1084 4102 1232 4167 hominis
1252 4124 1322 4168 non
1345 4115 1400 4170 est

274 4205 336 4268 nisi
353 4224 454 4288 quam
472 4204 611 4277 maium,
629 4224 732 4286 quare
749 4201 807 4265 ille
823 4203 929 4265 etiam
946 4201 1119 4281 immergit
1137 4200 1197 4263 illa
1212 4221 1274 4264 suo
1294 4201 1397 4277 maio,

273 4319 318 4361 ex
343 4322 411 4383 quo
435 4309 727 4372 consumerentur,
750 4297 837 4360 sicut
862 4296 1006 4359 uniones
1030 4297 1174 4359 stercori
1198 4305 1257 4360 aut
1277 4294 1398 4379 liquori

272 4407 415 4458 acetoso
435 4393 588 4475 injectae.

335 4504 428 4573 317·
453 4488 527 4572 (iii.)
556 4489 652 4568 Quod
657 4510 750 4552 omne
759 4499 963 4570 persuasum
977 4495 1010 4550 et
1023 4483 1253 4569 confirmatum
1260 4496 1396 4568 perma-

273 4593 350 4647 neat
375 4584 461 4646 sz'cut
484 4585 663 4665 proprium
690 4584 785 4664 apud
807 4579 1187 4646 hominem-Creditur
1218 4602 1237 4644 a
1268 4583 1396 4658 multiS,

273 4679 364 4762 quod
388 4698 457 4741 non
477 4681 583 4743 videri
602 4678 740 4762 aliquod
759 4697 877 4741 verum
901 4679 945 4741 ab
968 4677 1106 4740 homine
1126 4676 1245 4758 possit,
1266 4677 1330 4740 nisi
1352 4697 1397 4740 ex
