3418 5368
344 652 408 710 218
697 663 900 716 sensnm
922 663 1121 716 ANGELICA

345 833 451 898 insita
468 836 513 899 sit
529 857 537 916 ;
568 845 604 900 et
627 847 845 920 compertum
862 847 927 916 est,
947 837 1039 922 quod
1058 836 1219 902 omnibus
1241 837 1277 903 in
1300 836 1379 903 idea
1397 837 1481 903 illo·

346 951 420 995 rum
444 933 610 1014 spirituali
632 953 721 1018 quae
744 945 799 1000 est
821 936 979 1000 internae
1002 935 1241 1018 cogitationis,
1265 935 1409 1000 nonita
1438 937 1480 1001 in

344 1027 423 1090 idea
438 1028 575 1094 illorum
595 1031 743 1095 naturali
765 1051 852 1116 quae
871 1041 926 1096 est
944 1041 1116 1096 externae
1132 1032 1369 1115 cogitationis.
1415 1031 1480 1096 Ex

345 1123 397 1186 his
421 1138 582 1192 constare
603 1137 734 1211 potest,
756 1129 848 1211 quod
867 1138 989 1192 contra
1012 1127 1176 1193 Divinam
1196 1129 1336 1193 Domini
1355 1127 1478 1192 Provi-

345 1221 499 1286 dentiam
523 1243 592 1287 non
619 1222 758 1306 aliquod
780 1223 921 1287 dubium
945 1224 1072 1289 debeat
1097 1225 1211 1290 inferri
1234 1246 1357 1302 exeo,
1380 1224 1479 1308 quod

345 1328 441 1400 putet
459 1339 547 1384 nunc
567 1321 713 1403 primum
732 1319 910 1386 detectum
925 1341 1002 1386 esse
1018 1323 1111 1406 quod
1131 1321 1237 1386 homo
1252 1321 1348 1384 vivat
1366 1319 1480 1384 homo

345 1429 425 1498 post
440 1427 599 1480 mortem.
645 1415 711 1480 Est
729 1416 842 1480 solum
861 1417 1020 1482 sensuale
1039 1417 1199 1495 hominis,
1213 1417 1308 1502 quod
1326 1415 1401 1480 vult
1420 1417 1478 1479 vi·

345 1511 427 1576 dere
446 1522 482 1575 et
501 1523 647 1594 tangere
665 1512 757 1595 quod
776 1513 919 1592 credet;
941 1515 998 1596 qui
1017 1533 1086 1578 non
1106 1515 1242 1596 cogitat
1259 1532 1362 1598 supra
1374 1511 1479 1591 illud,

345 1617 399 1670 est
418 1607 452 1671 in
472 1609 624 1672 tenebris
642 1604 754 1672 noctis
772 1608 817 1673 de
834 1618 931 1673 statu
950 1609 1044 1673 vitae
1062 1629 1155 1674 suae.

347 2091 461 2176 Quon
484 2107 786 2161 eannrrrnnrua
810 2111 920 2160 naun
946 2109 1119 2161 mom-:n
1149 2107 1283 2172 arnan,
1308 2105 1375 2174 om
1400 2105 1476 2160 ast·

805 2205 1005 2257 snavamo.

407 2389 501 2460 275.
532 2379 566 2442 Si
583 2379 688 2443 homo
704 2381 737 2443 in
753 2399 917 2456 amorem,
938 2381 971 2444 in
989 2398 1090 2463 quern
1108 2389 1246 2444 creatus
1264 2388 1331 2455 est,
1349 2397 1474 2442 nasce·

344 2484 447 2548 retur,
458 2494 526 2538 non
536 2475 624 2539 soret
637 2477 671 2538 in
681 2475 796 2557 aliquo
807 2475 911 2551 malo,
920 2477 1026 2538 immo
1038 2495 1101 2538 nec
1112 2477 1217 2538 sciret
1227 2475 1308 2557 quid
1318 2473 1447 2536 malum
1460 2492 1475 2552 ;

344 2573 493 2654 namqui
509 2592 579 2635 non
594 2571 655 2634 suit
671 2572 705 2634 in
722 2571 826 2646 malo,
837 2582 873 2635 et
886 2571 965 2634 inde
978 2590 1048 2634 non
1061 2580 1115 2634 est
1131 2571 1165 2633 in
1182 2569 1285 2645 malo,
1300 2589 1369 2632 non
1382 2569 1476 2631 scire

343 2677 462 2749 potest
486 2667 566 2750 quid
590 2665 717 2730 malum
734 2689 741 2744 ;
774 2668 801 2729 si
821 2667 992 2730 diceretur
1010 2668 1041 2730 ei
1060 2667 1152 2749 quod
1172 2665 1236 2729 hoc
1256 2675 1292 2729 et
1313 2665 1398 2728 illud
1422 2665 1471 2728 sit

343 2761 560 2836 malum,non
575 2762 730 2825 crederet
747 2763 838 2845 quod
855 2761 969 2827 dabile
985 2764 1040 2826 sit.
1077 2761 1142 2824 Hic
1156 2772 1270 2825 status
1286 2771 1340 2825 est
1354 2770 1474 2824 status

343 2857 575 2932 innocentiae,
592 2857 626 2920 in
643 2877 710 2939 quo
729 2858 863 2921 fuerunt
882 2857 1040 2922 Adamus
1059 2869 1095 2922 et
1116 2857 1248 2921 Chaiva
1266 2877 1356 2920 uxor
1374 2853 1473 2938 ejus;

344 2953 493 3027 nuditas,
513 2973 614 3035 quam
641 2973 708 3015 non
733 2953 954 3028 erubuerunt,
975 2953 1192 3036 significabat
1212 2953 1308 3016 illum
1325 2960 1471 3016 statum.

343 3047 507 3131 Cognitio
524 3049 603 3112 mali
621 3061 700 3130 post
718 3049 852 3130 lapsum
870 3050 1077 3131 intelligitur
1093 3070 1154 3133 per
1170 3068 1265 3113 esum
1280 3069 1327 3111 ex
1346 3047 1473 3112 arbore

341 3146 506 3209 scientiae
523 3145 604 3208 boni
623 3157 659 3209 et
679 3145 770 3208 mali.
816 3144 937 3220 Amor,
956 3147 989 3208 in
1009 3165 1110 3228 quem
1126 3145 1231 3208 homo
1246 3153 1385 3208 creatus
1400 3152 1474 3220 est,

342 3255 396 3306 est
419 3263 515 3306 amor
536 3243 695 3325 proximi,
715 3253 752 3305 ut
776 3243 806 3305 ei
830 3241 914 3305 velit
937 3245 987 3305 ita
1011 3241 1099 3305 bene
1123 3243 1210 3304 sicut
1233 3239 1307 3303 vult
1331 3239 1405 3314 sibi,
1429 3247 1472 3304 et.

342 3341 463 3420 magis,
484 3351 520 3404 et
541 3339 631 3422 quod
651 3338 685 3400 in
701 3337 852 3419 jucundo
871 3339 998 3401 amoris
1015 3337 1105 3401 illius
1125 3338 1181 3413 sit,
1200 3337 1281 3400 dum
1304 3335 1337 3399 ei
1359 3335 1464 3399 bene·

340 3435 433 3510 facit,
451 3438 510 3499 vix
527 3435 630 3498 aliter
645 3453 748 3516 quam
765 3446 818 3497 est
839 3453 962 3516 parens
978 3453 1061 3516 erga
1078 3433 1239 3497 infantes
1285 3429 1352 3495 Hic
1369 3449 1473 3496 amor

341 3541 395 3593 est
417 3552 497 3594 vere
516 3530 708 3607 humanus;
741 3550 821 3592 nam
851 3530 885 3591 in
912 3529 973 3592 illo
997 3540 1050 3593 est
1081 3527 1268 3612 spirituale,
1289 3547 1349 3610 per
1372 3526 1465 3609 quod

339 3626 563 3706 distinguitur
586 3627 630 3688 ab
652 3646 769 3688 amore
789 3624 946 3700 naturali,
967 3626 1024 3708 qui
1048 3635 1101 3689 est
1121 3623 1327 3688 animalibus
1345 3622 1470 3687 brutis,

340 3719 375 3785 Si
398 3722 503 3784 homo
526 3722 559 3783 in
587 3719 683 3784 illum
706 3739 859 3784 amorem
883 3731 1092 3795 nasceretur,
1114 3741 1183 3784 non
1208 3727 1409 3782 nasceretur
1431 3718 1470 3782 in

339 3818 524 3898 caliginem
554 3817 782 3898 ignorantiae,
814 3817 903 3879 sicut
935 3836 1022 3879 nunc
1053 3817 1166 3879 omnis
1196 3815 1313 3891 homo,
1337 3812 1399 3876 sed
1430 3814 1470 3877 in

338 3914 512 3997 quandam
536 3913 648 3976 lucem
670 3913 834 3975 scientiae
859 3922 894 3974 et
925 3911 1006 3975 inde
1031 3912 1297 3994 intelligentiae,
1322 3909 1356 3972 in
1379 3927 1471 3991 quas

338 4012 442 4074 etiam
460 4009 555 4073 brevi
570 4009 724 4072 veniret:
749 4017 784 4072 et
804 4008 940 4090 quidem
959 4009 1103 4090 primum
1120 4015 1255 4090 reperet
1274 4004 1363 4068 sicut
1378 4025 1468 4088 qua·

337 4107 474 4189 drupes,
494 4107 555 4169 sed
587 4125 664 4168 cum
687 4105 793 4168 insito
815 4117 943 4168 conatu
966 4104 1122 4186 erigendi
1146 4123 1183 4167 se
1207 4121 1309 4184 super
1332 4099 1468 4183 pedes;

337 4222 416 4265 nam
433 4203 653 4284 quantumvis
669 4201 872 4284 quadrupes,
889 4221 993 4282 usque
1009 4219 1079 4262 non
1096 4199 1258 4264 deorsum
1273 4195 1318 4259 ad
1333 4204 1468 4260 terram

335 4298 539 4362 demitteret
558 4298 690 4373 faciem,
710 4297 771 4360 sed
791 4308 987 4361 antrorsum
1010 4295 1054 4359 ad
1077 4294 1225 4372 caelum,
1245 4312 1286 4358 ac
1310 4292 1467 4375 erigeret

334 4415 384 4469 se,
403 4404 440 4457 ut
461 4415 597 4477 quoque
617 4404 737 4476 posset
757 4411 898 4456 sursum.

399 4489 496 4571 276.
526 4487 595 4552 Sed
613 4509 690 4553 cum
707 4509 804 4552 amor
814 4488 963 4570 proximi
975 4507 1094 4552 versus
1110 4493 1166 4552 est
1181 4485 1216 4550 in
1232 4501 1386 4550 amorem
1398 4481 1466 4559 sui,

335 4595 371 4648 et
399 4583 452 4647 hic
477 4604 574 4647 amor
597 4585 754 4658 increvit,
778 4595 860 4649 tunc
884 4604 981 4649 amor
1003 4584 1173 4648 humanus
1195 4601 1315 4646 versus
1342 4588 1397 4644 est
1426 4577 1464 4642 in

331 4699 488 4743 amorem
508 4680 716 4760 animalem;
740 4692 777 4745 et
796 4681 902 4745 homo
917 4680 962 4744 ab
977 4681 1115 4745 homine
1134 4675 1244 4742 ladius
1262 4686 1318 4742 est
1336 4674 1468 4750 bestia,
