3448 5374
515 681 565 733 or«.
588 679 724 732 nrvmo
747 679 892 745 huores,
911 681 1005 733 rans
1028 680 1142 730 u-n.
1162 681 1232 749 377.
1375 683 1434 749 173

309 855 506 938 quebantur
527 852 656 917 fluxum
680 851 788 932 caeli;
819 871 899 916 nam
922 851 1055 916 caelum
1075 852 1264 916 connititur
1286 851 1320 915 in
1344 851 1435 916 tales

310 947 437 1012 formas
456 966 502 1009 ex
521 944 650 1008 influxu
666 946 792 1009 amoris
812 955 848 1008 et
871 945 1063 1026 sapientiae
1085 965 1106 1008 a
1129 943 1299 1023 Domino;
1324 953 1360 1008 et
1383 945 1433 1009 sic

309 1038 622 1122 repraesentabant
633 1034 910 1118 conjundtionem
919 1036 1031 1101 cordis
1043 1045 1079 1100 et
1092 1037 1273 1119 pulmonis,
1283 1045 1320 1101 et
1333 1035 1433 1101 simul

312 1139 393 1195 tunc
417 1131 762 1212 correspondentiam
784 1128 921 1193 illorum
944 1148 1021 1192 cum
1045 1147 1159 1193 amore
1183 1128 1373 1194 voluntatis
1396 1137 1435 1194 et

312 1243 388 1288 cum
401 1224 570 1306 sapientia
582 1218 801 1300 intelledtus3
825 1220 913 1285 hanc
927 1221 1268 1304 correspondentiam
1283 1232 1319 1286 et
1335 1222 1433 1286 unio·

312 1335 390 1380 nem
401 1316 576 1379 vocabant
586 1312 782 1396 conjugium
792 1312 964 1377 caeleste:
986 1313 1152 1389 dicentes,
1163 1315 1254 1397 quod
1265 1314 1375 1379 simile
1386 1316 1434 1380 sit

311 1410 344 1474 in
361 1417 438 1472 toto
454 1426 662 1488 corporeae
680 1407 714 1469 in
730 1405 874 1488 singulis
891 1404 961 1488 ejus
978 1406 1149 1479 membris,
1164 1409 1301 1488 organis
1314 1417 1349 1471 et
1363 1409 1433 1470 vis·

310 1501 455 1575 ceribus,
472 1518 549 1563 cum
567 1498 635 1562 illis
650 1518 737 1580 quae
756 1498 802 1560 ibi
821 1507 902 1562 sunt
918 1499 1031 1562 cordis
1047 1508 1083 1562 et
1102 1498 1273 1580 pulmonis
1284 1520 1292 1578 ;
1316 1520 1355 1562 ac
1376 1499 1433 1564 ubi

312 1613 379 1655 non
399 1612 458 1656 cor
474 1599 510 1654 et
528 1590 646 1673 pulmo
662 1591 747 1672 agit,
765 1600 801 1654 et
818 1591 1067 1673 unumquodvis
1084 1610 1162 1653 suas
1178 1591 1280 1665 vices,
1297 1592 1342 1654 ibi
1362 1612 1431 1656 non

311 1685 420 1768 possit
433 1685 506 1748 dari
519 1682 640 1766 aliquis
654 1692 768 1745 motus
780 1682 872 1745 vitae
885 1703 906 1744 a
922 1683 1087 1764 principio
1099 1682 1213 1764 aliquo
1225 1683 1430 1759 voluntario,

310 1797 372 1841 nec
392 1776 514 1859 aliquis
533 1795 654 1840 sensus
670 1775 762 1838 vitae
782 1795 802 1837 a
821 1775 986 1856 principio
1006 1774 1119 1857 aliquo
1138 1772 1373 1840 intellectuali.

371 1885 466 1955 377.
497 1866 669 1948 Quoniam
700 1868 733 1930 in
758 1887 847 1930 nunc
870 1867 1091 1948 sequentibus
1115 1868 1229 1948 agitur
1252 1867 1294 1931 de
1318 1889 1431 1932 corre·

310 1963 518 2045 spondentia
534 1961 645 2024 cordis
661 1969 696 2023 et
714 1957 882 2040 pulmonis
899 1978 975 2021 cum
990 1958 1171 2023 voluntate
1187 1970 1223 2024 et
1241 1958 1432 2038 intelledtu,

309 2065 345 2118 et
369 2074 470 2136 super
492 2053 557 2116 hac
580 2051 741 2116 fundatur
764 2052 1073 2133 correspondentia
1094 2053 1246 2116 omnium
1266 2055 1431 2136 corporis,

309 2168 395 2230 quae
415 2154 582 2208 vocantur
601 2144 753 2207 membra
769 2145 888 2217 totius,
907 2163 1037 2225 organa
1057 2163 1227 2220 sensuum,
1244 2155 1281 2220 ,et
1300 2149 1433 2211 viscera

310 2239 483 2321 corporis;
517 2245 553 2300 et
586 2237 746 2319 quoniam
779 2235 1086 2317 correspondentia
1117 2237 1322 2302 naturalium
1353 2257 1431 2302 cum

309 2328 539 2414 spiritualibus
550 2324 716 2392 hactenus
727 2328 850 2408 ignota
864 2325 985 2402 iuerat,
999 2337 1034 2390 et
1047 2348 1153 2410 usque
1165 2329 1278 2411 ample
1291 2340 1434 2395 ostensa

309 2431 362 2486 est
375 2423 409 2485 in
422 2421 509 2485 binis
520 2420 690 2502 operibus,
702 2439 845 2502 quorum
859 2438 961 2482 unum
975 2421 1049 2500 agit
1061 2419 1112 2482 De
1127 2418 1226 2484 Caelo
1236 2431 1269 2483 et
1278 2421 1430 2502 Inferna,

309 2523 346 2578 et
361 2513 507 2577 alterum
524 2513 568 2576 de
584 2532 686 2576 sensu
702 2510 867 2594 spirituali
884 2509 990 2586 Verbi
1007 2513 1040 2573 in
1060 2509 1181 2574 Genesi
1193 2521 1228 2575 et
1247 2513 1281 2575 in
1298 2512 1429 2591 Exodo,
1534 2553 1541 2580 r

308 2625 395 2688 quae
418 2615 588 2668 vocantur
605 2603 745 2667 Arcana
765 2601 942 2678 Caelestia,
963 2601 1065 2666 velim
1090 2603 1143 2665 hic
1168 2604 1328 2681 indicare,
1350 2607 1432 2689 quid
1539 2689 1542 2694 Α

308 2697 343 2760 in
361 2696 429 2760 illis
444 2696 533 2760 binis
552 2695 711 2777 operibus
732 2696 775 2758 de
792 2695 1100 2776 correspondentia
1119 2697 1283 2778 scriptum
1307 2707 1343 2762 et
1372 2719 1432 2762 os·

308 2798 446 2852 tensum
465 2798 530 2852 est.
575 2787 615 2852 In
638 2807 742 2870 opere
771 2787 822 2850 De
853 2783 951 2852 Caelo
976 2796 1009 2850 et
1037 2786 1173 2867 Inferna
1184 2788 1295 2852 .·—De
1315 2811 1430 2855 corre·

309 2880 518 2964 spondentia
529 2881 680 2944 omnium
694 2879 780 2944 caeli
793 2898 870 2943 cum
884 2878 1042 2943 omnibus
1053 2879 1199 2942 hominis
1212 2878 1259 2963 (n.
1277 2882 1431 2968 87-102).

309 2969 364 3036 De
393 2973 699 3056 correspondentia
721 2973 872 3036 omnium
897 2972 984 3035 caeli
1011 2991 1088 3034 cum
1112 2974 1268 3036 omnibus
1296 2975 1432 3039 telluris

311 3061 359 3146 (n.
379 3064 548 3148 103-115).
594 3063 633 3128 In
650 3085 752 3148 opere
769 3064 812 3127 de
828 3084 931 3127 sensu
947 3063 1114 3146 spirituali
1131 3062 1238 3128 Verbi
1257 3067 1290 3128 in
1312 3065 1434 3132 Genesi

308 3166 345 3219 et
357 3155 479 3232 Exodi,
494 3177 580 3239 quae
593 3167 761 3221 vocantur
772 3155 912 3220 Arcana
925 3153 1091 3220 Caelestia
1101 3155 1212 3220 .·-De
1225 3177 1428 3242 correspon-

307 3247 429 3311 dentia
446 3247 544 3312 faciei
561 3259 598 3312 et
618 3245 689 3328 ejus
709 3248 864 3312 vultuum
888 3267 965 3311 cum
983 3244 1216 3311 aflestionibus
1235 3251 1361 3314 mentis
1379 3249 1428 3335 (n.

313 3337 403 3421 1568,
415 3341 611 3422 2988‚2989‚
624 3339 818 3422 3631.4796‚
835 3355 928 3422 4797,
945 3338 1427 3427 4880[?4800],5195[?5165],

311 3429 402 3510 5168,
417 3431 507 3513 5695,
521 3431 631 3515 9306).
671 3431 723 3495 De
736 3433 1043 3515 correspondentia
1059 3435 1211 3515 corporis
1227 3435 1339 3517 quoad
1357 3435 1429 3517 ejus

308 3532 429 3604 gestus
452 3534 487 3587 et
511 3522 664 3588 actiones
683 3544 761 3589 cum
780 3522 1069 3589 intelled'tualibus
1092 3536 1128 3589 et
1151 3526 1354 3591 voluntariis
1379 3525 1427 3610 (n.

308 3615 403 3696 2988,
425 3613 517 3697 3632,
536 3615 647 3699 4215).
694 3616 747 3681 De
766 3618 1072 3700 correspondentia
1091 3638 1251 3682 sensuum
1274 3621 1308 3682 in
1332 3639 1426 3684 com·

309 3707 403 3771 muni
431 3705 478 3790 (n.
501 3708 718 3792 4318-4330).
768 3708 821 3773 De
852 3711 1160 3792 correspondentia
1190 3710 1366 3777 oculorum
1390 3722 1427 3777 et

308 3818 426 3863 eorum
449 3800 541 3863 visus
566 3799 613 3883 (n.
630 3802 848 3884 4403-4420).
894 3802 947 3866 De
971 3803 1277 3886 correspondentia
1295 3806 1427 3871 narium

308 3900 346 3955 et
368 3893 483 3956 odoris
508 3889 555 3975 (n.
573 3892 788 3977 4624-4634).
837 3894 890 3959 De
909 3894 1215 3977 correspondentia
1237 3898 1366 3963 aurium
1390 3908 1427 3963 et

308 3983 446 4047 auditus
478 3982 524 4064 (n.
546 3983 763 4069 4652-4634).
808 3985 861 4050 De
891 3987 1199 4069 correspondentia
1223 3988 1362 4071 linguae
1390 4000 1427 4055 et

307 4088 431 4161 gustus
450 4076 496 4161 (n.
511 4079 726 4162 4791-4805).
772 4080 825 4145 De
841 4083 1146 4165 correspondentia
1162 4102 1333 4161 manuum,
1348 4083 1426 4149 bra·

309 4173 475 4252 chiorum,
494 4174 711 4240 humerorum
735 4185 771 4240 et
794 4178 920 4260 pedum
941 4175 989 4260 (n.
1007 4177 1225 4262 4931-4953).
1271 4179 1325 4244 De
1348 4200 1425 4244 cor-

307 4271 556 4352 respondentia
578 4269 771 4335 lumborum
798 4281 834 4336 et
865 4274 1095 4338 membrorum
1118 4274 1352 4357 generationis
1376 4273 1425 4359 (n.

312 4365 525 4452 5050-5062).
587 4367 640 4432 De
678 4369 986 4451 correspondentia
1022 4372 1189 4434 viscerum
1226 4371 1425 4437 interiorum

307 4462 472 4545 corporis,
489 4463 523 4526 in
543 4462 657 4547 specie
675 4464 866 4539 ventriculi,
880 4465 1002 4547 thymi,
1024 4466 1193 4528 cisternae
1209 4475 1244 4530 et
1264 4461 1426 4528 ductuum

307 4556 413 4640 chyli,
434 4559 630 4622 mesenterii
651 4558 699 4642 (n.
721 4563 916 4641 5171-5180,
940 4559 1053 4642 5189[?
1075 4559 1197 4643 5181]).
1243 4559 1296 4624 De
1313 4580 1425 4623 corre·

308 4651 518 4732 spondentia
549 4651 647 4715 lienis
680 4651 727 4736 (n.
761 4651 870 4735 9698).
917 4653 969 4716 De
1000 4653 1306 4735 correspondentia
1336 4655 1425 4736 peri-
