3424 5368
314 685 372 752 172
665 680 870 732 SAPIENTIA
894 678 1090 730 ANGELICA

311 875 371 920 seu
389 855 471 919 boni
493 863 530 918 et
549 853 632 930 veri,
652 850 947 936 significeturflper
964 848 1153 928 “nomem”
1168 859 1309 916 constat
1333 851 1442 918 etiam

311 965 371 1034 per
386 949 471 1014 haec
490 949 630 1012 Domini
649 947 773 1012 verba:

360 1089 375 1110 ‘⁸
383 1085 436 1150 Qui
449 1086 600 1150 ingreditur
612 1099 660 1148 per
671 1084 790 1148 januam,
804 1093 897 1147 pastor
908 1091 951 1134 est
962 1083 1073 1143 ovium
1090 1083 1153 1133 buic
1164 1083 1292 1134 ostiarius
1304 1085 1399 1148 aperit,
1412 1093 1442 1136 et

442 1167 508 1201 oves
521 1165 615 1201 vocem
635 1151 706 1201 illius
724 1151 844 1210 audiunt,
856 1159 884 1200 et
901 1149 1025 1214 proprias
1042 1161 1108 1200 oves
1125 1159 1205 1200 vocat
1222 1151 1333 1201 nomine
1350 1161 1442 1212 tenus,

440 1227 468 1268 et
480 1217 569 1268 educit
582 1217 642 1268 illas
650 1215 664 1236 ”
676 1214 750 1280 (Joh.
764 1231 789 1266 x.
802 1227 825 1275 a,
838 1216 863 1277 3)
875 1229 881 1274 ;

311 1357 467 1418 “vocare
490 1372 574 1417 oves
593 1351 732 1416 nomine
756 1347 889 1426 tenus,”
910 1358 966 1414 est
988 1348 1178 1432 quemlibet
1204 1349 1262 1433 qui
1288 1349 1442 1415 inbono

310 1448 490 1513 charitatis
513 1459 578 1522 est,
599 1449 724 1512 docere
746 1454 783 1510 et
807 1446 932 1509 ducere
955 1446 1143 1509 secundum
1161 1455 1293 1509 statum
1312 1447 1440 1510 amoris

310 1555 346 1607 et
366 1546 557 1625 sapientiae
573 1542 664 1625 ejus:
689 1563 750 1625 per
768 1540 933 1624 “januam
943 1540 959 1566 ”
975 1540 1183 1624 intelligitur
1201 1541 1382 1618 Dominus,
1398 1551 1439 1607 ut

310 1649 451 1704 constat
467 1661 513 1703 ex
530 1661 617 1703 vers.
634 1657 666 1720 9,
684 1638 741 1715 ibi,

442 1775 525 1840 “Ego
539 1790 600 1826 sum
613 1774 703 1838 janua,
716 1787 765 1837 per
777 1771 823 1824 Me
836 1774 859 1823 si
871 1773 931 1838 quis
943 1773 1103 1833 introiverit,
1115 1773 1265 1823 salvabitur
1275 1771 1299 1834 ;''

310 1912 495 1994 exquibus
514 1919 624 1994 patet,
641 1909 733 1993 quod
753 1909 826 1992 lpse
843 1907 1012 1971 Dominus
1031 1907 1209 1972 adeundus
1227 1909 1284 1984 sit,
1304 1918 1343 1972 ut
1360 1908 1440 1992 quis

310 2006 436 2072 salvari
460 2007 582 2090 possit,
599 2015 635 2069 et
658 2005 716 2088 qui
739 2003 855 2085 Ipsum
880 2003 964 2078 adit,
989 2003 1035 2066 sit
1056 2008 1206 2086 “pastor
1224 2005 1339 2068 ovium
1351 2002 1378 2081 ;”
1400 2011 1438 2069 et

310 2103 454 2186 quinon
477 2102 592 2183 Ipsum
617 2101 700 2176 adit,
722 2101 767 2163 sit
788 2099 870 2163 “fur
892 2109 929 2164 et
953 2095 1075 2175 latro,”
1091 2108 1129 2163 ut
1152 2099 1278 2163 dicitur
1299 2119 1386 2164 vers.
1409 2115 1438 2178 1,

309 2196 400 2262 illius
419 2198 553 2280 capitis.

373 2307 466 2377 231.
496 2291 668 2374 Quoniam
698 2311 759 2373 per
788 2290 1063 2374 profanationem
1094 2288 1204 2355 saniti
1232 2291 1440 2374 intelligitur

309 2388 504 2474 profanatio
522 2389 566 2452 ab
589 2387 729 2471 illisqui
753 2388 865 2452 sciunt
885 2407 966 2452 vera
989 2385 1067 2450 fidei
1090 2397 1126 2450 et
1149 2387 1240 2450 bona
1258 2387 1439 2452 charitatis

309 2507 354 2548 ex
374 2484 503 2561 Verbo,
523 2493 559 2550 et
581 2504 716 2568 quoque
739 2482 855 2566 aliquo
878 2483 982 2546 modo
1005 2493 1200 2564 agnoscunt
1220 2481 1289 2557 illa,
1309 2492 1344 2547 et
1367 2503 1437 2548 non

308 2580 358 2644 illi
374 2581 430 2663 qui
454 2601 522 2644 non
547 2581 659 2643 sciunt
682 2578 752 2654 illa,
771 2599 834 2642 nec
853 2580 909 2661 qui
928 2599 973 2642 ex
998 2579 1177 2661 impietate
1200 2598 1337 2661 prorsus
1360 2579 1437 2661 reji-

309 2677 415 2750 ciunt,
444 2678 522 2739 ideo
549 2695 618 2739 non
646 2676 689 2738 de
716 2674 785 2750 his,¹
807 2675 870 2738 sed
895 2674 938 2738 de
961 2674 1029 2737 illis
1052 2674 1233 2756 sequentia
1256 2674 1438 2755 dicuntur;

309 2774 430 2837 horum
448 2773 697 2856 profanationis
713 2793 843 2854 genera
855 2783 935 2835 sunt
950 2772 1058 2854 plura,
1073 2771 1201 2836 leviora
1214 2781 1250 2835 et
1265 2773 1435 2854 graviora,

309 2889 427 2933 verum
446 2870 487 2932 ad
513 2869 598 2932 haec
622 2879 757 2950 septem
777 2867 892 2932 referri
911 2879 1068 2950 possunt.
1113 2867 1260 2931 Primum
1277 2869 1436 2951 profana·

308 2966 411 3030 tionis
428 2985 536 3046 genus
552 2966 596 3028 ab
609 2964 676 3028 illis
688 2974 754 3039 est,
768 2964 830 3047 qui
829 2963 1027 3045 jaculantur
1037 2985 1079 3027 ex
1098 2961 1202 3028 Verbo
1217 2974 1250 3028 et
1263 2966 1304 3027 de
1320 2963 1436 3045 Verbo,

307 3070 367 3124 aut
380 3081 423 3122 ex
438 3059 575 3124 Divinis
590 3059 741 3123 ecclesz'ae
755 3070 787 3122 et
801 3058 841 3122 de
856 3058 935 3124 illis.
982 3059 1060 3123 Hoc
1077 3060 1152 3124 fita
1169 3061 1372 3146 quibusdam
1389 3083 1436 3128 ex

308 3176 415 3238 prava
437 3157 698 3228 consuetudine,
723 3156 937 3220 desumendo
959 3157 1100 3220 nomina
1123 3165 1182 3221 aut
1203 3157 1367 3222 formulas
1388 3179 1436 3224 ex

308 3251 436 3328 Verbo,
454 3264 489 3317 et
506 3252 731 3316 immiscendo
746 3253 960 3316 sermonibus
976 3273 1095 3336 parum
1112 3254 1257 3330 decoris,
1274 3265 1311 3318 et
1327 3274 1435 3338 quan·

307 3350 419 3432 doque
432 3351 561 3432 spurcis
576 3370 583 3428 ;
604 3349 695 3433 quod
712 3369 781 3412 non
794 3357 912 3431 potest
929 3369 998 3412 non
1012 3367 1089 3412 cum
1103 3348 1217 3432 aliquo
1230 3359 1437 3432 contemptu

307 3443 414 3508 Verbi
441 3466 517 3508 esse
537 3442 779 3527 conjunitum3
803 3463 881 3508 cum
905 3455 1022 3509 tamen
1043 3443 1198 3509 Verbum
1222 3446 1256 3508 in
1278 3446 1437 3510 omnibus

307 3552 343 3604 et
374 3541 519 3622 singulis
554 3551 610 3605 est
643 3540 805 3605 Divinum
835 3552 871 3604 et
902 3539 1081 3618 sand'tum;
1116 3560 1197 3605 nam
1228 3543 1437 3624 unaquaevis

306 3657 376 3699 vox
394 3635 438 3697 ibi
458 3637 490 3698 in
508 3637 583 3699 sinu
607 3637 765 3700 recondit
783 3635 923 3718 aliquod
944 3635 1105 3700 Divinum
1122 3657 1129 3715 ;
1154 3647 1190 3701 et
1210 3636 1321 3718 perid
1339 3655 1433 3700 com·

306 3733 574 3794 municationem
602 3731 709 3796 habet
737 3751 813 3796 cum
844 3732 961 3796 caelo:
998 3734 1059 3797 sed
1089 3732 1155 3797 hoc
1189 3731 1437 3817 profanationis

306 3847 415 3908 genus
439 3827 546 3891 levius
566 3837 602 3892 et
621 3829 759 3908 gravius
782 3839 837 3892 est
857 3828 1046 3892 secundum
1069 3828 1283 3910 agnitionem
1306 3825 1434 3892 saniti-

299 3925 390 3998 ¹tatis
409 3923 529 3998 Verbi,
547 3933 583 3988 et
599 3926 766 3987 sermonis
789 3925 989 3988 indecorum
1007 3925 1060 3987 cui
1084 3923 1244 3988 inseritur
1262 3943 1283 3986 a
1301 3921 1436 4004 jocula-

306 4020 447 4084 toribus.
494 4033 551 4096 [2.]
580 4019 740 4084 Alterum
758 4039 868 4102 genus
885 4020 1132 4101 profanationis
1151 4019 1278 4083 abillis
1294 4029 1360 4093 est,
1377 4017 1438 4102 qui

305 4114 501 4198 intelligunt
515 4125 547 4179 et
561 4125 746 4198 agnoscunt
762 4115 890 4179 Divirm
905 4137 995 4189 vera,
1012 4125 1046 4178 et
1063 4126 1173 4179 tamen
1188 4114 1308 4178 mount
1320 4125 1436 4179 contra

305 4213 378 4278 illa.
425 4214 493 4279 Sed
517 4216 625 4279 levius
648 4215 832 4298 profanant
852 4215 908 4297 qui
928 4213 1040 4277 solum
1064 4214 1276 4296 intelligunt,
1296 4215 1436 4296 gravius

305 4321 423 4374 autem
443 4313 498 4394 qui
517 4312 623 4374 etiam
643 4319 849 4392 agnoscunt,
867 4308 1066 4375 intelleftus
1083 4311 1173 4374 enim
1190 4308 1301 4373 solum
1318 4309 1435 4386 docet,

305 4407 364 4468 vix
381 4406 482 4471 aliter
498 4426 600 4490 quam
616 4407 705 4470 sicut
721 4407 950 4488 praedicator,
968 4416 1004 4470 et
1022 4425 1090 4468 non
1106 4403 1287 4487 conjungit
1302 4423 1339 4468 se
1355 4421 1434 4468 cum

306 4502 485 4567 voluntate
503 4525 549 4566 ex
569 4523 629 4580 se;
652 4512 690 4566 at
705 4502 839 4584 agnitio
855 4523 892 4567 se
911 4501 1100 4583 conjungit,
1119 4503 1295 4565 nonenim
1315 4507 1434 4583 potest

305 4595 444 4679 aliquod
464 4598 607 4680 agnosci
627 4598 691 4661 nisi
709 4617 787 4661 cum
806 4616 976 4662 consensu
993 4596 1193 4661 voluntatis.
1238 4595 1307 4660 Sed
1327 4615 1434 4678 usque

303 4692 364 4757 illa
380 4691 575 4774 conjunilio
598 4703 654 4757 est
670 4695 774 4770 varia,
792 4702 828 4758 et
846 4692 1033 4757 secundum
1053 4689 1330 4774 conjuniiionem
1353 4709 1433 4774 pro·
