3410 5382
338 689 395 736 102
674 680 879 734 SAPIENTIA
901 681 1110 736 ANGELICA.
1133 679 1135 682 ’
1230 731 1233 738 ,

333 854 515 920 charitatis
542 861 579 918 et
605 851 758 938 pietatis,
779 851 908 940 absque
935 851 1080 919 internis
1104 850 1252 920 salvent.
1298 851 1464 922 Similiter

332 951 366 1014 in
385 951 461 1014 aliis
480 950 592 1028 rebus,
612 951 701 1016 sicut
719 949 812 1035 quod
828 951 922 1016 visus
941 959 978 1016 et
997 950 1132 1014 auditus
1150 950 1294 1016 influant
1311 952 1347 1016 in
1365 953 1460 1037 cogi-

332 1048 511 1124 tationem,
536 1057 573 1111 et
595 1047 687 1130 quod
711 1046 797 1111 odor
827 1055 864 1110 et
893 1055 1015 1129 gustus
1037 1046 1071 1110 in
1095 1047 1375 1130 perceptionem:
1411 1051 1462 1114 ita

331 1154 516 1208 externum
532 1142 567 1207 in
586 1143 770 1219 internum,
788 1161 866 1208 cum
884 1151 1001 1207 tamen
1021 1143 1230 1208 contrarium
1246 1153 1311 1208 est.
1356 1141 1461 1228 Quod

331 1250 521 1324 appareant
542 1239 616 1303 visa
634 1247 670 1304 et
689 1237 807 1304 audita
825 1237 965 1303 influere
988 1237 1023 1303 in
1042 1239 1305 1322 cogitationem,
1322 1249 1376 1304 est
1395 1239 1458 1304 sal·

331 1335 429 1413 lacia,
450 1356 529 1400 nam
554 1332 752 1399 intellettus
775 1334 871 1399 videt
894 1335 928 1399 in
952 1334 1054 1399 oculo
1076 1344 1114 1399 et
1136 1335 1232 1400 audit
1255 1335 1289 1399 in
1312 1356 1403 1412 aure,
1422 1344 1462 1401 et

331 1451 401 1496 non
420 1433 592 1498 vicissim:
623 1431 781 1495 similiter
799 1433 833 1494 in
852 1430 999 1515 reliquis.

395 1545 487 1614 151.
517 1527 586 1592 Sed
619 1527 673 1592 hic
708 1527 836 1609 aliquid
870 1526 1014 1604 dicetur,
1045 1527 1221 1610 quomodo
1254 1526 1460 1592 reformatur

330 1625 487 1688 internus
516 1625 632 1702 homo,
657 1633 693 1688 et
725 1644 785 1706 per
815 1622 910 1687 illum
938 1632 1115 1689 externus.
1161 1623 1324 1688 internus
1353 1623 1462 1689 homo

330 1741 400 1784 non
430 1720 636 1785 reformatur
667 1740 727 1803 per
757 1718 868 1784 solum
901 1721 998 1796 scire,
1023 1719 1218 1802 intelligere
1249 1728 1286 1784 et
1316 1740 1460 1802 sapere,

284 1847 287 1854 ·
329 1827 582 1900 consequenter
609 1836 677 1880 non
704 1837 766 1900 per
789 1817 900 1881 solum
925 1817 1103 1900 cogitare;
1141 1817 1202 1880 sed
1226 1815 1401 1900 pervelle
1423 1816 1457 1880 id

330 1913 421 1994 quod
445 1913 602 1987 scientia,
625 1911 861 1995 intelligentia
886 1922 923 1978 et
953 1913 1123 1996 sapientia
1146 1913 1260 1977 docet.
1307 1910 1460 1994 Quando

329 2007 435 2071 homo
461 2010 538 2084 scit,
563 2007 728 2090 intelligit
753 2018 789 2072 et
813 2009 915 2092 sapit,
940 2009 1030 2092 quod
1054 2007 1188 2072 caelum
1218 2026 1257 2072 ac
1287 2006 1457 2072 infernum

328 2105 410 2180 sint,
428 2116 463 2169 et
482 2104 574 2188 quod
593 2125 695 2169 omne
715 2105 843 2169 malum
861 2107 906 2169 sit
925 2126 969 2170 ex
990 2105 1133 2180 inferno,
1151 2115 1186 2168 et
1206 2123 1308 2168 omne
1327 2103 1457 2168 bonum

328 2221 348 2265 e
367 2201 476 2276 caelo,
496 2202 524 2264 si
547 2210 629 2266 tunc
654 2221 723 2266 non
743 2201 817 2265 vult
836 2200 965 2265 malum
988 2202 1068 2285 quia
1090 2201 1134 2265 ab
1156 2199 1288 2264 inferno
1307 2209 1373 2276 est,
1394 2199 1456 2264 sed

328 2297 402 2360 vult
420 2298 547 2360 bonum
564 2298 675 2379 quiae
692 2296 792 2361 caelo
807 2307 873 2372 est,
891 2307 973 2361 tunc
990 2298 1024 2361 in
1041 2299 1151 2380 primo
1167 2295 1277 2378 gradu
1292 2294 1454 2360 reforma·

327 2395 433 2456 tionis
451 2403 517 2470 est,
534 2402 570 2456 et
589 2394 622 2456 in
643 2392 760 2457 limine
778 2413 823 2457 ex
843 2391 975 2458 inferno
993 2394 1037 2457 ad
1056 2391 1201 2458 caelum.
1246 2389 1331 2456 Cum
1348 2391 1458 2457 homo

328 2488 470 2553 ulterius
489 2489 718 2572 progreditur,
738 2499 774 2552 et
794 2489 869 2553 vult
889 2490 1058 2553 desistere
1077 2509 1097 2552 a
1116 2487 1227 2564 malis,
1247 2488 1457 2553 insecundo

327 2585 436 2666 gradu
459 2584 712 2648 reformationis
734 2593 801 2660 est,
821 2594 858 2649 et
882 2595 964 2649 tunc
988 2595 1091 2651 extra
1113 2583 1281 2648 infernum
1304 2592 1371 2659 est,
1392 2583 1455 2648 sed

327 2681 479 2744 nondum
495 2681 530 2743 in
546 2681 664 2759 caelo;
688 2680 754 2745 hoc
771 2681 867 2745 videt
884 2701 986 2766 supra
1001 2702 1049 2746 se.
1091 2679 1168 2745 Hoc
1185 2681 1358 2745 internum
1375 2680 1454 2758 erit,

327 2786 364 2840 ut
391 2776 497 2839 homo
527 2776 750 2855 reformetur3
785 2779 846 2842 sed
870 2779 934 2843 nisi
960 2788 1141 2861 utrumque
1168 2786 1241 2841 tam
1267 2786 1453 2840 externum

326 2891 428 2954 quam
459 2871 633 2936 internum
666 2871 881 2948 reformatur,
912 2872 1019 2938 homo
1049 2892 1117 2937 non
1151 2871 1353 2944 reformatus
1388 2881 1451 2936 est.

326 2965 522 3031 Externum
542 2967 744 3032 reformatur
763 2989 823 3051 per
841 2970 1024 3046 internum,
1042 2989 1119 3034 cum
1138 2977 1323 3033 externum
1342 2966 1452 3031 desis·

326 3064 369 3127 tit
386 3062 532 3139 amalis,
549 3084 635 3146 quae
652 3065 824 3128 internum
842 3085 910 3128 non
926 3064 1001 3128 vult
1018 3067 1096 3148 quia
1111 3062 1290 3128 infernalia
1306 3073 1398 3139 sunt,
1416 3072 1451 3127 et

325 3160 437 3241 magis
459 3179 537 3224 cum
560 3161 639 3225 ideo
662 3160 749 3243 sugit
768 3160 839 3236 illa,
859 3170 895 3224 et
914 3169 1047 3244 pugnat
1066 3169 1188 3225 contra
1206 3159 1276 3223 illa.
1322 3156 1377 3222 Sic
1397 3159 1447 3222 in·

324 3264 462 3319 ternum
480 3265 534 3321 est
553 3256 655 3332 velle,
679 3265 716 3320 et
739 3265 925 3320 externum
943 3266 998 3320 est
1017 3256 1152 3335 sacere;
1184 3273 1264 3319 nam
1288 3253 1352 3317 nisi
1375 3255 1452 3338 quis

322 3349 405 3414 iacit
429 3351 520 3434 quod
543 3352 630 3428 vult,
653 3353 746 3415 intus
772 3361 826 3415 est
854 3352 945 3434 quod
973 3371 1042 3416 non
1066 3351 1161 3428 velit,
1185 3361 1221 3414 et
1244 3351 1387 3414 tandem
1411 3347 1448 3413 fit

325 3467 393 3510 non
410 3446 509 3511 velle.
552 3454 609 3514 [2.]
633 3447 690 3510 Ex
709 3446 763 3511 his
786 3449 903 3531 paucis
921 3447 1026 3510 videri
1046 3456 1173 3531 potest,
1190 3447 1365 3532 quomodo
1384 3466 1449 3509 ex·

323 3555 441 3604 ternus
465 3542 569 3606 homo
587 3543 790 3607 reformatur
813 3563 873 3625 per
896 3543 1078 3606 internum.
1124 3542 1203 3607 Hoc
1227 3561 1362 3626 quoque
1382 3551 1450 3617 est,

324 3637 416 3719 quod
434 3637 639 3719 intelligitur
655 3659 716 3720 per
733 3639 840 3703 verba
858 3637 998 3702 Domini
1016 3640 1060 3702 ad
1080 3637 1219 3702 Petrum

373 3773 388 3796 ‘⁸
395 3771 592 3889 Je⁸u13'{diXil')
599 3773 626 3824 Si
640 3790 695 3854 non
708 3775 802 3826 lavero
803 3787 848 3892 dte,
862 3791 916 3825 non
934 3775 1018 3825 habes
1033 3785 1137 3891 partepim
1151 3774 1268 3854 liceum.
1303 3771 1379 3824 Dixit
1392 3773 1449 3889 lppi

455 3853 579 3956 ollio
591 3850 1352 3972 53:1¹2?&maturaritsistatttzttsst
1359 3854 1448 3970 ‘tlt

454 3972 565 4032 lavetur,
578 3982 606 4022 et
620 3975 737 4024 mundus
750 3983 792 4024 est
804 3983 877 4024 totus
885 3973 899 3994 ”
911 3973 986 4039 (Joh.
998 3973 1054 4023 xiii.
1069 3973 1161 4035 8-10):

321 4137 381 4198 per
402 4116 642 4181 “lavationem
651 4117 666 4141 '²
684 4117 890 4201 intelligitur
914 4116 1043 4181 lavatio
1066 4115 1262 4198 spiritualis,
1283 4135 1370 4199 quae
1392 4123 1448 4178 est

321 4211 509 4294 purificatio
532 4235 552 4277 a
576 4214 696 4294 malis;
731 4237 791 4300 per
811 4214 955 4278 “lavare
974 4222 1077 4295 caput
1097 4222 1133 4276 et
1153 4231 1275 4276 manus
1284 4210 1299 4236 ’'
1317 4209 1446 4274 intelli·

320 4309 413 4390 gitur
432 4308 607 4392 purificare
627 4313 800 4376 internum
819 4310 1006 4385 hominem,
1024 4318 1060 4374 et
1080 4330 1139 4392 per
1157 4309 1302 4373 “lavare
1318 4306 1424 4390 pedes
1432 4301 1449 4330 ’'

320 4404 528 4491 intelligitur
564 4407 741 4489 purificare
778 4417 972 4471 externum.
1036 4403 1138 4488 Quod
1177 4424 1254 4469 cum
1292 4404 1448 4467 internus

321 4499 426 4563 homo
449 4500 646 4583 purificatus
669 4514 734 4580 est,
755 4513 921 4568 externus
947 4501 1175 4584 purificandus
1203 4501 1258 4576 sit,
1280 4497 1447 4581 intelligi·

321 4604 377 4658 tur
401 4616 460 4676 per
483 4597 560 4670 hoc,
585 4597 685 4680 “Qui
708 4598 890 4673 lotus'est,
912 4618 981 4662 non
1005 4619 1090 4680 opus
1114 4597 1221 4662 habet
1246 4597 1309 4660 nisi
1333 4593 1449 4680 quoad

319 4690 428 4774 pedes
445 4691 605 4755 lavetur.’'
651 4691 753 4774 Quod
773 4696 884 4761 omnis
904 4693 1095 4777 purificatio
1115 4714 1135 4757 a
1154 4692 1253 4756 malis
1272 4693 1316 4756 sit
1336 4713 1356 4754 a
1376 4689 1449 4754 Do·
