3422 5380
322 641 388 708 254
679 633 883 686 SAPIENTIA
907 630 1104 681 ANGELICA

321 815 456 896 regitur
472 823 657 876 externum
674 808 755 894 ejus,
773 819 808 872 et
826 807 927 872 aliter
944 807 1116 872 internum
1131 827 1140 884 ;
1162 815 1346 870 externum
1363 801 1453 886 regi·

324 911 438 974 turin
462 908 592 970 mundo
614 907 800 988 spirituum,
821 905 993 968 internum
1019 911 1134 964 autem
1160 901 1194 963 in
1218 899 1316 963 caelo
1337 899 1392 963 vel
1417 899 1451 962 in

323 1005 467 1080 inferno,
485 1001 647 1086 quamdiu
664 1002 697 1064 in
715 1000 843 1063 mundo
860 1008 935 1076 est;
960 1018 1064 1080 quare
1081 998 1186 1058 etiam
1203 1015 1280 1058 cum
1296 995 1449 1070 moritur,

324 1101 469 1184 primum
493 1097 644 1162 venitin
669 1096 833 1158 mundum
857 1095 1047 1178 spirituum,
1069 1101 1104 1154 et
1135 1091 1179 1155 ibi
1209 1091 1244 1152 in
1267 1102 1450 1153 externum

322 1216 433 1270 suum,
448 1206 483 1258 et
500 1194 564 1257 hoc
578 1193 624 1256 ibi
640 1193 798 1270 exuitur;
823 1212 889 1274 quo
903 1199 1029 1253 exutus
1042 1187 1147 1250 fertur
1163 1187 1196 1250 in
1213 1185 1328 1249 locum
1341 1204 1449 1260 suum,

321 1293 378 1354 cui
396 1292 579 1371 inscriptus
596 1298 660 1352 est.
707 1285 798 1369 Quid
818 1287 964 1348 mundus
984 1284 1172 1366 spirituum,
1193 1292 1229 1345 et
1253 1279 1361 1365 qualis
1380 1279 1449 1355 ille,

321 1386 480 1450 videatur
502 1388 536 1448 in
560 1405 662 1467 opere
685 1382 738 1446 Dc
758 1379 856 1447 caelo
877 1390 910 1443 et
930 1379 1079 1459 Inferna,
1100 1375 1261 1452 Londini,
1280 1395 1335 1439 an.
1359 1375 1448 1458 1758,

322 1483 422 1546 edito
442 1479 490 1564 (n.
508 1477 682 1562 421—535).

322 2029 438 2116 Quon
465 2031 611 2096 D1vrun
640 2030 908 2094 Paovruaurm
936 2040 1018 2092 uou
1042 2037 1281 2090 neenoaarar
1311 2038 1443 2090 aurem

450 2141 590 2192 uncuu
614 2139 687 2190 uae
722 2137 1023 2196 nu1ou1aouuu,
1049 2135 1119 2185 sau
1152 2135 1256 2200 Quou
1280 2133 1443 2185 enorum

450 2233 674 2286 munaum
696 2233 906 2296 urnuuoua
930 2231 1175 2281 nanaoumar.

385 2418 491 2500 3⁰8.
521 2417 680 2484 Creditur
698 2438 806 2501 paene
830 2417 874 2479 ab
892 2415 1092 2499 unoquovis,
1113 2414 1204 2498 quod
1224 2413 1330 2478 homo
1349 2415 1443 2497 cogi·

319 2527 372 2582 tet
391 2529 427 2580 et
447 2516 531 2580 velit
554 2539 599 2581 ex
623 2537 670 2592 se,
689 2526 725 2578 et
748 2516 828 2578 inde
848 2515 1007 2597 loquatur
1026 2523 1062 2577 et
1085 2522 1169 2594 agat
1197 2534 1243 2576 ex
1267 2533 1314 2575 se.
1360 2511 1445 2594 Quis

319 2614 412 2677 aliud
434 2624 552 2694 potest
572 2613 711 2676 credere
731 2612 811 2674 dum
835 2631 855 2674 a
877 2610 937 2673 se?
961 2628 1037 2672 cum
1060 2610 1264 2691 apparentia
1282 2609 1373 2692 quod
1396 2609 1446 2672 ita

319 2710 377 2784 sit,
395 2721 467 2772 tam
486 2709 582 2770 sortis
601 2718 666 2781 est,
685 2715 722 2770 ut
743 2705 826 2769 nihil
843 2704 976 2768 diflerat
996 2705 1040 2767 ab
1057 2701 1237 2766 aiiualiter
1255 2723 1275 2766 a
1293 2725 1330 2767 se
1349 2705 1443 2786 cogi·

319 2813 407 2879 tare,
431 2802 533 2877 velle,
558 2803 650 2885 loqui
680 2811 716 2865 et
746 2822 860 2884 agere,
885 2801 976 2883 quod
1006 2810 1123 2862 tamen
1152 2820 1219 2862 non
1243 2798 1357 2863 dabile
1379 2809 1444 2864 est.

321 2909 361 2973 In
374 2907 550 2990 Sapientia
561 2907 724 2991 Angelica
733 2906 784 2970 De
795 2906 919 2971 Divino
930 2905 1055 2970 Amore
1069 2916 1102 2970 et
1114 2906 1244 2971 Divina
1257 2905 1442 2989 Sapientia,

319 3005 595 3069 demonstratum
614 3015 679 3080 est,
700 3002 792 3087 quod
816 3003 915 3065 unica
933 3001 1018 3066 Vita
1038 3003 1093 3077 sit,
1114 3012 1149 3065 et
1172 3003 1263 3086 quod
1286 3002 1444 3067 homines

318 3102 389 3164 sint
420 3100 626 3180 recipientes
655 3100 768 3176 vitae;
805 3108 877 3162 tum
908 3098 999 3181 quod
1030 3097 1192 3163 voluntas
1223 3098 1372 3164 hominis
1399 3101 1443 3164 sit

317 3194 575 3277 receptaculum
592 3195 727 3268 amoris,
745 3215 784 3257 ac
801 3191 1000 3258 intellectus
1016 3194 1164 3259 hominis
1180 3198 1225 3260 sit
1241 3209 1442 3281 receptacu-

319 3292 389 3356 lum
413 3291 612 3372 sapientiae,
632 3311 719 3374 quae
749 3290 817 3353 duo
844 3300 923 3354 sunt
941 3293 1041 3355 unica
1067 3290 1127 3355 illa
1149 3291 1244 3356 Vita.
1290 3292 1442 3358 Demon-

318 3398 467 3451 stratum
481 3388 586 3450 etiam
599 3397 665 3464 est,
679 3387 771 3470 quod
788 3407 832 3450 ex
850 3389 1024 3452 creatione
1041 3389 1097 3465 sit,
1111 3399 1147 3455 et
1163 3390 1243 3454 inde
1256 3411 1301 3454 ex
1319 3390 1443 3455 Divina

320 3482 542 3547 Providentia
561 3483 733 3558 continue,
754 3491 792 3546 ut
815 3483 890 3546 vita
907 3482 967 3547 illa
991 3496 1157 3568 appareat
1180 3486 1214 3549 in
1238 3485 1387 3560 homine,
1408 3487 1441 3550 in

318 3579 382 3643 tali
404 3577 639 3652 similitudine,
661 3579 750 3642 sicut
776 3589 870 3642 esset
901 3579 982 3662 ejus,
1009 3582 1150 3664 proinde
1176 3583 1264 3645 sicut
1286 3583 1442 3665 propria;

318 3675 380 3738 sed
404 3674 495 3759 quod
525 3674 590 3738 hoc
622 3677 666 3740 sit
689 3680 904 3762 apparentia,
926 3681 971 3745 ob
1000 3680 1103 3746 finem
1135 3694 1172 3748 ut
1205 3682 1311 3747 homo
1335 3682 1443 3763 possit

318 3793 395 3835 esse
428 3772 694 3853 receptaculum.
736 3775 1022 3842 Demonstratum
1048 3782 1154 3844 etiam
1183 3793 1235 3846 est
1264 3801 1366 3862 supra
1395 3777 1442 3862 (n.

319 3867 493 3950 288-294),
514 3870 605 3951 quod
628 3871 741 3936 nullus
759 3872 865 3936 homo
887 3877 1020 3957 cogitet
1044 3899 1088 3940 ex
1120 3899 1167 3952 se,
1189 3879 1249 3941 sed
1279 3899 1324 3940 ex
1347 3875 1442 3954 aliis;

318 3973 355 4026 et
380 3964 472 4047 quod
497 3986 559 4029 nec
583 3966 639 4031 alii
662 3988 707 4030 ex
736 3989 784 4043 se,
805 3970 865 4034 sed
889 3990 1010 4034 omnes
1040 3995 1086 4036 ex
1112 3973 1272 4046 Domino.
1293 3974 1343 4038 ita
1369 3981 1442 4036 tam

320 4060 430 4125 malus
457 4083 559 4146 quam
587 4064 717 4128 bonus:
743 4075 816 4129 tum
844 4068 936 4150 quod
964 4068 1030 4133 hoc
1064 4071 1097 4134 in
1132 4073 1215 4136 orbe
1247 4070 1443 4136 Christiano

319 4169 440 4222 notum
458 4160 513 4232 sit,
535 4161 809 4243 imprimisapud
833 4162 911 4226 illos
934 4165 990 4246 qui
1014 4185 1083 4230 non
1107 4167 1211 4232 modo
1231 4169 1360 4238 dicunt.
1382 4168 1442 4232 sed

318 4257 425 4319 etiam
442 4256 598 4330 credunt,
615 4257 706 4340 quod
724 4278 826 4322 omne
843 4259 972 4324 bonum
989 4270 1024 4327 et
1042 4282 1161 4327 verum
1178 4265 1224 4328 sit
1240 4286 1261 4328 a
1280 4263 1441 4342 Domino,

318 4362 393 4416 tum
409 4351 500 4433 quod
518 4353 630 4415 omnis
646 4353 823 4435 sapientia,
841 4355 890 4418 ita
906 4353 991 4420 lides
1007 4367 1042 4422 et
1060 4357 1231 4439 charitas3
1254 4370 1290 4425 et
1308 4381 1443 4446 quoque

319 4446 412 4530 quod
431 4464 534 4508 omne
553 4445 681 4510 malum
701 4457 737 4511 et
753 4447 876 4512 salsum
896 4450 941 4515 sit
960 4471 981 4515 a
999 4452 1140 4517 diabolo
1158 4475 1219 4518 seu
1238 4456 1281 4519 ab
1300 4456 1441 4521 inferno.

321 4546 379 4606 [2.]
413 4538 470 4602 Ex
499 4539 553 4602 his
576 4542 734 4606 omnibus
758 4563 826 4608 non
850 4554 969 4625 potest
996 4546 1087 4611 aliud
1110 4549 1311 4614 conclusum
1335 4552 1442 4636 sequi,

318 4653 422 4716 quam
445 4632 536 4716 quod
558 4654 661 4700 omne
685 4637 805 4704 influat
828 4639 919 4724 quod
942 4640 1048 4706 homo
1068 4643 1203 4726 cogitat
1226 4654 1263 4711 et
1286 4645 1380 4727 vult;
1406 4653 1447 4712 et
