<?xml version="1.0" encoding="UTF-8"?>
<!DOCTYPE html PUBLIC "-//W3C//DTD XHTML 1.0 Transitional//EN"
    "http://www.w3.org/TR/xhtml1/DTD/xhtml1-transitional.dtd">
<html xmlns="http://www.w3.org/1999/xhtml" xml:lang="en" lang="en">
 <head>
  <title>
</title>
<meta http-equiv="Content-Type" content="text/html;charset=utf-8" />
  <meta name='ocr-system' content='tesseract 3.04.00' />
  <meta name='ocr-capabilities' content='ocr_page ocr_carea ocr_par ocr_line ocrx_word'/>
</head>
<body>
  <div class='ocr_page' id='page_1' title='image "./sapientaangelic01swedgoog_0526.png"; bbox 0 0 3418 5370; ppageno 0'>
   <div class='ocr_carea' id='block_1_1' title="bbox 525 657 1423 728">
    <p class='ocr_par' dir='ltr' id='par_1_1' title="bbox 525 657 1423 728">
     <span class='ocr_line' id='line_1_1' title="bbox 525 657 1423 728; baseline -0.009 -13"><span class='ocrx_word' id='word_1_1' title='bbox 525 665 576 716; x_wconf 78' lang='lat' dir='ltr'>nu</span> <span class='ocrx_word' id='word_1_2' title='bbox 601 658 1210 726; x_wconf 75' lang='lat' dir='ltr'>orviunenovrnnur1A.-u.324</span> <span class='ocrx_word' id='word_1_3' title='bbox 1332 686 1334 690; x_wconf 90' lang='lat'><em>-</em></span> <span class='ocrx_word' id='word_1_4' title='bbox 1360 657 1423 728; x_wconf 87' lang='lat'>277</span> 
     </span>
    </p>
   </div>
   <div class='ocr_carea' id='block_1_2' title="bbox 293 831 1424 1200">
    <p class='ocr_par' dir='ltr' id='par_1_2' title="bbox 293 831 1424 1200">
     <span class='ocr_line' id='line_1_2' title="bbox 293 831 1424 921; baseline -0.011 -13"><span class='ocrx_word' id='word_1_5' title='bbox 293 844 434 919; x_wconf 93' lang='lat' dir='ltr'>bonum,</span> <span class='ocrx_word' id='word_1_6' title='bbox 469 858 565 904; x_wconf 89' lang='lat' dir='ltr'>amor</span> <span class='ocrx_word' id='word_1_7' title='bbox 599 847 780 921; x_wconf 89' lang='lat' dir='ltr'>parentum</span> <span class='ocrx_word' id='word_1_8' title='bbox 815 833 889 896; x_wconf 92' lang='lat' dir='ltr'>vult</span> <span class='ocrx_word' id='word_1_9' title='bbox 924 834 1052 896; x_wconf 92' lang='lat' dir='ltr'>bonurn</span> <span class='ocrx_word' id='word_1_10' title='bbox 1086 831 1294 912; x_wconf 89' lang='lat' dir='ltr'>liberorum;</span> <span class='ocrx_word' id='word_1_11' title='bbox 1327 850 1424 897; x_wconf 87' lang='lat' dir='ltr'>amor</span> 
     </span>
     <span class='ocr_line' id='line_1_3' title="bbox 293 926 1424 1019; baseline -0.011 -20"><span class='ocrx_word' id='word_1_12' title='bbox 293 935 413 1019; x_wconf 91' lang='lat' dir='ltr'>sponsi</span> <span class='ocrx_word' id='word_1_13' title='bbox 435 942 472 997; x_wconf 92' lang='lat' dir='ltr'>et</span> <span class='ocrx_word' id='word_1_14' title='bbox 496 931 610 995; x_wconf 90' lang='lat' dir='ltr'>mariti</span> <span class='ocrx_word' id='word_1_15' title='bbox 630 929 703 992; x_wconf 94' lang='lat' dir='ltr'>vult</span> <span class='ocrx_word' id='word_1_16' title='bbox 724 929 851 991; x_wconf 93' lang='lat' dir='ltr'>bonum</span> <span class='ocrx_word' id='word_1_17' title='bbox 871 945 1020 1009; x_wconf 83' lang='lat' dir='ltr'>sponsae</span> <span class='ocrx_word' id='word_1_18' title='bbox 1043 935 1079 988; x_wconf 91' lang='lat' dir='ltr'>et</span> <span class='ocrx_word' id='word_1_19' title='bbox 1103 926 1239 1003; x_wconf 88' lang='lat' dir='ltr'>uxoris;</span> <span class='ocrx_word' id='word_1_20' title='bbox 1270 934 1305 988; x_wconf 91' lang='lat' dir='ltr'>et</span> <span class='ocrx_word' id='word_1_21' title='bbox 1327 943 1424 988; x_wconf 88' lang='lat' dir='ltr'>amor</span> 
     </span>
     <span class='ocr_line' id='line_1_4' title="bbox 293 1015 1424 1101; baseline -0.011 -9"><span class='ocrx_word' id='word_1_22' title='bbox 293 1027 468 1092; x_wconf 86' lang='lat' dir='ltr'>amicitiae</span> <span class='ocrx_word' id='word_1_23' title='bbox 481 1023 555 1088; x_wconf 91' lang='lat' dir='ltr'>vult</span> <span class='ocrx_word' id='word_1_24' title='bbox 569 1024 697 1085; x_wconf 90' lang='lat' dir='ltr'>bonum</span> <span class='ocrx_word' id='word_1_25' title='bbox 710 1021 908 1082; x_wconf 90' lang='lat' dir='ltr'>amicorum.</span> <span class='ocrx_word' id='word_1_26' title='bbox 940 1015 1032 1101; x_wconf 84' lang='lat' dir='ltr'>Quid</span> <span class='ocrx_word' id='word_1_27' title='bbox 1048 1036 1118 1079; x_wconf 92' lang='lat' dir='ltr'>non</span> <span class='ocrx_word' id='word_1_28' title='bbox 1132 1017 1276 1081; x_wconf 89' lang='lat' dir='ltr'>Divinus</span> <span class='ocrx_word' id='word_1_29' title='bbox 1288 1015 1424 1080; x_wconf 87' lang='lat' dir='ltr'>Amor?</span> 
     </span>
     <span class='ocr_line' id='line_1_5' title="bbox 295 1109 1424 1200; baseline -0.011 -16"><span class='ocrx_word' id='word_1_30' title='bbox 295 1121 343 1184; x_wconf 89' lang='lat' dir='ltr'>Et</span> <span class='ocrx_word' id='word_1_31' title='bbox 366 1121 496 1183; x_wconf 88' lang='lat' dir='ltr'>bonum</span> <span class='ocrx_word' id='word_1_32' title='bbox 519 1115 600 1200; x_wconf 89' lang='lat' dir='ltr'>quid</span> <span class='ocrx_word' id='word_1_33' title='bbox 623 1113 716 1176; x_wconf 91' lang='lat' dir='ltr'>aliud</span> <span class='ocrx_word' id='word_1_34' title='bbox 746 1123 801 1176; x_wconf 92' lang='lat' dir='ltr'>est</span> <span class='ocrx_word' id='word_1_35' title='bbox 832 1129 935 1195; x_wconf 89' lang='lat' dir='ltr'>quarn</span> <span class='ocrx_word' id='word_1_36' title='bbox 954 1109 1164 1192; x_wconf 86' lang='lat' dir='ltr'>jucundum?</span> <span class='ocrx_word' id='word_1_37' title='bbox 1195 1119 1230 1174; x_wconf 92' lang='lat' dir='ltr'>et</span> <span class='ocrx_word' id='word_1_38' title='bbox 1262 1109 1424 1173; x_wconf 89' lang='lat' dir='ltr'>Divinum</span> 
     </span>
    </p>
   </div>
   <div class='ocr_carea' id='block_1_3' title="bbox 295 1201 1439 2403">
    <p class='ocr_par' dir='ltr' id='par_1_3' title="bbox 295 1201 1439 2403">
     <span class='ocr_line' id='line_1_6' title="bbox 296 1201 1424 1294; baseline -0.011 -17"><span class='ocrx_word' id='word_1_39' title='bbox 296 1213 431 1277; x_wconf 91' lang='lat' dir='ltr'>Bonum</span> <span class='ocrx_word' id='word_1_40' title='bbox 450 1210 530 1294; x_wconf 91' lang='lat' dir='ltr'>quid</span> <span class='ocrx_word' id='word_1_41' title='bbox 546 1208 639 1272; x_wconf 89' lang='lat' dir='ltr'>aliud</span> <span class='ocrx_word' id='word_1_42' title='bbox 657 1225 760 1291; x_wconf 89' lang='lat' dir='ltr'>quam</span> <span class='ocrx_word' id='word_1_43' title='bbox 776 1206 917 1268; x_wconf 89' lang='lat' dir='ltr'>beatum</span> <span class='ocrx_word' id='word_1_44' title='bbox 933 1203 1135 1267; x_wconf 86' lang='lat' dir='ltr'>aeternum?</span> <span class='ocrx_word' id='word_1_45' title='bbox 1168 1201 1281 1267; x_wconf 87' lang='lat' dir='ltr'><strong>Omne</strong></span> <span class='ocrx_word' id='word_1_46' title='bbox 1297 1203 1424 1267; x_wconf 90' lang='lat' dir='ltr'>bonum</span> 
     </span>
     <span class='ocr_line' id='line_1_7' title="bbox 295 1295 1425 1386; baseline -0.01 -17"><span class='ocrx_word' id='word_1_47' title='bbox 295 1326 341 1369; x_wconf 84' lang='lat' dir='ltr'>ex</span> <span class='ocrx_word' id='word_1_48' title='bbox 365 1303 518 1386; x_wconf 87' lang='lat' dir='ltr'>jucundo</span> <span class='ocrx_word' id='word_1_49' title='bbox 536 1322 596 1365; x_wconf 87' lang='lat' dir='ltr'>seu</span> <span class='ocrx_word' id='word_1_50' title='bbox 616 1301 721 1363; x_wconf 84' lang='lat' dir='ltr'>beato</span> <span class='ocrx_word' id='word_1_51' title='bbox 741 1299 792 1360; x_wconf 94' lang='lat' dir='ltr'>sui</span> <span class='ocrx_word' id='word_1_52' title='bbox 811 1297 936 1360; x_wconf 90' lang='lat' dir='ltr'>dicitur</span> <span class='ocrx_word' id='word_1_53' title='bbox 955 1297 1104 1359; x_wconf 90' lang='lat' dir='ltr'>bonum:</span> <span class='ocrx_word' id='word_1_54' title='bbox 1140 1297 1267 1360; x_wconf 90' lang='lat' dir='ltr'>bonum</span> <span class='ocrx_word' id='word_1_55' title='bbox 1286 1295 1425 1377; x_wconf 91' lang='lat' dir='ltr'>quidem</span> 
     </span>
     <span class='ocr_line' id='line_1_8' title="bbox 296 1389 1424 1478; baseline -0.01 -17"><span class='ocrx_word' id='word_1_56' title='bbox 296 1407 441 1461; x_wconf 84' lang='lat' dir='ltr'>vocatur</span> <span class='ocrx_word' id='word_1_57' title='bbox 473 1394 508 1458; x_wconf 93' lang='lat' dir='ltr'>id</span> <span class='ocrx_word' id='word_1_58' title='bbox 543 1393 635 1478; x_wconf 89' lang='lat' dir='ltr'>quod</span> <span class='ocrx_word' id='word_1_59' title='bbox 668 1393 771 1456; x_wconf 88' lang='lat' dir='ltr'>datur</span> <span class='ocrx_word' id='word_1_60' title='bbox 804 1399 840 1454; x_wconf 91' lang='lat' dir='ltr'>et</span> <span class='ocrx_word' id='word_1_61' title='bbox 876 1389 1091 1473; x_wconf 91' lang='lat' dir='ltr'>possidetur;</span> <span class='ocrx_word' id='word_1_62' title='bbox 1132 1390 1193 1452; x_wconf 90' lang='lat' dir='ltr'>sed</span> <span class='ocrx_word' id='word_1_63' title='bbox 1224 1389 1288 1450; x_wconf 92' lang='lat' dir='ltr'>nisi</span> <span class='ocrx_word' id='word_1_64' title='bbox 1319 1389 1424 1451; x_wconf 89' lang='lat' dir='ltr'>etiam</span> 
     </span>
     <span class='ocr_line' id='line_1_9' title="bbox 295 1483 1425 1572; baseline -0.009 -19"><span class='ocrx_word' id='word_1_65' title='bbox 295 1492 343 1554; x_wconf 86' lang='lat' dir='ltr'>sit</span> <span class='ocrx_word' id='word_1_66' title='bbox 368 1487 567 1572; x_wconf 90' lang='lat' dir='ltr'>jucundum,</span> <span class='ocrx_word' id='word_1_67' title='bbox 601 1496 656 1550; x_wconf 90' lang='lat' dir='ltr'>est</span> <span class='ocrx_word' id='word_1_68' title='bbox 690 1487 818 1549; x_wconf 91' lang='lat' dir='ltr'>bonum</span> <span class='ocrx_word' id='word_1_69' title='bbox 849 1484 978 1557; x_wconf 89' lang='lat' dir='ltr'>sterile,</span> <span class='ocrx_word' id='word_1_70' title='bbox 1009 1483 1101 1565; x_wconf 92' lang='lat' dir='ltr'>quod</span> <span class='ocrx_word' id='word_1_71' title='bbox 1134 1483 1169 1546; x_wconf 93' lang='lat' dir='ltr'>in</span> <span class='ocrx_word' id='word_1_72' title='bbox 1200 1503 1238 1546; x_wconf 89' lang='lat' dir='ltr'>se</span> <span class='ocrx_word' id='word_1_73' title='bbox 1270 1502 1338 1544; x_wconf 95' lang='lat' dir='ltr'>non</span> <span class='ocrx_word' id='word_1_74' title='bbox 1371 1492 1425 1544; x_wconf 90' lang='lat' dir='ltr'>est</span> 
     </span>
     <span class='ocr_line' id='line_1_10' title="bbox 296 1575 1423 1661; baseline -0.008 -16"><span class='ocrx_word' id='word_1_75' title='bbox 296 1582 435 1646; x_wconf 90' lang='lat' dir='ltr'>bonum.</span> <span class='ocrx_word' id='word_1_76' title='bbox 493 1579 550 1642; x_wconf 90' lang='lat' dir='ltr'>Ex</span> <span class='ocrx_word' id='word_1_77' title='bbox 574 1579 627 1642; x_wconf 91' lang='lat' dir='ltr'>his</span> <span class='ocrx_word' id='word_1_78' title='bbox 652 1587 762 1661; x_wconf 91' lang='lat' dir='ltr'>patet,</span> <span class='ocrx_word' id='word_1_79' title='bbox 787 1576 879 1660; x_wconf 94' lang='lat' dir='ltr'>quod</span> <span class='ocrx_word' id='word_1_80' title='bbox 903 1577 975 1638; x_wconf 91' lang='lat' dir='ltr'>vita</span> <span class='ocrx_word' id='word_1_81' title='bbox 997 1585 1141 1638; x_wconf 89' lang='lat' dir='ltr'>aeterna</span> <span class='ocrx_word' id='word_1_82' title='bbox 1163 1577 1268 1639; x_wconf 88' lang='lat' dir='ltr'>etiam</span> <span class='ocrx_word' id='word_1_83' title='bbox 1296 1576 1342 1637; x_wconf 93' lang='lat' dir='ltr'>sit</span> <span class='ocrx_word' id='word_1_84' title='bbox 1365 1575 1423 1636; x_wconf 92' lang='lat' dir='ltr'>be·</span> 
     </span>
     <span class='ocr_line' id='line_1_11' title="bbox 296 1666 1424 1743; baseline -0.006 -7"><span class='ocrx_word' id='word_1_85' title='bbox 296 1683 391 1737; x_wconf 89' lang='lat' dir='ltr'>atum</span> <span class='ocrx_word' id='word_1_86' title='bbox 411 1683 600 1736; x_wconf 88' lang='lat' dir='ltr'>aeternum.</span> <span class='ocrx_word' id='word_1_87' title='bbox 651 1670 717 1734; x_wconf 92' lang='lat' dir='ltr'>Hic</span> <span class='ocrx_word' id='word_1_88' title='bbox 737 1679 851 1733; x_wconf 85' lang='lat' dir='ltr'>status</span> <span class='ocrx_word' id='word_1_89' title='bbox 875 1667 1023 1730; x_wconf 91' lang='lat' dir='ltr'>hominis</span> <span class='ocrx_word' id='word_1_90' title='bbox 1046 1677 1100 1731; x_wconf 91' lang='lat' dir='ltr'>est</span> <span class='ocrx_word' id='word_1_91' title='bbox 1123 1666 1198 1731; x_wconf 88' lang='lat' dir='ltr'>finis</span> <span class='ocrx_word' id='word_1_92' title='bbox 1221 1668 1424 1743; x_wconf 87' lang='lat' dir='ltr'>creationis;</span> 
     </span>
     <span class='ocr_line' id='line_1_12' title="bbox 296 1760 1426 1848; baseline -0.007 -18"><span class='ocrx_word' id='word_1_93' title='bbox 296 1777 334 1830; x_wconf 86' lang='lat' dir='ltr'>at</span> <span class='ocrx_word' id='word_1_94' title='bbox 358 1766 449 1848; x_wconf 93' lang='lat' dir='ltr'>quod</span> <span class='ocrx_word' id='word_1_95' title='bbox 476 1763 589 1827; x_wconf 91' lang='lat' dir='ltr'>solum</span> <span class='ocrx_word' id='word_1_96' title='bbox 616 1763 666 1827; x_wconf 94' lang='lat' dir='ltr'>illi</span> <span class='ocrx_word' id='word_1_97' title='bbox 696 1764 752 1846; x_wconf 93' lang='lat' dir='ltr'>qui</span> <span class='ocrx_word' id='word_1_98' title='bbox 783 1765 817 1824; x_wconf 92' lang='lat' dir='ltr'>in</span> <span class='ocrx_word' id='word_1_99' title='bbox 847 1761 1148 1825; x_wconf 38' lang='lat' dir='ltr'>caelumvveniunt</span> <span class='ocrx_word' id='word_1_100' title='bbox 1176 1761 1211 1823; x_wconf 93' lang='lat' dir='ltr'>in</span> <span class='ocrx_word' id='word_1_101' title='bbox 1240 1760 1302 1823; x_wconf 94' lang='lat' dir='ltr'>illo</span> <span class='ocrx_word' id='word_1_102' title='bbox 1331 1769 1426 1823; x_wconf 89' lang='lat' dir='ltr'>statu</span> 
     </span>
     <span class='ocr_line' id='line_1_13' title="bbox 297 1852 1426 1936; baseline -0.005 -15"><span class='ocrx_word' id='word_1_103' title='bbox 297 1861 380 1932; x_wconf 91' lang='lat' dir='ltr'>sint,</span> <span class='ocrx_word' id='word_1_104' title='bbox 412 1875 481 1919; x_wconf 94' lang='lat' dir='ltr'>non</span> <span class='ocrx_word' id='word_1_105' title='bbox 511 1865 566 1920; x_wconf 90' lang='lat' dir='ltr'>est</span> <span class='ocrx_word' id='word_1_106' title='bbox 598 1855 766 1918; x_wconf 88' lang='lat' dir='ltr'>Dominus</span> <span class='ocrx_word' id='word_1_107' title='bbox 796 1855 830 1918; x_wconf 96' lang='lat' dir='ltr'>in</span> <span class='ocrx_word' id='word_1_108' title='bbox 862 1853 974 1936; x_wconf 89' lang='lat' dir='ltr'>culpa,</span> <span class='ocrx_word' id='word_1_109' title='bbox 1006 1854 1066 1918; x_wconf 90' lang='lat' dir='ltr'>sed</span> <span class='ocrx_word' id='word_1_110' title='bbox 1092 1863 1146 1916; x_wconf 88' lang='lat' dir='ltr'>est</span> <span class='ocrx_word' id='word_1_111' title='bbox 1169 1853 1296 1932; x_wconf 91' lang='lat' dir='ltr'>homo;</span> <span class='ocrx_word' id='word_1_112' title='bbox 1334 1852 1426 1936; x_wconf 91' lang='lat' dir='ltr'>quod</span> 
     </span>
     <span class='ocr_line' id='line_1_14' title="bbox 296 1943 1424 2030; baseline -0.005 -17"><span class='ocrx_word' id='word_1_113' title='bbox 296 1950 403 2014; x_wconf 88' lang='lat' dir='ltr'>homo</span> <span class='ocrx_word' id='word_1_114' title='bbox 433 1950 478 2012; x_wconf 94' lang='lat' dir='ltr'>sit</span> <span class='ocrx_word' id='word_1_115' title='bbox 510 1949 545 2012; x_wconf 95' lang='lat' dir='ltr'>in</span> <span class='ocrx_word' id='word_1_116' title='bbox 576 1947 688 2030; x_wconf 89' lang='lat' dir='ltr'>culpa,</span> <span class='ocrx_word' id='word_1_117' title='bbox 713 1947 885 2010; x_wconf 89' lang='lat' dir='ltr'>videbitur</span> <span class='ocrx_word' id='word_1_118' title='bbox 913 1947 948 2009; x_wconf 95' lang='lat' dir='ltr'>in</span> <span class='ocrx_word' id='word_1_119' title='bbox 978 1946 1211 2029; x_wconf 90' lang='lat' dir='ltr'>sequentibus.</span> <span class='ocrx_word' id='word_1_120' title='bbox 1258 1953 1315 2012; x_wconf 85' lang='grc'><strong>[7.]</strong></span> <span class='ocrx_word' id='word_1_121' title='bbox 1339 1943 1424 2008; x_wconf 88' lang='lat' dir='ltr'>Ter·</span> 
     </span>
     <span class='ocr_line' id='line_1_15' title="bbox 298 2037 1426 2119; baseline -0.004 -13"><span class='ocrx_word' id='word_1_122' title='bbox 298 2043 406 2106; x_wconf 90' lang='lat' dir='ltr'>tium:</span> <span class='ocrx_word' id='word_1_123' title='bbox 447 2038 545 2119; x_wconf 79' lang='lat' dir='ltr'>Quod</span> <span class='ocrx_word' id='word_1_124' title='bbox 574 2040 624 2103; x_wconf 84' lang='lat' dir='ltr'>sic</span> <span class='ocrx_word' id='word_1_125' title='bbox 655 2039 762 2102; x_wconf 83' lang='lat' dir='ltr'>omnis</span> <span class='ocrx_word' id='word_1_126' title='bbox 794 2038 889 2101; x_wconf 81' lang='lat' dir='ltr'>homo</span> <span class='ocrx_word' id='word_1_127' title='bbox 920 2049 1051 2102; x_wconf 85' lang='lat' dir='ltr'>creatus</span> <span class='ocrx_word' id='word_1_128' title='bbox 1081 2038 1138 2112; x_wconf 83' lang='lat' dir='ltr'>sit,</span> <span class='ocrx_word' id='word_1_129' title='bbox 1170 2047 1207 2101; x_wconf 83' lang='lat' dir='ltr'>ut</span> <span class='ocrx_word' id='word_1_130' title='bbox 1237 2038 1272 2101; x_wconf 84' lang='lat' dir='ltr'>in</span> <span class='ocrx_word' id='word_1_131' title='bbox 1300 2037 1426 2101; x_wconf 86' lang='lat' dir='ltr'>caelum</span> 
     </span>
     <span class='ocr_line' id='line_1_16' title="bbox 297 2131 1426 2213; baseline -0.004 -15"><span class='ocrx_word' id='word_1_132' title='bbox 297 2133 420 2198; x_wconf 82' lang='lat' dir='ltr'>veniat.</span> <span class='ocrx_word' id='word_1_133' title='bbox 468 2132 546 2196; x_wconf 93' lang='lat' dir='ltr'>Hoc</span> <span class='ocrx_word' id='word_1_134' title='bbox 579 2131 654 2195; x_wconf 86' lang='lat' dir='ltr'>finis</span> <span class='ocrx_word' id='word_1_135' title='bbox 684 2132 869 2195; x_wconf 86' lang='lat' dir='ltr'>creationis</span> <span class='ocrx_word' id='word_1_136' title='bbox 900 2141 973 2195; x_wconf 89' lang='lat' dir='ltr'>est:</span> <span class='ocrx_word' id='word_1_137' title='bbox 1007 2131 1069 2194; x_wconf 90' lang='lat' dir='ltr'>sed</span> <span class='ocrx_word' id='word_1_138' title='bbox 1097 2132 1188 2213; x_wconf 91' lang='lat' dir='ltr'>quod</span> <span class='ocrx_word' id='word_1_139' title='bbox 1212 2152 1280 2193; x_wconf 92' lang='lat' dir='ltr'>non</span> <span class='ocrx_word' id='word_1_140' title='bbox 1304 2151 1426 2195; x_wconf 89' lang='lat' dir='ltr'>omnes</span> 
     </span>
     <span class='ocr_line' id='line_1_17' title="bbox 298 2223 1439 2307; baseline -0.004 -18"><span class='ocrx_word' id='word_1_141' title='bbox 298 2227 440 2290; x_wconf 87' lang='lat' dir='ltr'>veniant</span> <span class='ocrx_word' id='word_1_142' title='bbox 464 2227 498 2287; x_wconf 96' lang='lat' dir='ltr'>in</span> <span class='ocrx_word' id='word_1_143' title='bbox 521 2224 667 2298; x_wconf 88' lang='lat' dir='ltr'>caelum,</span> <span class='ocrx_word' id='word_1_144' title='bbox 691 2233 745 2287; x_wconf 91' lang='lat' dir='ltr'>est</span> <span class='ocrx_word' id='word_1_145' title='bbox 769 2225 847 2306; x_wconf 88' lang='lat' dir='ltr'>quia</span> <span class='ocrx_word' id='word_1_146' title='bbox 869 2223 1026 2287; x_wconf 91' lang='lat' dir='ltr'>imbuunt</span> <span class='ocrx_word' id='word_1_147' title='bbox 1044 2223 1195 2305; x_wconf 84' lang='lat' dir='ltr'>jucunda</span> <span class='ocrx_word' id='word_1_148' title='bbox 1216 2223 1337 2286; x_wconf 79' lang='lat' dir='ltr'>inferni</span> <span class='ocrx_word' id='word_1_149' title='bbox 1363 2244 1439 2307; x_wconf 79' lang='lat' dir='ltr'>op·‚</span> 
     </span>
     <span class='ocr_line' id='line_1_18' title="bbox 299 2314 1425 2403; baseline -0.002 -22"><span class='ocrx_word' id='word_1_150' title='bbox 299 2319 414 2403; x_wconf 89' lang='lat' dir='ltr'>posita</span> <span class='ocrx_word' id='word_1_151' title='bbox 447 2318 553 2381; x_wconf 90' lang='lat' dir='ltr'>beato</span> <span class='ocrx_word' id='word_1_152' title='bbox 587 2316 694 2394; x_wconf 89' lang='lat' dir='ltr'>caeli;</span> <span class='ocrx_word' id='word_1_153' title='bbox 735 2326 771 2380; x_wconf 95' lang='lat' dir='ltr'>et</span> <span class='ocrx_word' id='word_1_154' title='bbox 806 2317 864 2399; x_wconf 93' lang='lat' dir='ltr'>qui</span> <span class='ocrx_word' id='word_1_155' title='bbox 898 2336 967 2378; x_wconf 91' lang='lat' dir='ltr'>non</span> <span class='ocrx_word' id='word_1_156' title='bbox 1003 2317 1036 2378; x_wconf 96' lang='lat' dir='ltr'>in</span> <span class='ocrx_word' id='word_1_157' title='bbox 1073 2314 1178 2379; x_wconf 91' lang='lat' dir='ltr'>beato</span> <span class='ocrx_word' id='word_1_158' title='bbox 1212 2315 1299 2379; x_wconf 92' lang='lat' dir='ltr'>caeli</span> <span class='ocrx_word' id='word_1_159' title='bbox 1332 2325 1425 2391; x_wconf 91' lang='lat' dir='ltr'>sunt,</span> 
     </span>
    </p>
   </div>
   <div class='ocr_carea' id='block_1_4' title="bbox 201 2403 1424 2490">
    <p class='ocr_par' dir='ltr' id='par_1_4' title="bbox 201 2403 1424 2490">
     <span class='ocr_line' id='line_1_19' title="bbox 201 2403 1424 2490; baseline -0.003 -16"><span class='ocrx_word' id='word_1_160' title='bbox 201 2403 204 2412; x_wconf 81' lang='lat'>&#39;</span> <span class='ocrx_word' id='word_1_161' title='bbox 299 2431 370 2475; x_wconf 91' lang='lat' dir='ltr'>non</span> <span class='ocrx_word' id='word_1_162' title='bbox 398 2418 543 2490; x_wconf 89' lang='lat' dir='ltr'>possunt</span> <span class='ocrx_word' id='word_1_163' title='bbox 574 2409 703 2472; x_wconf 88' lang='lat' dir='ltr'>intrare</span> <span class='ocrx_word' id='word_1_164' title='bbox 733 2407 877 2482; x_wconf 86' lang='lat' dir='ltr'>caelum,</span> <span class='ocrx_word' id='word_1_165' title='bbox 909 2427 979 2471; x_wconf 91' lang='lat' dir='ltr'>non</span> <span class='ocrx_word' id='word_1_166' title='bbox 1012 2409 1103 2471; x_wconf 91' lang='lat' dir='ltr'>enim</span> <span class='ocrx_word' id='word_1_167' title='bbox 1128 2409 1302 2471; x_wconf 91' lang='lat' dir='ltr'>sustinent</span> <span class='ocrx_word' id='word_1_168' title='bbox 1330 2407 1424 2471; x_wconf 89' lang='lat' dir='ltr'>illud.</span> 
     </span>
    </p>
   </div>
   <div class='ocr_carea' id='block_1_5' title="bbox 299 2499 1430 4712">
    <p class='ocr_par' dir='ltr' id='par_1_5' title="bbox 299 2499 1430 4712">
     <span class='ocr_line' id='line_1_20' title="bbox 299 2499 1426 2584; baseline -0.004 -17"><span class='ocrx_word' id='word_1_169' title='bbox 299 2502 451 2577; x_wconf 88' lang='lat' dir='ltr'>Nemini,</span> <span class='ocrx_word' id='word_1_170' title='bbox 477 2501 533 2584; x_wconf 94' lang='lat' dir='ltr'>qui</span> <span class='ocrx_word' id='word_1_171' title='bbox 558 2501 592 2565; x_wconf 91' lang='lat' dir='ltr'>in</span> <span class='ocrx_word' id='word_1_172' title='bbox 621 2499 785 2564; x_wconf 92' lang='lat' dir='ltr'>mundum</span> <span class='ocrx_word' id='word_1_173' title='bbox 813 2499 1027 2582; x_wconf 90' lang='lat' dir='ltr'>spiritualem</span> <span class='ocrx_word' id='word_1_174' title='bbox 1051 2501 1158 2575; x_wconf 90' lang='lat' dir='ltr'>venit,</span> <span class='ocrx_word' id='word_1_175' title='bbox 1190 2511 1339 2582; x_wconf 86' lang='lat' dir='ltr'>negatur</span> <span class='ocrx_word' id='word_1_176' title='bbox 1368 2520 1426 2562; x_wconf 88' lang='lat' dir='ltr'>as·</span> 
     </span>
     <span class='ocr_line' id='line_1_21' title="bbox 300 2591 1426 2676; baseline -0.004 -16"><span class='ocrx_word' id='word_1_177' title='bbox 300 2595 450 2660; x_wconf 79' lang='lat' dir='ltr'>tendere</span> <span class='ocrx_word' id='word_1_178' title='bbox 474 2593 510 2657; x_wconf 93' lang='lat' dir='ltr'>in</span> <span class='ocrx_word' id='word_1_179' title='bbox 534 2592 689 2670; x_wconf 89' lang='lat' dir='ltr'>caelum;</span> <span class='ocrx_word' id='word_1_180' title='bbox 720 2592 781 2656; x_wconf 91' lang='lat' dir='ltr'>sed</span> <span class='ocrx_word' id='word_1_181' title='bbox 800 2593 856 2676; x_wconf 91' lang='lat' dir='ltr'>qui</span> <span class='ocrx_word' id='word_1_182' title='bbox 878 2593 913 2654; x_wconf 92' lang='lat' dir='ltr'>in</span> <span class='ocrx_word' id='word_1_183' title='bbox 934 2591 1086 2673; x_wconf 89' lang='lat' dir='ltr'>jucundo</span> <span class='ocrx_word' id='word_1_184' title='bbox 1111 2593 1232 2657; x_wconf 84' lang='lat' dir='ltr'>inferni</span> <span class='ocrx_word' id='word_1_185' title='bbox 1257 2602 1321 2668; x_wconf 89' lang='lat' dir='ltr'>est,</span> <span class='ocrx_word' id='word_1_186' title='bbox 1344 2593 1426 2656; x_wconf 91' lang='lat' dir='ltr'>dum</span> 
     </span>
     <span class='ocr_line' id='line_1_22' title="bbox 299 2683 1426 2768; baseline -0.002 -17"><span class='ocrx_word' id='word_1_187' title='bbox 299 2688 380 2752; x_wconf 92' lang='lat' dir='ltr'>illuc</span> <span class='ocrx_word' id='word_1_188' title='bbox 408 2687 515 2762; x_wconf 90' lang='lat' dir='ltr'>venit,</span> <span class='ocrx_word' id='word_1_189' title='bbox 542 2685 691 2768; x_wconf 87' lang='lat' dir='ltr'>palpitat</span> <span class='ocrx_word' id='word_1_190' title='bbox 717 2685 832 2761; x_wconf 88' lang='lat' dir='ltr'>corde,</span> <span class='ocrx_word' id='word_1_191' title='bbox 860 2683 996 2748; x_wconf 85' lang='lat' dir='ltr'>laborat</span> <span class='ocrx_word' id='word_1_192' title='bbox 1020 2686 1257 2768; x_wconf 82' lang='lat' dir='ltr'>respiratione,</span> <span class='ocrx_word' id='word_1_193' title='bbox 1277 2687 1351 2750; x_wconf 90' lang='lat' dir='ltr'>vita</span> <span class='ocrx_word' id='word_1_194' title='bbox 1373 2686 1426 2749; x_wconf 91' lang='lat' dir='ltr'>in·</span> 
     </span>
     <span class='ocr_line' id='line_1_23' title="bbox 299 2777 1427 2863; baseline -0.002 -19"><span class='ocrx_word' id='word_1_195' title='bbox 299 2781 383 2863; x_wconf 87' lang='lat' dir='ltr'>cipit</span> <span class='ocrx_word' id='word_1_196' title='bbox 407 2780 527 2862; x_wconf 90' lang='lat' dir='ltr'>perire,</span> <span class='ocrx_word' id='word_1_197' title='bbox 548 2779 698 2860; x_wconf 84' lang='lat' dir='ltr'>angitur,</span> <span class='ocrx_word' id='word_1_198' title='bbox 723 2779 905 2854; x_wconf 88' lang='lat' dir='ltr'>cruciatur,</span> <span class='ocrx_word' id='word_1_199' title='bbox 925 2787 961 2841; x_wconf 92' lang='lat' dir='ltr'>et</span> <span class='ocrx_word' id='word_1_200' title='bbox 984 2798 1022 2841; x_wconf 88' lang='lat' dir='ltr'>se</span> <span class='ocrx_word' id='word_1_201' title='bbox 1040 2777 1150 2841; x_wconf 90' lang='lat' dir='ltr'>volvit</span> <span class='ocrx_word' id='word_1_202' title='bbox 1174 2778 1262 2842; x_wconf 91' lang='lat' dir='ltr'>sicut</span> <span class='ocrx_word' id='word_1_203' title='bbox 1285 2798 1427 2861; x_wconf 88' lang='lat' dir='ltr'>serpens</span> 
     </span>
     <span class='ocr_line' id='line_1_24' title="bbox 299 2870 1425 2955; baseline -0.001 -19"><span class='ocrx_word' id='word_1_204' title='bbox 299 2874 462 2936; x_wconf 88' lang='lat' dir='ltr'>admotus</span> <span class='ocrx_word' id='word_1_205' title='bbox 478 2871 572 2953; x_wconf 77' lang='lat' dir='ltr'>igni3</span> <span class='ocrx_word' id='word_1_206' title='bbox 596 2870 661 2934; x_wconf 92' lang='lat' dir='ltr'>hoc</span> <span class='ocrx_word' id='word_1_207' title='bbox 681 2870 742 2944; x_wconf 89' lang='lat' dir='ltr'>sic,</span> <span class='ocrx_word' id='word_1_208' title='bbox 759 2870 838 2953; x_wconf 89' lang='lat' dir='ltr'>quia</span> <span class='ocrx_word' id='word_1_209' title='bbox 853 2870 1052 2952; x_wconf 89' lang='lat' dir='ltr'>oppositum</span> <span class='ocrx_word' id='word_1_210' title='bbox 1071 2871 1145 2953; x_wconf 84' lang='lat' dir='ltr'>agit</span> <span class='ocrx_word' id='word_1_211' title='bbox 1164 2870 1198 2934; x_wconf 93' lang='lat' dir='ltr'>in</span> <span class='ocrx_word' id='word_1_212' title='bbox 1218 2873 1425 2955; x_wconf 87' lang='lat' dir='ltr'>oppositum.</span> 
     </span>
     <span class='ocr_line' id='line_1_25' title="bbox 300 2961 1427 3046; baseline -0.002 -17"><span class='ocrx_word' id='word_1_213' title='bbox 300 2969 360 3029; x_wconf 72' lang='grc'><strong>[8.]</strong></span> <span class='ocrx_word' id='word_1_214' title='bbox 393 2961 461 3027; x_wconf 90' lang='lat' dir='ltr'>Sed</span> <span class='ocrx_word' id='word_1_215' title='bbox 482 2983 588 3046; x_wconf 89' lang='lat' dir='ltr'>usque</span> <span class='ocrx_word' id='word_1_216' title='bbox 607 2963 687 3044; x_wconf 85' lang='lat' dir='ltr'>quia</span> <span class='ocrx_word' id='word_1_217' title='bbox 705 2961 864 3026; x_wconf 88' lang='lat' dir='ltr'>homines</span> <span class='ocrx_word' id='word_1_218' title='bbox 882 2963 955 3027; x_wconf 90' lang='lat' dir='ltr'>nati</span> <span class='ocrx_word' id='word_1_219' title='bbox 974 2972 1065 3038; x_wconf 91' lang='lat' dir='ltr'>sunt,</span> <span class='ocrx_word' id='word_1_220' title='bbox 1082 2973 1118 3027; x_wconf 90' lang='lat' dir='ltr'>et</span> <span class='ocrx_word' id='word_1_221' title='bbox 1136 2983 1196 3046; x_wconf 88' lang='lat' dir='ltr'>per</span> <span class='ocrx_word' id='word_1_222' title='bbox 1214 2964 1248 3027; x_wconf 95' lang='lat' dir='ltr'>id</span> <span class='ocrx_word' id='word_1_223' title='bbox 1267 2966 1302 3027; x_wconf 94' lang='lat' dir='ltr'>in</span> <span class='ocrx_word' id='word_1_224' title='bbox 1321 2963 1427 3028; x_wconf 86' lang='lat' dir='ltr'>sacul-</span> 
     </span>
     <span class='ocr_line' id='line_1_26' title="bbox 301 3053 1428 3140; baseline -0.001 -20"><span class='ocrx_word' id='word_1_225' title='bbox 301 3065 376 3120; x_wconf 89' lang='lat' dir='ltr'>tate</span> <span class='ocrx_word' id='word_1_226' title='bbox 396 3054 575 3137; x_wconf 84' lang='lat' dir='ltr'>cogitandi</span> <span class='ocrx_word' id='word_1_227' title='bbox 593 3064 629 3118; x_wconf 93' lang='lat' dir='ltr'>et</span> <span class='ocrx_word' id='word_1_228' title='bbox 649 3053 799 3129; x_wconf 92' lang='lat' dir='ltr'>volendi,</span> <span class='ocrx_word' id='word_1_229' title='bbox 817 3063 853 3118; x_wconf 94' lang='lat' dir='ltr'>et</span> <span class='ocrx_word' id='word_1_230' title='bbox 872 3053 952 3118; x_wconf 92' lang='lat' dir='ltr'>inde</span> <span class='ocrx_word' id='word_1_231' title='bbox 970 3055 1004 3118; x_wconf 95' lang='lat' dir='ltr'>in</span> <span class='ocrx_word' id='word_1_232' title='bbox 1022 3054 1191 3120; x_wconf 84' lang='lat' dir='ltr'>facultate</span> <span class='ocrx_word' id='word_1_233' title='bbox 1211 3055 1374 3140; x_wconf 89' lang='lat' dir='ltr'>loquendi</span> <span class='ocrx_word' id='word_1_234' title='bbox 1391 3064 1428 3120; x_wconf 94' lang='lat' dir='ltr'>et</span> 
     </span>
     <span class='ocr_line' id='line_1_27' title="bbox 300 3146 1427 3232; baseline 0 -20"><span class='ocrx_word' id='word_1_235' title='bbox 300 3147 428 3230; x_wconf 84' lang='lat' dir='ltr'>agendi</span> <span class='ocrx_word' id='word_1_236' title='bbox 444 3155 534 3224; x_wconf 90' lang='lat' dir='ltr'>sunt,</span> <span class='ocrx_word' id='word_1_237' title='bbox 548 3165 617 3230; x_wconf 88' lang='lat' dir='ltr'>non</span> <span class='ocrx_word' id='word_1_238' title='bbox 634 3156 779 3228; x_wconf 90' lang='lat' dir='ltr'>possunt</span> <span class='ocrx_word' id='word_1_239' title='bbox 796 3146 903 3210; x_wconf 90' lang='lat' dir='ltr'>mori:</span> <span class='ocrx_word' id='word_1_240' title='bbox 928 3155 965 3211; x_wconf 91' lang='lat' dir='ltr'>at</span> <span class='ocrx_word' id='word_1_241' title='bbox 982 3147 1059 3229; x_wconf 89' lang='lat' dir='ltr'>quia</span> <span class='ocrx_word' id='word_1_242' title='bbox 1076 3167 1145 3210; x_wconf 91' lang='lat' dir='ltr'>non</span> <span class='ocrx_word' id='word_1_243' title='bbox 1161 3167 1239 3212; x_wconf 93' lang='lat' dir='ltr'>cum</span> <span class='ocrx_word' id='word_1_244' title='bbox 1254 3148 1330 3212; x_wconf 90' lang='lat' dir='ltr'>aliis</span> <span class='ocrx_word' id='word_1_245' title='bbox 1347 3169 1427 3232; x_wconf 89' lang='lat' dir='ltr'>pos·</span> 
     </span>
     <span class='ocr_line' id='line_1_28' title="bbox 299 3237 1426 3321; baseline 0.002 -18"><span class='ocrx_word' id='word_1_246' title='bbox 299 3251 381 3304; x_wconf 92' lang='lat' dir='ltr'>sunt</span> <span class='ocrx_word' id='word_1_247' title='bbox 397 3241 513 3304; x_wconf 88' lang='lat' dir='ltr'>vivere</span> <span class='ocrx_word' id='word_1_248' title='bbox 526 3256 629 3321; x_wconf 89' lang='lat' dir='ltr'>quam</span> <span class='ocrx_word' id='word_1_249' title='bbox 645 3237 807 3303; x_wconf 87' lang='lat' dir='ltr'>cumillis</span> <span class='ocrx_word' id='word_1_250' title='bbox 823 3239 881 3320; x_wconf 90' lang='lat' dir='ltr'>qui</span> <span class='ocrx_word' id='word_1_251' title='bbox 897 3238 932 3302; x_wconf 95' lang='lat' dir='ltr'>in</span> <span class='ocrx_word' id='word_1_252' title='bbox 948 3239 1050 3303; x_wconf 86' lang='lat' dir='ltr'>simili</span> <span class='ocrx_word' id='word_1_253' title='bbox 1061 3239 1214 3321; x_wconf 91' lang='lat' dir='ltr'>jucundo</span> <span class='ocrx_word' id='word_1_254' title='bbox 1226 3241 1320 3304; x_wconf 88' lang='lat' dir='ltr'>vitae</span> <span class='ocrx_word' id='word_1_255' title='bbox 1335 3250 1426 3316; x_wconf 91' lang='lat' dir='ltr'>sunt,</span> 
     </span>
     <span class='ocr_line' id='line_1_29' title="bbox 299 3331 1428 3415; baseline 0.001 -19"><span class='ocrx_word' id='word_1_256' title='bbox 299 3333 345 3396; x_wconf 91' lang='lat' dir='ltr'>ad</span> <span class='ocrx_word' id='word_1_257' title='bbox 369 3331 448 3395; x_wconf 91' lang='lat' dir='ltr'>illos</span> <span class='ocrx_word' id='word_1_258' title='bbox 472 3332 718 3409; x_wconf 88' lang='lat' dir='ltr'>remittuntur;</span> <span class='ocrx_word' id='word_1_259' title='bbox 749 3339 1003 3414; x_wconf 87' lang='lat' dir='ltr'>consequenter</span> <span class='ocrx_word' id='word_1_260' title='bbox 1025 3333 1082 3415; x_wconf 92' lang='lat' dir='ltr'>qui</span> <span class='ocrx_word' id='word_1_261' title='bbox 1112 3332 1146 3395; x_wconf 90' lang='lat' dir='ltr'>in</span> <span class='ocrx_word' id='word_1_262' title='bbox 1165 3331 1324 3414; x_wconf 91' lang='lat' dir='ltr'>jucundis</span> <span class='ocrx_word' id='word_1_263' title='bbox 1347 3333 1428 3397; x_wconf 89' lang='lat' dir='ltr'>mali</span> 
     </span>
     <span class='ocr_line' id='line_1_30' title="bbox 300 3421 1428 3506; baseline 0.002 -18"><span class='ocrx_word' id='word_1_264' title='bbox 300 3434 392 3501; x_wconf 92' lang='lat' dir='ltr'>sunt,</span> <span class='ocrx_word' id='word_1_265' title='bbox 407 3424 451 3486; x_wconf 89' lang='lat' dir='ltr'>ad</span> <span class='ocrx_word' id='word_1_266' title='bbox 465 3443 566 3501; x_wconf 90' lang='lat' dir='ltr'>suos;</span> <span class='ocrx_word' id='word_1_267' title='bbox 590 3432 626 3487; x_wconf 93' lang='lat' dir='ltr'>et</span> <span class='ocrx_word' id='word_1_268' title='bbox 643 3423 699 3506; x_wconf 89' lang='lat' dir='ltr'>qui</span> <span class='ocrx_word' id='word_1_269' title='bbox 715 3423 749 3485; x_wconf 92' lang='lat' dir='ltr'>in</span> <span class='ocrx_word' id='word_1_270' title='bbox 761 3421 920 3504; x_wconf 89' lang='lat' dir='ltr'>jucundis</span> <span class='ocrx_word' id='word_1_271' title='bbox 933 3422 1014 3487; x_wconf 91' lang='lat' dir='ltr'>boni</span> <span class='ocrx_word' id='word_1_272' title='bbox 1026 3433 1106 3487; x_wconf 91' lang='lat' dir='ltr'>sunt</span> <span class='ocrx_word' id='word_1_273' title='bbox 1122 3423 1166 3487; x_wconf 93' lang='lat' dir='ltr'>ad</span> <span class='ocrx_word' id='word_1_274' title='bbox 1183 3445 1273 3487; x_wconf 91' lang='lat' dir='ltr'>suos.</span> <span class='ocrx_word' id='word_1_275' title='bbox 1317 3424 1428 3491; x_wconf 92' lang='lat' dir='ltr'>lmmo</span> 
     </span>
     <span class='ocr_line' id='line_1_31' title="bbox 299 3513 1428 3597; baseline 0.003 -16"><span class='ocrx_word' id='word_1_276' title='bbox 299 3517 403 3581; x_wconf 91' lang='lat' dir='ltr'>datur</span> <span class='ocrx_word' id='word_1_277' title='bbox 423 3515 531 3580; x_wconf 89' lang='lat' dir='ltr'>cuivis</span> <span class='ocrx_word' id='word_1_278' title='bbox 552 3516 586 3578; x_wconf 93' lang='lat' dir='ltr'>in</span> <span class='ocrx_word' id='word_1_279' title='bbox 605 3513 757 3597; x_wconf 87' lang='lat' dir='ltr'>jucundo</span> <span class='ocrx_word' id='word_1_280' title='bbox 780 3514 831 3578; x_wconf 89' lang='lat' dir='ltr'>sui</span> <span class='ocrx_word' id='word_1_281' title='bbox 857 3513 940 3579; x_wconf 88' lang='lat' dir='ltr'>mali</span> <span class='ocrx_word' id='word_1_282' title='bbox 962 3536 1050 3591; x_wconf 92' lang='lat' dir='ltr'>esse,</span> <span class='ocrx_word' id='word_1_283' title='bbox 1072 3516 1177 3581; x_wconf 93' lang='lat' dir='ltr'>modo</span> <span class='ocrx_word' id='word_1_284' title='bbox 1195 3536 1264 3580; x_wconf 93' lang='lat' dir='ltr'>non</span> <span class='ocrx_word' id='word_1_285' title='bbox 1287 3517 1428 3585; x_wconf 79' lang='lat' dir='ltr'>infestet</span> 
     </span>
     <span class='ocr_line' id='line_1_32' title="bbox 299 3606 1428 3693; baseline 0.004 -21"><span class='ocrx_word' id='word_1_286' title='bbox 299 3609 379 3673; x_wconf 90' lang='lat' dir='ltr'>illos</span> <span class='ocrx_word' id='word_1_287' title='bbox 396 3609 452 3691; x_wconf 93' lang='lat' dir='ltr'>qui</span> <span class='ocrx_word' id='word_1_288' title='bbox 470 3609 504 3672; x_wconf 94' lang='lat' dir='ltr'>in</span> <span class='ocrx_word' id='word_1_289' title='bbox 516 3606 668 3691; x_wconf 91' lang='lat' dir='ltr'>jucundo</span> <span class='ocrx_word' id='word_1_290' title='bbox 683 3607 765 3670; x_wconf 93' lang='lat' dir='ltr'>boni</span> <span class='ocrx_word' id='word_1_291' title='bbox 781 3616 861 3672; x_wconf 92' lang='lat' dir='ltr'>sunt</span> <span class='ocrx_word' id='word_1_292' title='bbox 875 3628 884 3687; x_wconf 85' lang='lat'>;</span> <span class='ocrx_word' id='word_1_293' title='bbox 911 3608 973 3671; x_wconf 88' lang='lat' dir='ltr'>sed</span> <span class='ocrx_word' id='word_1_294' title='bbox 989 3609 1068 3692; x_wconf 89' lang='lat' dir='ltr'>quia</span> <span class='ocrx_word' id='word_1_295' title='bbox 1080 3607 1208 3673; x_wconf 88' lang='lat' dir='ltr'>malum</span> <span class='ocrx_word' id='word_1_296' title='bbox 1225 3629 1293 3673; x_wconf 93' lang='lat' dir='ltr'>non</span> <span class='ocrx_word' id='word_1_297' title='bbox 1311 3621 1428 3693; x_wconf 90' lang='lat' dir='ltr'>potest</span> 
     </span>
     <span class='ocr_line' id='line_1_33' title="bbox 300 3699 1428 3784; baseline 0.003 -19"><span class='ocrx_word' id='word_1_298' title='bbox 300 3699 403 3765; x_wconf 88' lang='lat' dir='ltr'>aliter</span> <span class='ocrx_word' id='word_1_299' title='bbox 421 3719 523 3784; x_wconf 88' lang='lat' dir='ltr'>quam</span> <span class='ocrx_word' id='word_1_300' title='bbox 543 3699 706 3763; x_wconf 79' lang='lat' dir='ltr'>infestare</span> <span class='ocrx_word' id='word_1_301' title='bbox 724 3701 864 3775; x_wconf 89' lang='lat' dir='ltr'>bonum,</span> <span class='ocrx_word' id='word_1_302' title='bbox 881 3699 971 3764; x_wconf 89' lang='lat' dir='ltr'>inest</span> <span class='ocrx_word' id='word_1_303' title='bbox 987 3701 1078 3764; x_wconf 87' lang='lat' dir='ltr'>enim</span> <span class='ocrx_word' id='word_1_304' title='bbox 1098 3701 1190 3766; x_wconf 86' lang='lat' dir='ltr'>malo</span> <span class='ocrx_word' id='word_1_305' title='bbox 1209 3703 1325 3767; x_wconf 93' lang='lat' dir='ltr'>odium</span> <span class='ocrx_word' id='word_1_306' title='bbox 1344 3724 1428 3768; x_wconf 92' lang='lat' dir='ltr'>con·</span> 
     </span>
     <span class='ocr_line' id='line_1_34' title="bbox 302 3791 1429 3874; baseline 0.001 -16"><span class='ocrx_word' id='word_1_307' title='bbox 302 3801 357 3858; x_wconf 86' lang='lat' dir='ltr'>tra</span> <span class='ocrx_word' id='word_1_308' title='bbox 375 3794 515 3867; x_wconf 89' lang='lat' dir='ltr'>bonum,</span> <span class='ocrx_word' id='word_1_309' title='bbox 536 3812 640 3874; x_wconf 90' lang='lat' dir='ltr'>quare</span> <span class='ocrx_word' id='word_1_310' title='bbox 660 3811 703 3856; x_wconf 92' lang='lat' dir='ltr'>ne</span> <span class='ocrx_word' id='word_1_311' title='bbox 722 3791 886 3857; x_wconf 88' lang='lat' dir='ltr'>damnum</span> <span class='ocrx_word' id='word_1_312' title='bbox 904 3792 1062 3868; x_wconf 84' lang='lat' dir='ltr'>inierant,</span> <span class='ocrx_word' id='word_1_313' title='bbox 1081 3804 1313 3871; x_wconf 85' lang='lat' dir='ltr'>removentur,</span> <span class='ocrx_word' id='word_1_314' title='bbox 1334 3807 1371 3861; x_wconf 92' lang='lat' dir='ltr'>et</span> <span class='ocrx_word' id='word_1_315' title='bbox 1394 3797 1429 3861; x_wconf 93' lang='lat' dir='ltr'>in</span> 
     </span>
     <span class='ocr_line' id='line_1_35' title="bbox 301 3883 1428 3967; baseline 0.003 -18"><span class='ocrx_word' id='word_1_316' title='bbox 301 3905 364 3950; x_wconf 88' lang='lat' dir='ltr'>sua</span> <span class='ocrx_word' id='word_1_317' title='bbox 382 3885 460 3948; x_wconf 88' lang='lat' dir='ltr'>loca</span> <span class='ocrx_word' id='word_1_318' title='bbox 482 3885 517 3948; x_wconf 93' lang='lat' dir='ltr'>in</span> <span class='ocrx_word' id='word_1_319' title='bbox 536 3883 667 3948; x_wconf 79' lang='lat' dir='ltr'>inferno</span> <span class='ocrx_word' id='word_1_320' title='bbox 685 3883 900 3966; x_wconf 85' lang='lat' dir='ltr'>dejiciuntur,</span> <span class='ocrx_word' id='word_1_321' title='bbox 920 3885 977 3949; x_wconf 92' lang='lat' dir='ltr'>ubi</span> <span class='ocrx_word' id='word_1_322' title='bbox 991 3885 1177 3967; x_wconf 90' lang='lat' dir='ltr'>jucundum</span> <span class='ocrx_word' id='word_1_323' title='bbox 1197 3887 1333 3952; x_wconf 92' lang='lat' dir='ltr'>illorum</span> <span class='ocrx_word' id='word_1_324' title='bbox 1351 3903 1428 3952; x_wconf 86' lang='lat' dir='ltr'>ver·</span> 
     </span>
     <span class='ocr_line' id='line_1_36' title="bbox 301 3975 1430 4064; baseline 0.003 -22"><span class='ocrx_word' id='word_1_325' title='bbox 301 3979 387 4042; x_wconf 91' lang='lat' dir='ltr'>titur</span> <span class='ocrx_word' id='word_1_326' title='bbox 404 3979 439 4041; x_wconf 94' lang='lat' dir='ltr'>in</span> <span class='ocrx_word' id='word_1_327' title='bbox 457 3975 686 4058; x_wconf 90' lang='lat' dir='ltr'>injucundum.</span> <span class='ocrx_word' id='word_1_328' title='bbox 742 3990 800 4053; x_wconf 76' lang='lat'>[01.</span> <span class='ocrx_word' id='word_1_329' title='bbox 827 3976 895 4041; x_wconf 86' lang='lat' dir='ltr'>Sed</span> <span class='ocrx_word' id='word_1_330' title='bbox 914 3976 980 4042; x_wconf 89' lang='lat' dir='ltr'>hoc</span> <span class='ocrx_word' id='word_1_331' title='bbox 999 3998 1069 4042; x_wconf 93' lang='lat' dir='ltr'>non</span> <span class='ocrx_word' id='word_1_332' title='bbox 1091 3979 1196 4055; x_wconf 86' lang='lat' dir='ltr'>tollit,</span> <span class='ocrx_word' id='word_1_333' title='bbox 1220 3982 1300 4064; x_wconf 93' lang='lat' dir='ltr'>quin</span> <span class='ocrx_word' id='word_1_334' title='bbox 1324 3980 1430 4045; x_wconf 94' lang='lat' dir='ltr'>homo</span> 
     </span>
     <span class='ocr_line' id='line_1_37' title="bbox 302 4068 1428 4155; baseline 0.006 -23"><span class='ocrx_word' id='word_1_335' title='bbox 302 4090 348 4133; x_wconf 87' lang='lat' dir='ltr'>ex</span> <span class='ocrx_word' id='word_1_336' title='bbox 365 4071 543 4134; x_wconf 88' lang='lat' dir='ltr'>creatione</span> <span class='ocrx_word' id='word_1_337' title='bbox 562 4070 607 4132; x_wconf 91' lang='lat' dir='ltr'>sit</span> <span class='ocrx_word' id='word_1_338' title='bbox 625 4078 660 4132; x_wconf 90' lang='lat' dir='ltr'>et</span> <span class='ocrx_word' id='word_1_339' title='bbox 677 4068 758 4132; x_wconf 87' lang='lat' dir='ltr'>inde</span> <span class='ocrx_word' id='word_1_340' title='bbox 775 4080 937 4132; x_wconf 88' lang='lat' dir='ltr'>nascatur</span> <span class='ocrx_word' id='word_1_341' title='bbox 953 4070 1045 4145; x_wconf 88' lang='lat' dir='ltr'>talis,</span> <span class='ocrx_word' id='word_1_342' title='bbox 1064 4073 1151 4136; x_wconf 92' lang='lat' dir='ltr'>utin</span> <span class='ocrx_word' id='word_1_343' title='bbox 1167 4072 1301 4137; x_wconf 89' lang='lat' dir='ltr'>caelum</span> <span class='ocrx_word' id='word_1_344' title='bbox 1318 4076 1428 4155; x_wconf 86' lang='lat' dir='ltr'>possit</span> 
     </span>
     <span class='ocr_line' id='line_1_38' title="bbox 302 4161 1426 4246; baseline 0.005 -21"><span class='ocrx_word' id='word_1_345' title='bbox 302 4163 442 4242; x_wconf 89' lang='lat' dir='ltr'>venire;</span> <span class='ocrx_word' id='word_1_346' title='bbox 472 4162 507 4226; x_wconf 91' lang='lat' dir='ltr'>in</span> <span class='ocrx_word' id='word_1_347' title='bbox 531 4161 666 4224; x_wconf 87' lang='lat' dir='ltr'>caelum</span> <span class='ocrx_word' id='word_1_348' title='bbox 690 4163 781 4225; x_wconf 93' lang='lat' dir='ltr'>enim</span> <span class='ocrx_word' id='word_1_349' title='bbox 804 4163 900 4226; x_wconf 90' lang='lat' dir='ltr'>venit</span> <span class='ocrx_word' id='word_1_350' title='bbox 924 4164 1036 4227; x_wconf 90' lang='lat' dir='ltr'>omnis</span> <span class='ocrx_word' id='word_1_351' title='bbox 1058 4164 1115 4246; x_wconf 92' lang='lat' dir='ltr'>qui</span> <span class='ocrx_word' id='word_1_352' title='bbox 1138 4164 1250 4229; x_wconf 88' lang='lat' dir='ltr'>infans</span> <span class='ocrx_word' id='word_1_353' title='bbox 1273 4169 1426 4243; x_wconf 77' lang='lat' dir='ltr'>moritur,</span> 
     </span>
     <span class='ocr_line' id='line_1_39' title="bbox 302 4254 1429 4342; baseline 0.005 -24"><span class='ocrx_word' id='word_1_354' title='bbox 302 4254 470 4318; x_wconf 90' lang='lat' dir='ltr'>educatur</span> <span class='ocrx_word' id='word_1_355' title='bbox 492 4273 533 4317; x_wconf 88' lang='lat' dir='ltr'>ac</span> <span class='ocrx_word' id='word_1_356' title='bbox 556 4254 736 4319; x_wconf 88' lang='lat' dir='ltr'>instruitur</span> <span class='ocrx_word' id='word_1_357' title='bbox 757 4254 814 4328; x_wconf 88' lang='lat' dir='ltr'>ibi,</span> <span class='ocrx_word' id='word_1_358' title='bbox 838 4255 929 4319; x_wconf 90' lang='lat' dir='ltr'>sicut</span> <span class='ocrx_word' id='word_1_359' title='bbox 952 4255 1057 4319; x_wconf 92' lang='lat' dir='ltr'>homo</span> <span class='ocrx_word' id='word_1_360' title='bbox 1083 4258 1117 4320; x_wconf 96' lang='lat' dir='ltr'>in</span> <span class='ocrx_word' id='word_1_361' title='bbox 1141 4258 1280 4332; x_wconf 85' lang='lat' dir='ltr'>mund0,</span> <span class='ocrx_word' id='word_1_362' title='bbox 1305 4280 1344 4323; x_wconf 90' lang='lat' dir='ltr'>ac</span> <span class='ocrx_word' id='word_1_363' title='bbox 1369 4281 1429 4342; x_wconf 80' lang='lat' dir='ltr'>por</span> 
     </span>
     <span class='ocr_line' id='line_1_40' title="bbox 301 4343 1427 4434; baseline 0.005 -25"><span class='ocrx_word' id='word_1_364' title='bbox 301 4343 519 4410; x_wconf 71' lang='lat' dir='ltr'>affectionem</span> <span class='ocrx_word' id='word_1_365' title='bbox 538 4345 619 4410; x_wconf 90' lang='lat' dir='ltr'>boni</span> <span class='ocrx_word' id='word_1_366' title='bbox 637 4355 674 4410; x_wconf 94' lang='lat' dir='ltr'>et</span> <span class='ocrx_word' id='word_1_367' title='bbox 692 4346 763 4409; x_wconf 87' lang='lat' dir='ltr'>veri</span> <span class='ocrx_word' id='word_1_368' title='bbox 782 4347 945 4412; x_wconf 88' lang='lat' dir='ltr'>imbuitur</span> <span class='ocrx_word' id='word_1_369' title='bbox 963 4349 1144 4431; x_wconf 88' lang='lat' dir='ltr'>sapientia,</span> <span class='ocrx_word' id='word_1_370' title='bbox 1161 4359 1197 4414; x_wconf 91' lang='lat' dir='ltr'>et</span> <span class='ocrx_word' id='word_1_371' title='bbox 1216 4349 1253 4414; x_wconf 86' lang='lat' dir='ltr'>lit</span> <span class='ocrx_word' id='word_1_372' title='bbox 1272 4353 1427 4434; x_wconf 86' lang='lat' dir='ltr'>angelus.</span> 
     </span>
     <span class='ocr_line' id='line_1_41' title="bbox 301 4435 1428 4522; baseline 0.007 -21"><span class='ocrx_word' id='word_1_373' title='bbox 301 4435 469 4502; x_wconf 88' lang='lat' dir='ltr'>Similiter</span> <span class='ocrx_word' id='word_1_374' title='bbox 497 4439 669 4520; x_wconf 89' lang='lat' dir='ltr'>potuisset</span> <span class='ocrx_word' id='word_1_375' title='bbox 698 4438 814 4514; x_wconf 93' lang='lat' dir='ltr'>homo,</span> <span class='ocrx_word' id='word_1_376' title='bbox 839 4439 896 4522; x_wconf 93' lang='lat' dir='ltr'>qui</span> <span class='ocrx_word' id='word_1_377' title='bbox 928 4439 1095 4505; x_wconf 91' lang='lat' dir='ltr'>educatur</span> <span class='ocrx_word' id='word_1_378' title='bbox 1121 4451 1158 4506; x_wconf 93' lang='lat' dir='ltr'>et</span> <span class='ocrx_word' id='word_1_379' title='bbox 1183 4443 1365 4509; x_wconf 90' lang='lat' dir='ltr'>instruitur</span> <span class='ocrx_word' id='word_1_380' title='bbox 1393 4446 1428 4510; x_wconf 93' lang='lat' dir='ltr'>in</span> 
     </span>
     <span class='ocr_line' id='line_1_42' title="bbox 303 4529 1428 4615; baseline 0.009 -23"><span class='ocrx_word' id='word_1_381' title='bbox 303 4531 455 4608; x_wconf 89' lang='lat' dir='ltr'>mundo;</span> <span class='ocrx_word' id='word_1_382' title='bbox 480 4548 561 4593; x_wconf 91' lang='lat' dir='ltr'>nam</span> <span class='ocrx_word' id='word_1_383' title='bbox 580 4529 690 4593; x_wconf 91' lang='lat' dir='ltr'>simile</span> <span class='ocrx_word' id='word_1_384' title='bbox 706 4531 796 4594; x_wconf 92' lang='lat' dir='ltr'>inest</span> <span class='ocrx_word' id='word_1_385' title='bbox 816 4530 864 4594; x_wconf 93' lang='lat' dir='ltr'>illi</span> <span class='ocrx_word' id='word_1_386' title='bbox 884 4532 975 4615; x_wconf 93' lang='lat' dir='ltr'>quod</span> <span class='ocrx_word' id='word_1_387' title='bbox 994 4533 1124 4598; x_wconf 81' lang='lat' dir='ltr'>infanti.</span> <span class='ocrx_word' id='word_1_388' title='bbox 1169 4534 1223 4600; x_wconf 88' lang='lat' dir='ltr'>De</span> <span class='ocrx_word' id='word_1_389' title='bbox 1239 4537 1428 4603; x_wconf 86' lang='lat' dir='ltr'>infantibus</span> 
     </span>
     <span class='ocr_line' id='line_1_43' title="bbox 300 4620 1428 4712; baseline 0.011 -28"><span class='ocrx_word' id='word_1_390' title='bbox 300 4620 335 4684; x_wconf 87' lang='lat' dir='ltr'>in</span> <span class='ocrx_word' id='word_1_391' title='bbox 355 4621 485 4685; x_wconf 93' lang='lat' dir='ltr'>mundo</span> <span class='ocrx_word' id='word_1_392' title='bbox 503 4620 671 4703; x_wconf 89' lang='lat' dir='ltr'>spirituali</span> <span class='ocrx_word' id='word_1_393' title='bbox 690 4621 849 4686; x_wconf 84' lang='lat' dir='ltr'>videatur</span> <span class='ocrx_word' id='word_1_394' title='bbox 866 4624 900 4686; x_wconf 93' lang='lat' dir='ltr'>in</span> <span class='ocrx_word' id='word_1_395' title='bbox 921 4645 1025 4707; x_wconf 88' lang='lat' dir='ltr'>opere</span> <span class='ocrx_word' id='word_1_396' title='bbox 1042 4625 1095 4689; x_wconf 87' lang='lat' dir='ltr'>De</span> <span class='ocrx_word' id='word_1_397' title='bbox 1114 4624 1214 4692; x_wconf 87' lang='lat' dir='ltr'>Caelo</span> <span class='ocrx_word' id='word_1_398' title='bbox 1235 4640 1269 4694; x_wconf 85' lang='lat' dir='ltr'>et</span> <span class='ocrx_word' id='word_1_399' title='bbox 1288 4630 1428 4712; x_wconf 83' lang='lat' dir='ltr'>Inserno</span> 
     </span>
    </p>
   </div>
   <div class='ocr_carea' id='block_1_6' title="bbox 0 0 1725 5370">
    <p class='ocr_par' dir='ltr' id='par_1_6' title="bbox 0 0 1725 5370">
     <span class='ocr_line' id='line_1_44' title="bbox 0 0 1725 5370; baseline 0 0"><span class='ocrx_word' id='word_1_400' title='bbox 0 0 1725 5370; x_wconf 95' lang='lat' dir='ltr'> </span> 
     </span>
    </p>
   </div>
  </div>
 </body>
</html>
