3358 5384
302 835 754 944 SAPIENTIA
814 835 1244 944 ANGELICA
1310 837 1421 942 DE

526 994 824 1104 DlVlNO
888 995 1207 1104 AMORE.

707 1237 823 1338 {bata
848 1238 1008 1339 &tona

524 1732 638 1820 Quon
661 1734 781 1802 Auon
804 1749 864 1802 sn
886 1735 990 1801 Vtra
1013 1749 1189 1804 HOMINIS.

356 1935 396 1989 1.
426 1918 544 1985 Homo
556 1922 653 1985 novit
667 1921 758 2004 quod
771 1941 868 1986 amor
883 1923 940 1998 sit,
952 1923 1012 1985 sed
1030 1942 1097 1985 non
1115 1923 1213 1987 novit
1229 1922 1308 2006 quid
1321 1939 1416 1989 amor

293 2023 358 2080 est.
403 2013 510 2078 Novit
529 2015 621 2097 quod
638 2035 734 2080 amor
753 2017 809 2088 sit,
827 2037 873 2079 ex
892 2018 1065 2080 communi
1086 2016 1241 2100 loquela3
1266 2027 1303 2081 ut
1323 2017 1415 2100 quod

294 2111 427 2174 dicatur
436 2109 528 2192 quod
541 2109 599 2174 ille
616 2130 671 2174 me
687 2120 792 2185 amet,
807 2112 898 2194 quod
915 2132 977 2174 rex
991 2121 1084 2176 amet
1098 2113 1255 2175 subditos
1271 2122 1306 2176 et
1324 2112 1415 2195 quod

292 2205 420 2268 subditi
436 2215 555 2269 ament
573 2225 703 2287 regem,
721 2207 813 2288 quod
833 2208 975 2271 maritus
995 2217 1089 2271 amet
1108 2227 1251 2271 uxorem
1271 2216 1306 2270 et
1324 2207 1415 2290 quod

292 2309 403 2364 mater
422 2299 558 2373 liberos,
579 2320 618 2364 ac
639 2301 801 2374 vicissim,
822 2311 895 2365 tum
914 2303 1005 2384 quod
1025 2301 1079 2366 hic
1103 2313 1139 2366 et
1162 2302 1221 2366 ille
1241 2312 1335 2366 amet
1354 2323 1414 2384 pa·

293 2395 406 2468 triam,
427 2395 600 2469 concives,
621 2396 840 2475 proximum;
864 2396 1022 2459 similiter
1045 2397 1087 2459 de
1111 2398 1211 2459 rebus
1230 2394 1415 2460 abstradlis

291 2510 311 2552 a
331 2509 489 2571 persona,
507 2499 544 2553 ut
563 2489 655 2572 quod
672 2499 764 2553 amet
780 2491 845 2554 hoc
862 2501 921 2554 aut
941 2490 1034 2554 illud.
1080 2490 1149 2555 Sed
1166 2495 1303 2555 tametsi
1319 2512 1415 2555 amor

291 2596 364 2650 tam
382 2586 572 2651 universale
589 2596 643 2650 est
663 2589 697 2649 in
714 2586 869 2669 loquelis,
888 2608 994 2670 usque
1011 2589 1069 2650 vix
1086 2588 1206 2670 aliquis
1223 2590 1319 2652 novit
1335 2589 1414 2671 quid

290 2701 395 2745 amor.
440 2681 530 2744 Dum
541 2682 729 2745 meditatur
742 2683 785 2745 de
798 2702 850 2758 eo,
865 2685 942 2765 quia
956 2693 1038 2745 tunc
1052 2702 1119 2745 non
1134 2693 1250 2764 potest
1264 2683 1411 2765 aliquam

291 2777 402 2839 ideam
422 2777 647 2858 cogitationis
671 2778 714 2840 de
737 2798 779 2841 eo
798 2778 861 2840 sibi
880 2778 1036 2853 formare,
1058 2778 1141 2841 dicit
1165 2778 1220 2840 vel
1245 2798 1312 2840 non
1336 2797 1414 2840 esse

291 2871 430 2954 aliquid,
454 2872 509 2935 vel
537 2872 648 2935 solum
672 2893 748 2936 esse
772 2872 910 2956 aliquod
934 2873 1077 2936 influens
1101 2895 1146 2936 ex
1173 2876 1257 2948 visu,
1282 2873 1411 2944 auditu,

291 2963 385 3030 tactu
398 2976 433 3030 et
449 2969 724 3042 conversatione,
739 2979 774 3031 et
792 2971 838 3031 sic
853 2988 1014 3031 movens:
1040 2971 1151 3032 nescit
1168 2988 1304 3050 prorsus
1321 2967 1412 3048 quod

290 3064 335 3126 sit
362 3064 435 3144 ipsa
457 3061 529 3144 ejus
553 3063 644 3140 vita;
680 3083 748 3126 non
777 3064 881 3126 modo
904 3064 973 3126 vita
996 3065 1187 3127 communis
1211 3064 1318 3127 totius
1341 3061 1412 3142 ejus

291 3159 453 3238 corporis,
474 3166 510 3220 et
540 3159 614 3220 vita
645 3160 837 3221 communis
865 3154 1016 3222 omnium
1047 3159 1117 3239 ejus
1148 3161 1410 3238 cogitationum,

291 3252 479 3316 sedetiam
502 3254 575 3316 vita
598 3255 749 3316 omnium
774 3254 994 3335 singularium
1018 3274 1145 3316 eorum.
1193 3253 1269 3316 Hoc
1293 3263 1412 3334 potest

290 3348 428 3428 sapiens
447 3349 622 3430 percipere
643 3370 687 3411 ex
708 3349 784 3422 hoc,
802 3369 878 3411 cum
898 3350 1031 3422 dicitur,
1052 3347 1115 3411 “Si
1135 3369 1292 3411 removes
1309 3347 1410 3410 affec·

290 3443 421 3506 tionem
437 3463 524 3524 quae
537 3445 672 3515 amoris,
685 3463 727 3505 an
745 3452 846 3524 potes
862 3445 1015 3525 cogitare
1028 3442 1178 3526 aliquid?
1202 3451 1237 3505 et
1253 3463 1296 3504 an
1311 3453 1410 3523 potes

290 3557 393 3619 agere
426 3537 577 3620 aliquid?
612 3538 742 3600 Annon
772 3549 937 3620 quantum
970 3538 1122 3619 frigescit
1156 3535 1290 3601 affectio
1323 3557 1411 3619 quae

289 3633 425 3707 amoris,
451 3643 584 3696 tantum
608 3633 770 3715 frigescat
794 3635 973 3715 cogitatio,
998 3633 1135 3715 loquela
1163 3641 1198 3696 et
1229 3629 1339 3695 adtio?
1373 3643 1409 3694 et

289 3737 454 3811 quantum
480 3729 671 3800 incalescit,
696 3739 832 3791 tantum
856 3729 1068 3792 incalescant
1098 3727 1157 3791 illa
1172 3727 1200 3790 i’'
1231 3726 1299 3791 Sed
1323 3728 1409 3792 haec

289 3825 426 3906 sapiens
444 3825 588 3906 percipit
612 3844 680 3886 non
712 3845 757 3886 ex
786 3825 1000 3906 cogitatione
1023 3825 1114 3906 quod
1138 3843 1234 3886 amor
1263 3823 1307 3886 sit
1337 3825 1409 3890 vita

289 3919 448 3993 hominis,
468 3920 528 3982 sed
549 3920 593 3982 ab
611 3920 826 4001 experientia
845 3919 935 4001 quod
955 3921 1005 3981 ita
1024 3917 1093 3982 fiat.

351 4027 390 4078 ss·
420 4012 532 4078 Nemo
562 4015 627 4077 scit
658 4015 738 4097 quid
768 4016 839 4077 vita
860 4015 1017 4088 hominis,
1043 4015 1106 4076 nisi
1137 4015 1223 4076 sciat
1246 4014 1336 4096 quod
1365 4016 1409 4078 sit

288 4127 406 4188 amor;
430 4110 458 4172 si
477 4109 542 4173 hoc
562 4129 632 4172 non
651 4111 727 4183 scit,
746 4119 863 4191 potest
883 4130 968 4171 unus
985 4110 1124 4172 credere
1143 4109 1234 4191 quod
1254 4109 1326 4171 vita
1344 4107 1407 4172 ho-

286 4205 387 4269 minis
406 4205 510 4267 modo
533 4206 577 4267 sit
602 4206 729 4267 sentire
753 4214 787 4268 et
811 4223 925 4285 agere,
945 4205 1034 4268 alter
1057 4206 1147 4287 quod
1171 4205 1215 4268 sit
1239 4205 1406 4286 cogitare,

287 4317 366 4364 cum
385 4309 503 4363 tamen
523 4300 693 4380 cogitatio
712 4309 765 4362 est
790 4297 929 4362 effedtus
953 4301 1045 4363 vitae
1066 4301 1202 4381 primus,
1223 4320 1263 4362 ac
1289 4321 1407 4364 sensa-

286 4394 340 4462 tio
369 4404 405 4458 et
433 4392 522 4458 aetio
553 4405 606 4456 est
639 4391 776 4462 effedlus
807 4397 899 4458 vitae
929 4396 1108 4457 secundus.
1155 4395 1289 4458 Dicitur
1316 4395 1407 4478 quod

286 4490 458 4572 cogitatio
481 4491 525 4552 sit
543 4487 681 4552 effectus
701 4491 792 4552 vitae
812 4490 949 4571 primus,
971 4492 1031 4553 sed
1051 4491 1151 4553 datur
1170 4493 1337 4571 cogitatio
1356 4492 1406 4553 in·

287 4584 395 4653 terior
413 4595 448 4649 et
472 4585 623 4658 interior,
643 4595 713 4647 tum
734 4585 886 4648 exterior
909 4595 944 4649 et
968 4586 1140 4661 exterior;
1172 4587 1293 4648 intima
1311 4588 1404 4664 cogi-
