3418 5370
529 708 580 760 ms
604 706 743 758 orvnun
766 705 1120 757 promotuum-u.
1140 691 1211 774 296.
1366 705 1429 774 ²45

302 901 366 946 nec
385 881 451 946 scit
471 881 561 964 quod
585 879 757 943 internum
777 877 848 960 ejus
868 877 1055 961 jucundum
1079 879 1250 943 consistat
1270 898 1315 940 ex
1335 886 1430 941 astu·

301 978 370 1054 tiis,
389 977 575 1052 fraudibus,
597 975 697 1052 dolis,
718 975 814 1038 surtis
833 974 1070 1052 clandestinis,
1090 995 1131 1038 ac
1151 973 1269 1038 multis
1287 972 1373 1049 aliis,
1394 981 1431 1038 et

300 1073 393 1156 quod
416 1072 502 1136 illud
525 1071 713 1154 jucundum
740 1091 786 1133 ex
810 1077 866 1133 tot
888 1069 1048 1151 jucundis
1074 1069 1429 1152 concupiscentiarum

300 1168 382 1233 mali
398 1169 630 1250 compositum
647 1166 845 1230 dominetur
863 1165 898 1228 in
915 1166 1073 1228 omnibus
1092 1174 1129 1229 et
1146 1163 1291 1247 singulis
1311 1174 1429 1230 exter·

300 1283 366 1328 nae
382 1264 617 1347 cogitationis,
631 1263 745 1345 inqua
757 1260 908 1343 jucunda
917 1261 1141 1344 apparentiae
1153 1260 1245 1344 quod
1262 1261 1308 1324 sit
1316 1260 1431 1344 justus

300 1369 337 1424 et
360 1360 524 1435 sincerus,
544 1368 635 1423 sunt.
681 1357 721 1420 In
748 1357 834 1420 haec
855 1355 1006 1439 jucunda
1026 1367 1174 1420 externa
1196 1356 1430 1421 demittuntur

296 1453 450 1539 jucunda
466 1455 613 1532 interna,
631 1463 667 1519 et
684 1454 950 1518 commiscentur
969 1454 1057 1517 sicut
1075 1454 1142 1517 cibi
1160 1454 1195 1517 in
1213 1453 1429 1533 ventriculo;

299 1560 336 1616 et
357 1551 405 1615 ibi
427 1561 643 1634 separantur,
669 1547 889 1633 purificantur
912 1560 948 1614 et
969 1551 1210 1630 abducuntur;
1234 1549 1296 1613 sed
1319 1571 1429 1633 usque

299 1667 369 1711 non
388 1646 455 1711 alia
469 1646 622 1729 jucunda
640 1646 998 1728 concupiscentiarum
1018 1645 1099 1710 mali
1118 1665 1221 1729 quam
1240 1667 1328 1729 quae
1348 1664 1428 1728 gra-

298 1735 395 1807 viora
418 1753 522 1806 sunt:
558 1749 631 1810 [ta-1
656 1743 747 1823 apud
770 1741 947 1805 hominem
970 1743 1062 1805 enim
1082 1742 1211 1806 malum
1234 1761 1305 1805 non
1325 1741 1429 1806 datur

297 1838 367 1902 alia
383 1839 569 1920 separati0,
588 1837 782 1920 purificatio
801 1846 837 1902 et
856 1834 1019 1901 abdudtio
1038 1857 1140 1920 quam
1160 1837 1328 1902 malorum
1347 1858 1427 1920 gra·

297 1935 431 1998 viorum
447 1955 468 1997 a
484 1936 596 1998 minus
615 1935 796 2016 gravibus;
820 1943 858 1998 at
877 1933 967 2017 apud
984 1932 1160 1998 hominem
1180 1934 1309 1998 bonum
1326 1934 1429 2000 datur

297 2031 483 2113 separatio,
501 2029 695 2112 purificatio
711 2040 747 2093 et
763 2026 926 2093 abductio
945 2029 1113 2094 malorum
1133 2049 1202 2094 non
1222 2029 1328 2093 modo
1347 2049 1426 2113 gra-

297 2126 431 2189 viorum
450 2125 511 2188 sed
530 2127 637 2188 etiam
656 2127 767 2188 minus
785 2126 966 2207 gravium3
990 2135 1027 2190 et
1045 2125 1112 2188 hoc
1132 2124 1171 2190 fit
1195 2145 1256 2208 per
1274 2123 1428 2207 jucunda

296 2217 515 2285 affedtionum
535 2221 674 2284 boniac
694 2221 776 2296 veri,
795 2241 835 2284 ac
851 2219 934 2302 justi
953 2229 990 2285 et
1009 2221 1143 2297 sinceri,
1163 2222 1197 2284 in
1222 2242 1305 2304 quas
1328 2222 1426 2286 venit

297 2326 466 2400 quantum
486 2317 579 2381 mala
601 2313 737 2398 spectat
756 2326 794 2380 ut
817 2327 976 2400 peccata,
995 2336 1036 2381 ac
1060 2317 1139 2381 ideo
1161 2317 1248 2398 fugit
1271 2327 1307 2380 et
1326 2337 1426 2381 aver·

295 2421 392 2474 satur
408 2411 479 2486 illa,
498 2421 534 2475 et
552 2412 663 2492 magis
680 2413 708 2474 si
725 2422 858 2494 pugnat
875 2422 999 2476 contra
1017 2411 1089 2476 illa.
1134 2412 1232 2475 Haec
1252 2421 1333 2476 sunt
1351 2431 1425 2476 me-

295 2507 364 2585 dia,
396 2528 457 2590 per
486 2528 574 2591 quae
605 2507 775 2570 Dominus
807 2507 963 2590 purificat
994 2509 1198 2590 omnesqui
1225 2507 1424 2588 salvantur;

296 2601 454 2684 purificat
484 2605 590 2666 etiam
622 2603 764 2667 eosdem
795 2598 857 2685 per
890 2603 1003 2667 media
1033 2613 1193 2678 externa,
1226 2622 1313 2685 quae
1343 2613 1424 2668 sunt

296 2697 407 2762 lamae
437 2708 474 2762 et
503 2698 653 2772 honoris,
682 2707 718 2761 et
745 2699 951 2781 quandoque
976 2699 1058 2762 lucri
1072 2720 1081 2777 ;
1116 2698 1177 2762 sed
1201 2719 1307 2782 usque
1329 2699 1382 2762 his
1404 2720 1426 2764 a

296 2793 449 2858 Domino
478 2795 606 2857 inserta
636 2801 716 2857 sunt
743 2792 894 2875 jucunda
923 2791 1141 2857 affedtionum
1168 2793 1251 2857 boni
1278 2803 1315 2857 et
1340 2795 1422 2871 veri,

295 2909 357 2973 per
379 2911 467 2974 quae
491 2890 685 2971 diriguntur
708 2901 744 2953 et
768 2899 933 2972 aptantur
955 2900 992 2954 ut
1016 2889 1100 2954 fiant
1121 2890 1273 2972 jucunda
1297 2892 1424 2955 amoris

296 2987 455 3068 proximi.
502 2991 574 3051 [ta-l
606 2984 641 3049 Si
658 2987 733 3068 quis
748 2986 882 3050 videret
897 2984 1049 3067 jucunda
1064 2987 1423 3068 concupiscentiarum

295 3081 377 3144 mali
400 3079 501 3144 simul
525 3081 559 3142 in
584 3081 699 3164 aliqua
720 3080 839 3157 forma,
863 3091 925 3145 aut
951 3079 1115 3146 distinete
1143 3083 1337 3164 perciperet
1363 3082 1424 3146 illa

294 3175 410 3260 aliquo
429 3196 543 3251 sensu,
561 3177 693 3239 visurus
715 3186 751 3241 et
775 3185 996 3260 percepturus
1016 3187 1110 3241 esset
1132 3176 1194 3241 illa
1215 3178 1250 3240 in
1273 3178 1336 3242 tali
1358 3199 1421 3242 nu·

295 3291 400 3346 mero,
426 3282 463 3336 ut
487 3291 557 3336 non
581 3271 712 3336 definiri
736 3274 895 3354 possint;
924 3283 978 3337 est
1002 3275 1093 3337 enim
1113 3283 1226 3338 totum
1253 3274 1422 3339 infernum

296 3365 411 3451 [nihil]
434 3369 497 3431 nisi
519 3367 629 3431 forma
652 3369 804 3432 omnium
828 3371 1185 3451 concupiscentiarum
1209 3371 1300 3444 mali,
1321 3379 1357 3434 et
1376 3372 1422 3436 ibi

296 3463 391 3526 nulla
420 3464 704 3545 concupiscentia
731 3463 812 3526 mali
841 3473 896 3528 est
923 3465 1024 3528 alteri
1048 3486 1187 3548 prorsus
1212 3464 1333 3528 similis
1359 3485 1421 3530 seu

293 3559 427 3634 eadem,
443 3579 505 3623 nec
520 3559 591 3622 dari
604 3566 724 3640 potest
736 3580 803 3623 una
815 3559 916 3624 alteri
929 3577 1068 3643 prorsus
1086 3560 1207 3624 similis
1223 3581 1282 3623 seu
1299 3560 1421 3625 eadem

293 3656 328 3718 in
356 3665 559 3733 aeternum;
591 3666 628 3720 et
655 3654 700 3720 de
723 3656 1031 3720 innumerabilibus
1054 3657 1121 3720 illis
1144 3657 1249 3720 homo
1271 3657 1331 3719 vix
1354 3659 1421 3723 scit

293 3750 433 3834 aliquid,
455 3751 566 3814 minus
589 3751 766 3834 quomodo
783 3771 945 3815 connexa
967 3761 1057 3816 sunt.
1103 3751 1151 3814 Et
1170 3760 1288 3815 tamen
1308 3773 1328 3814 a
1349 3752 1420 3817 Do·

294 3848 389 3910 mino
408 3868 467 3930 per
491 3845 652 3910 Divinam
677 3847 788 3930 Ipsius
811 3847 1068 3912 Provid‘ntiam
1091 3847 1255 3912 continue
1279 3851 1420 3928 permit-

294 3942 379 4005 titur
396 3953 432 4005 ut
450 3943 620 4025 prodeant
638 3943 683 4005 ob
702 3941 804 4006 finem
821 3953 857 4006 ut
872 3943 1096 4017 abducantur,
1111 3942 1201 4024 quod
1220 3939 1258 4004 fit
1275 3941 1309 4004 in
1327 3945 1421 4008 omni

292 4038 414 4101 ordine
433 4048 469 4101 et
489 4038 585 4100 serie.
634 4037 752 4102 Homo
771 4039 883 4102 malus
905 4039 1011 4103 estin
1031 4039 1172 4101 minima
1189 4036 1300 4101 forma
1318 4039 1419 4105 inser-

294 4153 386 4206 num,
404 4134 492 4196 sicut
509 4133 614 4196 homo
630 4133 742 4197 bonus
757 4145 811 4198 est
830 4136 865 4198 in
882 4135 1023 4197 minima
1039 4134 1148 4198 lorma
1163 4134 1307 4198 caelum.
1347 4140 1419 4201 [tm]

293 4225 398 4310 Quod
422 4225 583 4292 abductio
603 4230 740 4292 amalis
764 4228 823 4294 frat
847 4229 940 4292 mille
964 4229 1086 4305 modis,
1110 4229 1214 4294 etiam
1238 4229 1419 4292 arcanissi-

292 4327 359 4388 mis
378 4345 399 4387 a
418 4324 581 4401 Domino,
601 4345 670 4388 non
695 4325 814 4388 melius
833 4326 951 4400 videri,
972 4335 1008 4389 et
1032 4327 1080 4389 sic
1104 4325 1264 4388 concludi
1287 4334 1418 4407 potest,

291 4439 396 4502 quam
416 4441 461 4484 ex
481 4421 615 4484 arcanis
638 4421 897 4503 operationibus
919 4421 1054 4484 animae
1077 4422 1110 4484 in
1134 4441 1288 4502 corpore.
1333 4418 1419 4484 Illae

292 4515 337 4580 de
360 4517 482 4599 quibus
504 4517 610 4580 homo
634 4518 730 4580 novit
753 4527 833 4580 sunt
857 4517 941 4595 hae;
970 4518 1062 4599 quod
1085 4517 1208 4591 cibum,
1233 4534 1334 4599 quem
1358 4534 1417 4578 co·

292 4622 467 4676 mesturus
495 4623 561 4687 est,
586 4611 734 4693 spedtet,
758 4614 865 4677 odore
892 4615 1070 4696 percipiat,
1100 4621 1255 4694 appetat,
1285 4618 1416 4694 gustet,

291 4707 456 4771 dentibus
473 4709 693 4783 comminuat,
709 4728 769 4790 per
785 4709 938 4792 linguam
955 4707 1120 4772 devolvat
1136 4707 1170 4770 in
1187 4706 1416 4783 stomachum,
