<?xml version="1.0" encoding="UTF-8"?>
<!DOCTYPE html PUBLIC "-//W3C//DTD XHTML 1.0 Transitional//EN"
    "http://www.w3.org/TR/xhtml1/DTD/xhtml1-transitional.dtd">
<html xmlns="http://www.w3.org/1999/xhtml" xml:lang="en" lang="en">
 <head>
  <title>
</title>
<meta http-equiv="Content-Type" content="text/html;charset=utf-8" />
  <meta name='ocr-system' content='tesseract 3.04.00' />
  <meta name='ocr-capabilities' content='ocr_page ocr_carea ocr_par ocr_line ocrx_word'/>
</head>
<body>
  <div class='ocr_page' id='page_1' title='image "./sapientaangelic01swedgoog_0198.png"; bbox 0 0 3448 5374; ppageno 0'>
   <div class='ocr_carea' id='block_1_1' title="bbox 482 629 1396 712">
    <p class='ocr_par' dir='ltr' id='par_1_1' title="bbox 482 629 1396 712">
     <span class='ocr_line' id='line_1_1' title="bbox 482 629 1396 712; baseline -0.009 -12"><span class='ocrx_word' id='word_1_1' title='bbox 482 649 532 700; x_wconf 78' lang='lat' dir='ltr'>us</span> <span class='ocrx_word' id='word_1_2' title='bbox 555 647 688 700; x_wconf 78' lang='lat' dir='ltr'>nrvruo</span> <span class='ocrx_word' id='word_1_3' title='bbox 707 645 853 710; x_wconf 74' lang='lat' dir='ltr'>huonis,</span> <span class='ocrx_word' id='word_1_4' title='bbox 873 645 966 695; x_wconf 74' lang='lat' dir='ltr'>unns</span> <span class='ocrx_word' id='word_1_5' title='bbox 989 644 1102 694; x_wconf 88' lang='lat' dir='ltr'>V.-N.</span> <span class='ocrx_word' id='word_1_6' title='bbox 1130 647 1199 712; x_wconf 85' lang='lat'>394.</span> <span class='ocrx_word' id='word_1_7' title='bbox 1338 629 1396 710; x_wconf 83' lang='lat'>183</span> 
     </span>
    </p>
   </div>
   <div class='ocr_carea' id='block_1_2' title="bbox 276 814 1396 1565">
    <p class='ocr_par' dir='ltr' id='par_1_2' title="bbox 276 814 1396 1565">
     <span class='ocr_line' id='line_1_2' title="bbox 342 814 1395 903; baseline -0.004 -21"><span class='ocrx_word' id='word_1_8' title='bbox 342 831 443 903; x_wconf 69' lang='lat'>392·</span> <span class='ocrx_word' id='word_1_9' title='bbox 473 815 574 901; x_wconf 84' lang='lat' dir='ltr'>Quod</span> <span class='ocrx_word' id='word_1_10' title='bbox 597 817 666 880; x_wconf 93' lang='lat' dir='ltr'>duo</span> <span class='ocrx_word' id='word_1_11' title='bbox 688 816 739 880; x_wconf 95' lang='lat' dir='ltr'>illi</span> <span class='ocrx_word' id='word_1_12' title='bbox 766 824 891 891; x_wconf 90' lang='lat' dir='ltr'>motus,</span> <span class='ocrx_word' id='word_1_13' title='bbox 912 814 1088 878; x_wconf 83' lang='lat' dir='ltr'>cardiacus</span> <span class='ocrx_word' id='word_1_14' title='bbox 1111 825 1146 877; x_wconf 91' lang='lat' dir='ltr'>et</span> <span class='ocrx_word' id='word_1_15' title='bbox 1174 814 1395 897; x_wconf 89' lang='lat' dir='ltr'>pulmonaris,</span> 
     </span>
     <span class='ocr_line' id='line_1_3' title="bbox 277 909 1395 996; baseline -0.006 -16"><span class='ocrx_word' id='word_1_16' title='bbox 277 913 433 980; x_wconf 84' lang='lat' dir='ltr'>existant</span> <span class='ocrx_word' id='word_1_17' title='bbox 452 925 488 978; x_wconf 93' lang='lat' dir='ltr'>et</span> <span class='ocrx_word' id='word_1_18' title='bbox 506 913 707 996; x_wconf 86' lang='lat' dir='ltr'>persistant,</span> <span class='ocrx_word' id='word_1_19' title='bbox 728 921 781 976; x_wconf 89' lang='lat' dir='ltr'>est</span> <span class='ocrx_word' id='word_1_20' title='bbox 800 911 879 994; x_wconf 91' lang='lat' dir='ltr'>quia</span> <span class='ocrx_word' id='word_1_21' title='bbox 898 910 1091 974; x_wconf 91' lang='lat' dir='ltr'>universum</span> <span class='ocrx_word' id='word_1_22' title='bbox 1110 909 1242 983; x_wconf 87' lang='lat' dir='ltr'>caelum</span> <span class='ocrx_word' id='word_1_23' title='bbox 1263 911 1395 993; x_wconf 85' lang='lat' dir='ltr'>angeli·</span> 
     </span>
     <span class='ocr_line' id='line_1_4' title="bbox 277 1003 1394 1090; baseline -0.003 -17"><span class='ocrx_word' id='word_1_24' title='bbox 277 1027 354 1074; x_wconf 90' lang='lat' dir='ltr'>cum</span> <span class='ocrx_word' id='word_1_25' title='bbox 373 1018 445 1072; x_wconf 92' lang='lat' dir='ltr'>tam</span> <span class='ocrx_word' id='word_1_26' title='bbox 464 1009 497 1071; x_wconf 94' lang='lat' dir='ltr'>in</span> <span class='ocrx_word' id='word_1_27' title='bbox 517 1007 689 1071; x_wconf 91' lang='lat' dir='ltr'>communi</span> <span class='ocrx_word' id='word_1_28' title='bbox 708 1025 809 1090; x_wconf 89' lang='lat' dir='ltr'>quarn</span> <span class='ocrx_word' id='word_1_29' title='bbox 828 1007 862 1070; x_wconf 92' lang='lat' dir='ltr'>in</span> <span class='ocrx_word' id='word_1_30' title='bbox 881 1003 1078 1088; x_wconf 84' lang='lat' dir='ltr'>particulari</span> <span class='ocrx_word' id='word_1_31' title='bbox 1096 1005 1129 1067; x_wconf 94' lang='lat' dir='ltr'>in</span> <span class='ocrx_word' id='word_1_32' title='bbox 1149 1005 1236 1067; x_wconf 94' lang='lat' dir='ltr'>binis</span> <span class='ocrx_word' id='word_1_33' title='bbox 1258 1005 1325 1068; x_wconf 91' lang='lat' dir='ltr'>illis</span> <span class='ocrx_word' id='word_1_34' title='bbox 1344 1006 1394 1070; x_wconf 90' lang='lat' dir='ltr'>vi·</span> 
     </span>
     <span class='ocr_line' id='line_1_5' title="bbox 277 1098 1396 1185; baseline -0.003 -17"><span class='ocrx_word' id='word_1_35' title='bbox 277 1109 335 1168; x_wconf 89' lang='lat' dir='ltr'>tae</span> <span class='ocrx_word' id='word_1_36' title='bbox 347 1103 497 1167; x_wconf 88' lang='lat' dir='ltr'>motibus</span> <span class='ocrx_word' id='word_1_37' title='bbox 512 1113 587 1183; x_wconf 89' lang='lat' dir='ltr'>est;</span> <span class='ocrx_word' id='word_1_38' title='bbox 607 1102 697 1185; x_wconf 91' lang='lat' dir='ltr'>quod</span> <span class='ocrx_word' id='word_1_39' title='bbox 714 1103 908 1165; x_wconf 88' lang='lat' dir='ltr'>universum</span> <span class='ocrx_word' id='word_1_40' title='bbox 921 1099 1053 1165; x_wconf 90' lang='lat' dir='ltr'>caelum</span> <span class='ocrx_word' id='word_1_41' title='bbox 1067 1098 1261 1181; x_wconf 86' lang='lat' dir='ltr'>angelicum</span> <span class='ocrx_word' id='word_1_42' title='bbox 1278 1101 1311 1164; x_wconf 91' lang='lat' dir='ltr'>in</span> <span class='ocrx_word' id='word_1_43' title='bbox 1327 1099 1396 1166; x_wconf 91' lang='lat' dir='ltr'>illis</span> 
     </span>
     <span class='ocr_line' id='line_1_6' title="bbox 276 1195 1394 1281; baseline -0.002 -19"><span class='ocrx_word' id='word_1_44' title='bbox 276 1198 332 1273; x_wconf 89' lang='lat' dir='ltr'>sit,</span> <span class='ocrx_word' id='word_1_45' title='bbox 353 1208 407 1262; x_wconf 88' lang='lat' dir='ltr'>est</span> <span class='ocrx_word' id='word_1_46' title='bbox 427 1199 504 1281; x_wconf 90' lang='lat' dir='ltr'>quia</span> <span class='ocrx_word' id='word_1_47' title='bbox 522 1197 690 1263; x_wconf 89' lang='lat' dir='ltr'>Dominus</span> <span class='ocrx_word' id='word_1_48' title='bbox 709 1218 728 1261; x_wconf 93' lang='lat' dir='ltr'>e</span> <span class='ocrx_word' id='word_1_49' title='bbox 747 1195 838 1273; x_wconf 87' lang='lat' dir='ltr'>Sole,</span> <span class='ocrx_word' id='word_1_50' title='bbox 853 1197 909 1260; x_wconf 93' lang='lat' dir='ltr'>ubi</span> <span class='ocrx_word' id='word_1_51' title='bbox 925 1196 1004 1278; x_wconf 91' lang='lat' dir='ltr'>Ipse</span> <span class='ocrx_word' id='word_1_52' title='bbox 1023 1205 1088 1270; x_wconf 91' lang='lat' dir='ltr'>est,</span> <span class='ocrx_word' id='word_1_53' title='bbox 1106 1205 1141 1258; x_wconf 93' lang='lat' dir='ltr'>et</span> <span class='ocrx_word' id='word_1_54' title='bbox 1161 1195 1217 1278; x_wconf 91' lang='lat' dir='ltr'>qui</span> <span class='ocrx_word' id='word_1_55' title='bbox 1239 1195 1283 1259; x_wconf 94' lang='lat' dir='ltr'>ab</span> <span class='ocrx_word' id='word_1_56' title='bbox 1302 1195 1394 1278; x_wconf 92' lang='lat' dir='ltr'>Ipso,</span> 
     </span>
     <span class='ocr_line' id='line_1_7' title="bbox 276 1289 1396 1371; baseline -0.001 -15"><span class='ocrx_word' id='word_1_57' title='bbox 276 1292 433 1357; x_wconf 85' lang='lat' dir='ltr'>inllrndat</span> <span class='ocrx_word' id='word_1_58' title='bbox 457 1293 561 1371; x_wconf 89' lang='lat' dir='ltr'>illos;</span> <span class='ocrx_word' id='word_1_59' title='bbox 593 1311 672 1355; x_wconf 91' lang='lat' dir='ltr'>narn</span> <span class='ocrx_word' id='word_1_60' title='bbox 695 1290 755 1355; x_wconf 88' lang='lat' dir='ltr'>Sol</span> <span class='ocrx_word' id='word_1_61' title='bbox 778 1290 836 1355; x_wconf 92' lang='lat' dir='ltr'>ille</span> <span class='ocrx_word' id='word_1_62' title='bbox 859 1291 945 1354; x_wconf 92' lang='lat' dir='ltr'>duos</span> <span class='ocrx_word' id='word_1_63' title='bbox 959 1291 1046 1354; x_wconf 82' lang='lat' dir='ltr'>illos</span> <span class='ocrx_word' id='word_1_64' title='bbox 1065 1299 1178 1354; x_wconf 89' lang='lat' dir='ltr'>motus</span> <span class='ocrx_word' id='word_1_65' title='bbox 1201 1311 1221 1352; x_wconf 89' lang='lat' dir='ltr'>a</span> <span class='ocrx_word' id='word_1_66' title='bbox 1245 1289 1396 1356; x_wconf 92' lang='lat' dir='ltr'>Domino</span> 
     </span>
     <span class='ocr_line' id='line_1_8' title="bbox 276 1384 1395 1470; baseline -0.001 -19"><span class='ocrx_word' id='word_1_67' title='bbox 276 1389 374 1470; x_wconf 87' lang='lat' dir='ltr'>agit:</span> <span class='ocrx_word' id='word_1_68' title='bbox 403 1397 438 1451; x_wconf 92' lang='lat' dir='ltr'>et</span> <span class='ocrx_word' id='word_1_69' title='bbox 458 1389 536 1470; x_wconf 91' lang='lat' dir='ltr'>quia</span> <span class='ocrx_word' id='word_1_70' title='bbox 555 1388 670 1451; x_wconf 89' lang='lat' dir='ltr'>omnia</span> <span class='ocrx_word' id='word_1_71' title='bbox 688 1387 774 1451; x_wconf 91' lang='lat' dir='ltr'>caeli</span> <span class='ocrx_word' id='word_1_72' title='bbox 797 1395 833 1450; x_wconf 92' lang='lat' dir='ltr'>et</span> <span class='ocrx_word' id='word_1_73' title='bbox 855 1387 971 1450; x_wconf 92' lang='lat' dir='ltr'>mundi</span> <span class='ocrx_word' id='word_1_74' title='bbox 1003 1407 1022 1448; x_wconf 92' lang='lat' dir='ltr'>a</span> <span class='ocrx_word' id='word_1_75' title='bbox 1054 1385 1203 1449; x_wconf 91' lang='lat' dir='ltr'>Domino</span> <span class='ocrx_word' id='word_1_76' title='bbox 1221 1384 1395 1468; x_wconf 90' lang='lat' dir='ltr'>perillum</span> 
     </span>
     <span class='ocr_line' id='line_1_9' title="bbox 276 1478 1394 1565; baseline 0 -19"><span class='ocrx_word' id='word_1_77' title='bbox 276 1478 392 1546; x_wconf 90' lang='lat' dir='ltr'>Solem</span> <span class='ocrx_word' id='word_1_78' title='bbox 411 1483 444 1546; x_wconf 94' lang='lat' dir='ltr'>in</span> <span class='ocrx_word' id='word_1_79' title='bbox 464 1482 526 1546; x_wconf 92' lang='lat' dir='ltr'>tali</span> <span class='ocrx_word' id='word_1_80' title='bbox 545 1502 637 1546; x_wconf 86' lang='lat' dir='ltr'>nexu</span> <span class='ocrx_word' id='word_1_81' title='bbox 653 1503 698 1546; x_wconf 91' lang='lat' dir='ltr'>ex</span> <span class='ocrx_word' id='word_1_82' title='bbox 715 1481 822 1546; x_wconf 86' lang='lat' dir='ltr'>forma</span> <span class='ocrx_word' id='word_1_83' title='bbox 837 1482 1001 1565; x_wconf 91' lang='lat' dir='ltr'>pendent,</span> <span class='ocrx_word' id='word_1_84' title='bbox 1018 1481 1107 1544; x_wconf 88' lang='lat' dir='ltr'>sicut</span> <span class='ocrx_word' id='word_1_85' title='bbox 1126 1501 1210 1563; x_wconf 90' lang='lat' dir='ltr'>opus</span> <span class='ocrx_word' id='word_1_86' title='bbox 1229 1489 1394 1546; x_wconf 89' lang='lat' dir='ltr'>concate-</span> 
     </span>
    </p>
   </div>
   <div class='ocr_carea' id='block_1_3' title="bbox 275 1575 1395 2048">
    <p class='ocr_par' dir='ltr' id='par_1_3' title="bbox 275 1575 1395 1944">
     <span class='ocr_line' id='line_1_10' title="bbox 276 1575 1395 1661; baseline 0.002 -21"><span class='ocrx_word' id='word_1_87' title='bbox 276 1587 395 1642; x_wconf 90' lang='lat' dir='ltr'>natum</span> <span class='ocrx_word' id='word_1_88' title='bbox 418 1598 439 1641; x_wconf 89' lang='lat' dir='ltr'>a</span> <span class='ocrx_word' id='word_1_89' title='bbox 461 1578 571 1661; x_wconf 92' lang='lat' dir='ltr'>primo</span> <span class='ocrx_word' id='word_1_90' title='bbox 593 1578 637 1642; x_wconf 94' lang='lat' dir='ltr'>ad</span> <span class='ocrx_word' id='word_1_91' title='bbox 664 1575 794 1650; x_wconf 88' lang='lat' dir='ltr'>ultima,</span> <span class='ocrx_word' id='word_1_92' title='bbox 834 1587 870 1642; x_wconf 89' lang='lat' dir='ltr'>et</span> <span class='ocrx_word' id='word_1_93' title='bbox 897 1577 973 1660; x_wconf 88' lang='lat' dir='ltr'>quia</span> <span class='ocrx_word' id='word_1_94' title='bbox 1000 1575 1124 1638; x_wconf 91' lang='lat' dir='ltr'>amoris</span> <span class='ocrx_word' id='word_1_95' title='bbox 1147 1585 1183 1639; x_wconf 92' lang='lat' dir='ltr'>et</span> <span class='ocrx_word' id='word_1_96' title='bbox 1206 1577 1395 1658; x_wconf 85' lang='lat' dir='ltr'>sapientiae</span> 
     </span>
     <span class='ocr_line' id='line_1_11' title="bbox 275 1671 1393 1754; baseline -0.001 -20"><span class='ocrx_word' id='word_1_97' title='bbox 275 1671 347 1734; x_wconf 91' lang='lat' dir='ltr'>vita</span> <span class='ocrx_word' id='word_1_98' title='bbox 372 1672 416 1735; x_wconf 91' lang='lat' dir='ltr'>ab</span> <span class='ocrx_word' id='word_1_99' title='bbox 447 1671 528 1754; x_wconf 89' lang='lat' dir='ltr'>Ipso</span> <span class='ocrx_word' id='word_1_100' title='bbox 557 1680 622 1748; x_wconf 89' lang='lat' dir='ltr'>est,</span> <span class='ocrx_word' id='word_1_101' title='bbox 647 1681 683 1736; x_wconf 91' lang='lat' dir='ltr'>et</span> <span class='ocrx_word' id='word_1_102' title='bbox 713 1691 833 1735; x_wconf 92' lang='lat' dir='ltr'>omnes</span> <span class='ocrx_word' id='word_1_103' title='bbox 860 1672 947 1734; x_wconf 88' lang='lat' dir='ltr'>vires</span> <span class='ocrx_word' id='word_1_104' title='bbox 978 1671 1124 1733; x_wconf 91' lang='lat' dir='ltr'>universi</span> <span class='ocrx_word' id='word_1_105' title='bbox 1154 1690 1174 1733; x_wconf 90' lang='lat' dir='ltr'>a</span> <span class='ocrx_word' id='word_1_106' title='bbox 1202 1671 1275 1732; x_wconf 90' lang='lat' dir='ltr'>vita</span> <span class='ocrx_word' id='word_1_107' title='bbox 1302 1680 1393 1747; x_wconf 93' lang='lat' dir='ltr'>sunt,</span> 
     </span>
     <span class='ocr_line' id='line_1_12' title="bbox 275 1763 1394 1851; baseline 0 -21"><span class='ocrx_word' id='word_1_108' title='bbox 275 1776 374 1849; x_wconf 89' lang='lat' dir='ltr'>patet</span> <span class='ocrx_word' id='word_1_109' title='bbox 393 1767 483 1851; x_wconf 93' lang='lat' dir='ltr'>quod</span> <span class='ocrx_word' id='word_1_110' title='bbox 506 1787 574 1831; x_wconf 93' lang='lat' dir='ltr'>non</span> <span class='ocrx_word' id='word_1_111' title='bbox 598 1765 736 1831; x_wconf 89' lang='lat' dir='ltr'>aliunde</span> <span class='ocrx_word' id='word_1_112' title='bbox 755 1767 799 1829; x_wconf 92' lang='lat' dir='ltr'>sit</span> <span class='ocrx_word' id='word_1_113' title='bbox 817 1767 923 1848; x_wconf 85' lang='lat' dir='ltr'>origo.</span> <span class='ocrx_word' id='word_1_114' title='bbox 970 1763 1070 1848; x_wconf 84' lang='lat' dir='ltr'>Quod</span> <span class='ocrx_word' id='word_1_115' title='bbox 1090 1766 1235 1828; x_wconf 89' lang='lat' dir='ltr'>variatio</span> <span class='ocrx_word' id='word_1_116' title='bbox 1258 1764 1394 1830; x_wconf 90' lang='lat' dir='ltr'>illorum</span> 
     </span>
     <span class='ocr_line' id='line_1_13' title="bbox 275 1862 1375 1944; baseline 0.001 -20"><span class='ocrx_word' id='word_1_117' title='bbox 275 1862 321 1925; x_wconf 91' lang='lat' dir='ltr'>sit</span> <span class='ocrx_word' id='word_1_118' title='bbox 339 1862 527 1926; x_wconf 90' lang='lat' dir='ltr'>secundum</span> <span class='ocrx_word' id='word_1_119' title='bbox 546 1862 671 1925; x_wconf 92' lang='lat' dir='ltr'>amoris</span> <span class='ocrx_word' id='word_1_120' title='bbox 687 1871 723 1926; x_wconf 91' lang='lat' dir='ltr'>et</span> <span class='ocrx_word' id='word_1_121' title='bbox 742 1862 931 1944; x_wconf 87' lang='lat' dir='ltr'>sapientiae</span> <span class='ocrx_word' id='word_1_122' title='bbox 950 1862 1195 1942; x_wconf 88' lang='lat' dir='ltr'>receptionem,</span> <span class='ocrx_word' id='word_1_123' title='bbox 1214 1862 1375 1943; x_wconf 89' lang='lat' dir='ltr'>sequitur.</span> 
     </span>
    </p>

    <p class='ocr_par' dir='ltr' id='par_1_4' title="bbox 336 1956 1394 2048">
     <span class='ocr_line' id='line_1_14' title="bbox 336 1956 1394 2048; baseline -0.002 -27"><span class='ocrx_word' id='word_1_124' title='bbox 336 1968 439 2041; x_wconf 77' lang='lat'>393.</span> <span class='ocrx_word' id='word_1_125' title='bbox 469 1957 522 2021; x_wconf 92' lang='lat' dir='ltr'>De</span> <span class='ocrx_word' id='word_1_126' title='bbox 541 1957 846 2048; x_wconf 79' lang='lat' dir='ltr'>correspondentia</span> <span class='ocrx_word' id='word_1_127' title='bbox 865 1956 999 2019; x_wconf 91' lang='lat' dir='ltr'>illorum</span> <span class='ocrx_word' id='word_1_128' title='bbox 1016 1965 1170 2018; x_wconf 91' lang='lat' dir='ltr'>motuum</span> <span class='ocrx_word' id='word_1_129' title='bbox 1195 1957 1228 2018; x_wconf 94' lang='lat' dir='ltr'>in</span> <span class='ocrx_word' id='word_1_130' title='bbox 1247 1975 1394 2039; x_wconf 90' lang='lat' dir='ltr'>sequen·</span> 
     </span>
    </p>
   </div>
   <div class='ocr_carea' id='block_1_4' title="bbox 274 2049 1394 2508">
    <p class='ocr_par' dir='ltr' id='par_1_5' title="bbox 274 2049 1394 2508">
     <span class='ocr_line' id='line_1_15' title="bbox 275 2049 1394 2135; baseline 0.001 -20"><span class='ocrx_word' id='word_1_131' title='bbox 275 2051 367 2115; x_wconf 89' lang='lat' dir='ltr'>tibus</span> <span class='ocrx_word' id='word_1_132' title='bbox 397 2051 494 2134; x_wconf 90' lang='lat' dir='ltr'>plura</span> <span class='ocrx_word' id='word_1_133' title='bbox 512 2052 670 2116; x_wconf 91' lang='lat' dir='ltr'>dicentur</span> <span class='ocrx_word' id='word_1_134' title='bbox 683 2073 691 2131; x_wconf 90' lang='lat'>;</span> <span class='ocrx_word' id='word_1_135' title='bbox 727 2061 765 2115; x_wconf 93' lang='lat' dir='ltr'>ut</span> <span class='ocrx_word' id='word_1_136' title='bbox 794 2051 904 2135; x_wconf 87' lang='lat' dir='ltr'>qualis</span> <span class='ocrx_word' id='word_1_137' title='bbox 926 2049 985 2114; x_wconf 87' lang='lat' dir='ltr'>illa</span> <span class='ocrx_word' id='word_1_138' title='bbox 1007 2051 1316 2134; x_wconf 90' lang='lat' dir='ltr'>correspondentia</span> <span class='ocrx_word' id='word_1_139' title='bbox 1339 2059 1394 2117; x_wconf 88' lang='lat' dir='ltr'>est</span> 
     </span>
     <span class='ocr_line' id='line_1_16' title="bbox 274 2146 1393 2230; baseline 0.002 -20"><span class='ocrx_word' id='word_1_140' title='bbox 274 2147 365 2229; x_wconf 88' lang='lat' dir='ltr'>apud</span> <span class='ocrx_word' id='word_1_141' title='bbox 383 2146 461 2210; x_wconf 91' lang='lat' dir='ltr'>illos</span> <span class='ocrx_word' id='word_1_142' title='bbox 480 2147 537 2230; x_wconf 90' lang='lat' dir='ltr'>qui</span> <span class='ocrx_word' id='word_1_143' title='bbox 555 2165 631 2210; x_wconf 90' lang='lat' dir='ltr'>curn</span> <span class='ocrx_word' id='word_1_144' title='bbox 648 2146 746 2210; x_wconf 91' lang='lat' dir='ltr'>caelo</span> <span class='ocrx_word' id='word_1_145' title='bbox 762 2147 941 2227; x_wconf 86' lang='lat' dir='ltr'>respirant,</span> <span class='ocrx_word' id='word_1_146' title='bbox 958 2155 995 2210; x_wconf 91' lang='lat' dir='ltr'>et</span> <span class='ocrx_word' id='word_1_147' title='bbox 1011 2146 1121 2230; x_wconf 91' lang='lat' dir='ltr'>qualis</span> <span class='ocrx_word' id='word_1_148' title='bbox 1138 2146 1227 2228; x_wconf 91' lang='lat' dir='ltr'>apud</span> <span class='ocrx_word' id='word_1_149' title='bbox 1243 2146 1321 2212; x_wconf 90' lang='lat' dir='ltr'>illos</span> <span class='ocrx_word' id='word_1_150' title='bbox 1337 2146 1393 2230; x_wconf 93' lang='lat' dir='ltr'>qul</span> 
     </span>
     <span class='ocr_line' id='line_1_17' title="bbox 275 2240 1393 2324; baseline 0 -18"><span class='ocrx_word' id='word_1_151' title='bbox 275 2261 352 2306; x_wconf 90' lang='lat' dir='ltr'>cum</span> <span class='ocrx_word' id='word_1_152' title='bbox 381 2240 532 2320; x_wconf 87' lang='lat' dir='ltr'>infern0;</span> <span class='ocrx_word' id='word_1_153' title='bbox 564 2251 636 2305; x_wconf 94' lang='lat' dir='ltr'>tum</span> <span class='ocrx_word' id='word_1_154' title='bbox 660 2241 769 2324; x_wconf 90' lang='lat' dir='ltr'>qualis</span> <span class='ocrx_word' id='word_1_155' title='bbox 793 2241 882 2324; x_wconf 91' lang='lat' dir='ltr'>apud</span> <span class='ocrx_word' id='word_1_156' title='bbox 913 2241 992 2305; x_wconf 90' lang='lat' dir='ltr'>illos</span> <span class='ocrx_word' id='word_1_157' title='bbox 1021 2242 1077 2324; x_wconf 91' lang='lat' dir='ltr'>qui</span> <span class='ocrx_word' id='word_1_158' title='bbox 1104 2241 1287 2324; x_wconf 89' lang='lat' dir='ltr'>loquuntur</span> <span class='ocrx_word' id='word_1_159' title='bbox 1315 2259 1393 2306; x_wconf 91' lang='lat' dir='ltr'>cum</span> 
     </span>
     <span class='ocr_line' id='line_1_18' title="bbox 274 2335 1391 2420; baseline 0 -20"><span class='ocrx_word' id='word_1_160' title='bbox 274 2336 383 2411; x_wconf 91' lang='lat' dir='ltr'>caelo,</span> <span class='ocrx_word' id='word_1_161' title='bbox 403 2345 439 2400; x_wconf 95' lang='lat' dir='ltr'>et</span> <span class='ocrx_word' id='word_1_162' title='bbox 457 2336 615 2418; x_wconf 85' lang='lat' dir='ltr'>cogitant</span> <span class='ocrx_word' id='word_1_163' title='bbox 629 2355 706 2400; x_wconf 91' lang='lat' dir='ltr'>curn</span> <span class='ocrx_word' id='word_1_164' title='bbox 725 2335 867 2412; x_wconf 86' lang='lat' dir='ltr'>inferno,</span> <span class='ocrx_word' id='word_1_165' title='bbox 883 2338 931 2400; x_wconf 91' lang='lat' dir='ltr'>ita</span> <span class='ocrx_word' id='word_1_166' title='bbox 948 2335 1058 2420; x_wconf 89' lang='lat' dir='ltr'>qualis</span> <span class='ocrx_word' id='word_1_167' title='bbox 1072 2337 1162 2418; x_wconf 92' lang='lat' dir='ltr'>apud</span> <span class='ocrx_word' id='word_1_168' title='bbox 1181 2336 1391 2420; x_wconf 87' lang='lat' dir='ltr'>hypocritas,</span> 
     </span>
     <span class='ocr_line' id='line_1_19' title="bbox 274 2431 940 2508; baseline -0.002 -13"><span class='ocrx_word' id='word_1_169' title='bbox 274 2439 521 2507; x_wconf 86' lang='lat' dir='ltr'>assentatores,</span> <span class='ocrx_word' id='word_1_170' title='bbox 541 2431 770 2508; x_wconf 88' lang='lat' dir='ltr'>simulatores,</span> <span class='ocrx_word' id='word_1_171' title='bbox 790 2440 826 2496; x_wconf 92' lang='lat' dir='ltr'>et</span> <span class='ocrx_word' id='word_1_172' title='bbox 844 2431 940 2497; x_wconf 87' lang='lat' dir='ltr'>alios.</span> 
     </span>
    </p>
   </div>
   <div class='ocr_carea' id='block_1_5' title="bbox 275 2709 1392 3173">
    <p class='ocr_par' dir='ltr' id='par_1_6' title="bbox 275 2709 1392 3173">
     <span class='ocr_line' id='line_1_20' title="bbox 275 2709 1390 2798; baseline 0.002 -18"><span class='ocrx_word' id='word_1_173' title='bbox 275 2709 390 2798; x_wconf 82' lang='lat' dir='ltr'>Quor&gt;</span> <span class='ocrx_word' id='word_1_174' title='bbox 412 2727 464 2780; x_wconf 78' lang='lat' dir='ltr'>nx</span> <span class='ocrx_word' id='word_1_175' title='bbox 486 2726 861 2781; x_wconf 73' lang='lat' dir='ltr'>connsssonnunrm</span> <span class='ocrx_word' id='word_1_176' title='bbox 882 2727 1022 2780; x_wconf 80' lang='lat' dir='ltr'>conms</span> <span class='ocrx_word' id='word_1_177' title='bbox 1048 2727 1130 2781; x_wconf 82' lang='lat' dir='ltr'>cun</span> <span class='ocrx_word' id='word_1_178' title='bbox 1152 2727 1390 2782; x_wconf 77' lang='lat' dir='ltr'>vonunrnre</span> 
     </span>
     <span class='ocr_line' id='line_1_21' title="bbox 442 2822 1392 2886; baseline 0.002 -12"><span class='ocrx_word' id='word_1_179' title='bbox 442 2823 492 2874; x_wconf 76' lang='lat' dir='ltr'>aa</span> <span class='ocrx_word' id='word_1_180' title='bbox 513 2822 777 2874; x_wconf 73' lang='lat' dir='ltr'>rursusscrus</span> <span class='ocrx_word' id='word_1_181' title='bbox 799 2823 878 2876; x_wconf 85' lang='lat' dir='ltr'>cuu</span> <span class='ocrx_word' id='word_1_182' title='bbox 901 2822 1095 2886; x_wconf 66' lang='lat' dir='ltr'>suenonis,</span> <span class='ocrx_word' id='word_1_183' title='bbox 1114 2823 1213 2875; x_wconf 82' lang='lat' dir='ltr'>serm</span> <span class='ocrx_word' id='word_1_184' title='bbox 1236 2822 1392 2877; x_wconf 77' lang='lat' dir='ltr'>rossum</span> 
     </span>
     <span class='ocr_line' id='line_1_22' title="bbox 443 2915 1390 2986; baseline 0.002 -16"><span class='ocrx_word' id='word_1_185' title='bbox 443 2915 571 2970; x_wconf 72' lang='lat' dir='ltr'>ornus</span> <span class='ocrx_word' id='word_1_186' title='bbox 592 2917 696 2984; x_wconf 67' lang='lat' dir='ltr'>Quis</span> <span class='ocrx_word' id='word_1_187' title='bbox 726 2919 778 2969; x_wconf 74' lang='lat' dir='ltr'>ms</span> <span class='ocrx_word' id='word_1_188' title='bbox 807 2917 1041 2971; x_wconf 72' lang='lat' dir='ltr'>vonunrars</span> <span class='ocrx_word' id='word_1_189' title='bbox 1064 2919 1113 2969; x_wconf 75' lang='lat' dir='ltr'>ss</span> <span class='ocrx_word' id='word_1_190' title='bbox 1135 2918 1390 2986; x_wconf 75' lang='lat' dir='ltr'>rnrsssscsu,</span> 
     </span>
     <span class='ocr_line' id='line_1_23' title="bbox 442 3011 1391 3082; baseline 0.005 -17"><span class='ocrx_word' id='word_1_191' title='bbox 442 3011 512 3066; x_wconf 83' lang='lat' dir='ltr'>suu</span> <span class='ocrx_word' id='word_1_192' title='bbox 540 3012 754 3066; x_wconf 71' lang='lat' dir='ltr'>neruosa</span> <span class='ocrx_word' id='word_1_193' title='bbox 787 3013 836 3064; x_wconf 79' lang='lat' dir='ltr'>ur</span> <span class='ocrx_word' id='word_1_194' title='bbox 866 3012 1082 3077; x_wconf 66' lang='lat' dir='ltr'>sensnm,</span> <span class='ocrx_word' id='word_1_195' title='bbox 1106 3014 1174 3066; x_wconf 72' lang='lat' dir='ltr'>nn</span> <span class='ocrx_word' id='word_1_196' title='bbox 1204 3013 1306 3082; x_wconf 71' lang='lat' dir='ltr'>Quas</span> <span class='ocrx_word' id='word_1_197' title='bbox 1339 3013 1391 3070; x_wconf 78' lang='lat' dir='ltr'>ns</span> 
     </span>
     <span class='ocr_line' id='line_1_24' title="bbox 441 3107 1093 3173; baseline 0 -12"><span class='ocrx_word' id='word_1_198' title='bbox 441 3108 569 3161; x_wconf 75' lang='lat' dir='ltr'>numa</span> <span class='ocrx_word' id='word_1_199' title='bbox 592 3107 769 3173; x_wconf 80' lang='lat' dir='ltr'>nonnus,</span> <span class='ocrx_word' id='word_1_200' title='bbox 793 3107 894 3160; x_wconf 79' lang='lat' dir='ltr'>sonu</span> <span class='ocrx_word' id='word_1_201' title='bbox 916 3108 1093 3162; x_wconf 72' lang='lat' dir='ltr'>Possunt.</span> 
     </span>
    </p>
   </div>
   <div class='ocr_carea' id='block_1_6' title="bbox 269 3280 1391 4698">
    <p class='ocr_par' dir='ltr' id='par_1_7' title="bbox 269 3280 1391 4698">
     <span class='ocr_line' id='line_1_25' title="bbox 333 3280 1391 3366; baseline 0.004 -22"><span class='ocrx_word' id='word_1_202' title='bbox 333 3296 436 3366; x_wconf 80' lang='lat'>394.</span> <span class='ocrx_word' id='word_1_203' title='bbox 469 3281 509 3345; x_wconf 90' lang='lat' dir='ltr'>ln</span> <span class='ocrx_word' id='word_1_204' title='bbox 535 3280 617 3346; x_wconf 90' lang='lat' dir='ltr'>orbe</span> <span class='ocrx_word' id='word_1_205' title='bbox 641 3281 776 3346; x_wconf 88' lang='lat' dir='ltr'>erudito</span> <span class='ocrx_word' id='word_1_206' title='bbox 797 3280 962 3344; x_wconf 89' lang='lat' dir='ltr'>sudarunt</span> <span class='ocrx_word' id='word_1_207' title='bbox 985 3281 1085 3345; x_wconf 92' lang='lat' dir='ltr'>multi</span> <span class='ocrx_word' id='word_1_208' title='bbox 1114 3281 1148 3345; x_wconf 92' lang='lat' dir='ltr'>in</span> <span class='ocrx_word' id='word_1_209' title='bbox 1171 3281 1391 3365; x_wconf 85' lang='lat' dir='ltr'>inquisitione</span> 
     </span>
     <span class='ocr_line' id='line_1_26' title="bbox 271 3374 1390 3459; baseline 0.004 -20"><span class='ocrx_word' id='word_1_210' title='bbox 271 3374 315 3439; x_wconf 91' lang='lat' dir='ltr'>de</span> <span class='ocrx_word' id='word_1_211' title='bbox 333 3376 466 3454; x_wconf 81' lang='lat' dir='ltr'>anima3</span> <span class='ocrx_word' id='word_1_212' title='bbox 490 3376 551 3441; x_wconf 89' lang='lat' dir='ltr'>sed</span> <span class='ocrx_word' id='word_1_213' title='bbox 571 3377 648 3459; x_wconf 84' lang='lat' dir='ltr'>quia</span> <span class='ocrx_word' id='word_1_214' title='bbox 663 3375 747 3439; x_wconf 92' lang='lat' dir='ltr'>nihil</span> <span class='ocrx_word' id='word_1_215' title='bbox 762 3376 936 3439; x_wconf 91' lang='lat' dir='ltr'>sciverunt</span> <span class='ocrx_word' id='word_1_216' title='bbox 956 3377 999 3439; x_wconf 95' lang='lat' dir='ltr'>de</span> <span class='ocrx_word' id='word_1_217' title='bbox 1018 3376 1146 3439; x_wconf 91' lang='lat' dir='ltr'>mundo</span> <span class='ocrx_word' id='word_1_218' title='bbox 1162 3375 1338 3459; x_wconf 89' lang='lat' dir='ltr'>spirituali,</span> <span class='ocrx_word' id='word_1_219' title='bbox 1352 3385 1390 3444; x_wconf 92' lang='lat' dir='ltr'>et</span> 
     </span>
     <span class='ocr_line' id='line_1_27' title="bbox 272 3469 1389 3554; baseline 0.003 -21"><span class='ocrx_word' id='word_1_220' title='bbox 272 3469 314 3534; x_wconf 92' lang='lat' dir='ltr'>de</span> <span class='ocrx_word' id='word_1_221' title='bbox 337 3479 430 3533; x_wconf 93' lang='lat' dir='ltr'>statu</span> <span class='ocrx_word' id='word_1_222' title='bbox 446 3470 593 3535; x_wconf 92' lang='lat' dir='ltr'>hominis</span> <span class='ocrx_word' id='word_1_223' title='bbox 609 3480 689 3553; x_wconf 90' lang='lat' dir='ltr'>post</span> <span class='ocrx_word' id='word_1_224' title='bbox 708 3479 865 3548; x_wconf 88' lang='lat' dir='ltr'>mortem,</span> <span class='ocrx_word' id='word_1_225' title='bbox 882 3490 952 3534; x_wconf 94' lang='lat' dir='ltr'>non</span> <span class='ocrx_word' id='word_1_226' title='bbox 969 3479 1154 3552; x_wconf 89' lang='lat' dir='ltr'>potuerunt</span> <span class='ocrx_word' id='word_1_227' title='bbox 1174 3471 1272 3534; x_wconf 91' lang='lat' dir='ltr'>aliter</span> <span class='ocrx_word' id='word_1_228' title='bbox 1287 3489 1389 3554; x_wconf 90' lang='lat' dir='ltr'>quam</span> 
     </span>
     <span class='ocr_line' id='line_1_28' title="bbox 272 3565 1388 3649; baseline 0.003 -21"><span class='ocrx_word' id='word_1_229' title='bbox 272 3565 421 3628; x_wconf 91' lang='lat' dir='ltr'>condere</span> <span class='ocrx_word' id='word_1_230' title='bbox 439 3565 663 3648; x_wconf 90' lang='lat' dir='ltr'>hypotheses,</span> <span class='ocrx_word' id='word_1_231' title='bbox 685 3585 754 3628; x_wconf 92' lang='lat' dir='ltr'>non</span> <span class='ocrx_word' id='word_1_232' title='bbox 770 3567 813 3629; x_wconf 94' lang='lat' dir='ltr'>de</span> <span class='ocrx_word' id='word_1_233' title='bbox 832 3567 946 3628; x_wconf 89' lang='lat' dir='ltr'>anima</span> <span class='ocrx_word' id='word_1_234' title='bbox 962 3565 1070 3649; x_wconf 90' lang='lat' dir='ltr'>qualis</span> <span class='ocrx_word' id='word_1_235' title='bbox 1086 3575 1151 3642; x_wconf 89' lang='lat' dir='ltr'>est,</span> <span class='ocrx_word' id='word_1_236' title='bbox 1172 3567 1233 3630; x_wconf 90' lang='lat' dir='ltr'>sed</span> <span class='ocrx_word' id='word_1_237' title='bbox 1246 3565 1290 3630; x_wconf 91' lang='lat' dir='ltr'>de</span> <span class='ocrx_word' id='word_1_238' title='bbox 1306 3585 1388 3648; x_wconf 92' lang='lat' dir='ltr'>ope·</span> 
     </span>
     <span class='ocr_line' id='line_1_29' title="bbox 271 3659 1388 3745; baseline 0.005 -23"><span class='ocrx_word' id='word_1_239' title='bbox 271 3660 401 3723; x_wconf 88' lang='lat' dir='ltr'>ratione</span> <span class='ocrx_word' id='word_1_240' title='bbox 414 3659 484 3741; x_wconf 91' lang='lat' dir='ltr'>ejus</span> <span class='ocrx_word' id='word_1_241' title='bbox 501 3662 533 3724; x_wconf 93' lang='lat' dir='ltr'>in</span> <span class='ocrx_word' id='word_1_242' title='bbox 550 3681 695 3743; x_wconf 91' lang='lat' dir='ltr'>corpus:</span> <span class='ocrx_word' id='word_1_243' title='bbox 720 3661 762 3724; x_wconf 93' lang='lat' dir='ltr'>de</span> <span class='ocrx_word' id='word_1_244' title='bbox 778 3663 893 3725; x_wconf 89' lang='lat' dir='ltr'>anima</span> <span class='ocrx_word' id='word_1_245' title='bbox 908 3661 1018 3745; x_wconf 91' lang='lat' dir='ltr'>qualis</span> <span class='ocrx_word' id='word_1_246' title='bbox 1035 3670 1099 3737; x_wconf 89' lang='lat' dir='ltr'>est,</span> <span class='ocrx_word' id='word_1_247' title='bbox 1117 3682 1185 3726; x_wconf 92' lang='lat' dir='ltr'>non</span> <span class='ocrx_word' id='word_1_248' title='bbox 1202 3671 1388 3745; x_wconf 90' lang='lat' dir='ltr'>potuerunt</span> 
     </span>
     <span class='ocr_line' id='line_1_30' title="bbox 271 3753 1388 3840; baseline 0.005 -23"><span class='ocrx_word' id='word_1_249' title='bbox 271 3753 373 3817; x_wconf 86' lang='lat' dir='ltr'>aliam</span> <span class='ocrx_word' id='word_1_250' title='bbox 392 3754 505 3818; x_wconf 89' lang='lat' dir='ltr'>ideam</span> <span class='ocrx_word' id='word_1_251' title='bbox 524 3755 661 3830; x_wconf 91' lang='lat' dir='ltr'>habere,</span> <span class='ocrx_word' id='word_1_252' title='bbox 682 3775 782 3838; x_wconf 92' lang='lat' dir='ltr'>quam</span> <span class='ocrx_word' id='word_1_253' title='bbox 807 3758 895 3820; x_wconf 90' lang='lat' dir='ltr'>sicut</span> <span class='ocrx_word' id='word_1_254' title='bbox 918 3758 960 3821; x_wconf 90' lang='lat' dir='ltr'>de</span> <span class='ocrx_word' id='word_1_255' title='bbox 985 3759 1164 3839; x_wconf 89' lang='lat' dir='ltr'>purissimo</span> <span class='ocrx_word' id='word_1_256' title='bbox 1182 3758 1331 3840; x_wconf 91' lang='lat' dir='ltr'>quodam</span> <span class='ocrx_word' id='word_1_257' title='bbox 1354 3760 1388 3824; x_wconf 93' lang='lat' dir='ltr'>in</span> 
     </span>
     <span class='ocr_line' id='line_1_31' title="bbox 271 3848 1389 3934; baseline 0.007 -23"><span class='ocrx_word' id='word_1_258' title='bbox 271 3848 422 3926; x_wconf 87' lang='lat' dir='ltr'>aethere,</span> <span class='ocrx_word' id='word_1_259' title='bbox 439 3859 475 3913; x_wconf 91' lang='lat' dir='ltr'>et</span> <span class='ocrx_word' id='word_1_260' title='bbox 495 3851 537 3914; x_wconf 97' lang='lat' dir='ltr'>de</span> <span class='ocrx_word' id='word_1_261' title='bbox 555 3849 626 3931; x_wconf 87' lang='lat' dir='ltr'>ejus</span> <span class='ocrx_word' id='word_1_262' title='bbox 643 3853 843 3915; x_wconf 89' lang='lat' dir='ltr'>continente</span> <span class='ocrx_word' id='word_1_263' title='bbox 859 3871 960 3934; x_wconf 91' lang='lat' dir='ltr'>quam</span> <span class='ocrx_word' id='word_1_264' title='bbox 977 3853 1064 3915; x_wconf 90' lang='lat' dir='ltr'>sicut</span> <span class='ocrx_word' id='word_1_265' title='bbox 1081 3853 1124 3916; x_wconf 95' lang='lat' dir='ltr'>de</span> <span class='ocrx_word' id='word_1_266' title='bbox 1140 3851 1290 3917; x_wconf 90' lang='lat' dir='ltr'>aethere.</span> <span class='ocrx_word' id='word_1_267' title='bbox 1335 3853 1389 3920; x_wconf 89' lang='lat' dir='ltr'>De</span> 
     </span>
     <span class='ocr_line' id='line_1_32' title="bbox 270 3941 1389 4030; baseline 0.007 -25"><span class='ocrx_word' id='word_1_268' title='bbox 270 3941 336 4006; x_wconf 91' lang='lat' dir='ltr'>hoc</span> <span class='ocrx_word' id='word_1_269' title='bbox 359 3953 477 4008; x_wconf 92' lang='lat' dir='ltr'>tamen</span> <span class='ocrx_word' id='word_1_270' title='bbox 501 3965 570 4009; x_wconf 95' lang='lat' dir='ltr'>non</span> <span class='ocrx_word' id='word_1_271' title='bbox 594 3947 667 4009; x_wconf 91' lang='lat' dir='ltr'>ausi</span> <span class='ocrx_word' id='word_1_272' title='bbox 689 3954 770 4009; x_wconf 89' lang='lat' dir='ltr'>sunt</span> <span class='ocrx_word' id='word_1_273' title='bbox 794 3947 857 4009; x_wconf 91' lang='lat' dir='ltr'>nisi</span> <span class='ocrx_word' id='word_1_274' title='bbox 884 3967 992 4028; x_wconf 87' lang='lat' dir='ltr'>pauca</span> <span class='ocrx_word' id='word_1_275' title='bbox 1014 3948 1167 4028; x_wconf 86' lang='lat' dir='ltr'>vulgare,</span> <span class='ocrx_word' id='word_1_276' title='bbox 1192 3967 1234 4012; x_wconf 89' lang='lat' dir='ltr'>ne</span> <span class='ocrx_word' id='word_1_277' title='bbox 1261 3948 1389 4030; x_wconf 87' lang='lat' dir='ltr'>aliquid</span> 
     </span>
     <span class='ocr_line' id='line_1_33' title="bbox 271 4037 1388 4124; baseline 0.006 -23"><span class='ocrx_word' id='word_1_278' title='bbox 271 4037 425 4102; x_wconf 87' lang='lat' dir='ltr'>naturale</span> <span class='ocrx_word' id='word_1_279' title='bbox 444 4040 578 4104; x_wconf 88' lang='lat' dir='ltr'>animae</span> <span class='ocrx_word' id='word_1_280' title='bbox 593 4041 805 4116; x_wconf 90' lang='lat' dir='ltr'>addicarent,</span> <span class='ocrx_word' id='word_1_281' title='bbox 823 4043 971 4106; x_wconf 89' lang='lat' dir='ltr'>scientes</span> <span class='ocrx_word' id='word_1_282' title='bbox 988 4042 1078 4124; x_wconf 92' lang='lat' dir='ltr'>quod</span> <span class='ocrx_word' id='word_1_283' title='bbox 1098 4042 1212 4106; x_wconf 89' lang='lat' dir='ltr'>anima</span> <span class='ocrx_word' id='word_1_284' title='bbox 1227 4043 1388 4124; x_wconf 88' lang='lat' dir='ltr'>spiritua·</span> 
     </span>
     <span class='ocr_line' id='line_1_34' title="bbox 270 4131 1387 4219; baseline 0.009 -25"><span class='ocrx_word' id='word_1_285' title='bbox 270 4131 311 4195; x_wconf 90' lang='lat' dir='ltr'>lis</span> <span class='ocrx_word' id='word_1_286' title='bbox 334 4134 388 4196; x_wconf 92' lang='lat' dir='ltr'>sit.</span> <span class='ocrx_word' id='word_1_287' title='bbox 443 4133 541 4198; x_wconf 93' lang='lat' dir='ltr'>Nunc</span> <span class='ocrx_word' id='word_1_288' title='bbox 572 4137 650 4218; x_wconf 89' lang='lat' dir='ltr'>quia</span> <span class='ocrx_word' id='word_1_289' title='bbox 679 4137 729 4199; x_wconf 91' lang='lat' dir='ltr'>ita</span> <span class='ocrx_word' id='word_1_290' title='bbox 757 4145 988 4219; x_wconf 91' lang='lat' dir='ltr'>conceperunt</span> <span class='ocrx_word' id='word_1_291' title='bbox 1018 4137 1178 4212; x_wconf 88' lang='lat' dir='ltr'>animam,</span> <span class='ocrx_word' id='word_1_292' title='bbox 1203 4147 1239 4202; x_wconf 92' lang='lat' dir='ltr'>et</span> <span class='ocrx_word' id='word_1_293' title='bbox 1270 4147 1387 4204; x_wconf 88' lang='lat' dir='ltr'>tamen</span> 
     </span>
     <span class='ocr_line' id='line_1_35' title="bbox 271 4229 1386 4316; baseline 0.005 -25"><span class='ocrx_word' id='word_1_294' title='bbox 271 4238 391 4292; x_wconf 90' lang='lat' dir='ltr'>notum</span> <span class='ocrx_word' id='word_1_295' title='bbox 410 4229 478 4292; x_wconf 92' lang='lat' dir='ltr'>illis</span> <span class='ocrx_word' id='word_1_296' title='bbox 497 4230 558 4294; x_wconf 90' lang='lat' dir='ltr'>luit</span> <span class='ocrx_word' id='word_1_297' title='bbox 578 4232 669 4312; x_wconf 93' lang='lat' dir='ltr'>quod</span> <span class='ocrx_word' id='word_1_298' title='bbox 689 4231 803 4294; x_wconf 91' lang='lat' dir='ltr'>anima</span> <span class='ocrx_word' id='word_1_299' title='bbox 821 4242 981 4313; x_wconf 91' lang='lat' dir='ltr'>operetur</span> <span class='ocrx_word' id='word_1_300' title='bbox 999 4232 1032 4295; x_wconf 91' lang='lat' dir='ltr'>in</span> <span class='ocrx_word' id='word_1_301' title='bbox 1052 4252 1186 4315; x_wconf 91' lang='lat' dir='ltr'>corpus,</span> <span class='ocrx_word' id='word_1_302' title='bbox 1204 4242 1240 4297; x_wconf 90' lang='lat' dir='ltr'>et</span> <span class='ocrx_word' id='word_1_303' title='bbox 1260 4234 1386 4316; x_wconf 93' lang='lat' dir='ltr'>produ·</span> 
     </span>
     <span class='ocr_line' id='line_1_36' title="bbox 270 4325 1388 4412; baseline 0.007 -25"><span class='ocrx_word' id='word_1_304' title='bbox 270 4334 327 4389; x_wconf 90' lang='lat' dir='ltr'>cat</span> <span class='ocrx_word' id='word_1_305' title='bbox 355 4327 470 4388; x_wconf 90' lang='lat' dir='ltr'>omnia</span> <span class='ocrx_word' id='word_1_306' title='bbox 493 4325 574 4407; x_wconf 87' lang='lat' dir='ltr'>ejus,</span> <span class='ocrx_word' id='word_1_307' title='bbox 599 4347 685 4410; x_wconf 89' lang='lat' dir='ltr'>quae</span> <span class='ocrx_word' id='word_1_308' title='bbox 715 4327 759 4390; x_wconf 91' lang='lat' dir='ltr'>ad</span> <span class='ocrx_word' id='word_1_309' title='bbox 789 4347 926 4390; x_wconf 92' lang='lat' dir='ltr'>sensum</span> <span class='ocrx_word' id='word_1_310' title='bbox 953 4338 988 4391; x_wconf 89' lang='lat' dir='ltr'>et</span> <span class='ocrx_word' id='word_1_311' title='bbox 1019 4329 1062 4392; x_wconf 91' lang='lat' dir='ltr'>ad</span> <span class='ocrx_word' id='word_1_312' title='bbox 1094 4339 1225 4394; x_wconf 91' lang='lat' dir='ltr'>motum</span> <span class='ocrx_word' id='word_1_313' title='bbox 1249 4328 1320 4412; x_wconf 84' lang='lat' dir='ltr'>ejus</span> <span class='ocrx_word' id='word_1_314' title='bbox 1349 4349 1388 4395; x_wconf 88' lang='lat' dir='ltr'>se</span> 
     </span>
     <span class='ocr_line' id='line_1_37' title="bbox 269 4419 1388 4508; baseline 0.01 -28"><span class='ocrx_word' id='word_1_315' title='bbox 269 4419 429 4495; x_wconf 86' lang='lat' dir='ltr'>referunt,</span> <span class='ocrx_word' id='word_1_316' title='bbox 449 4422 528 4484; x_wconf 91' lang='lat' dir='ltr'>ideo</span> <span class='ocrx_word' id='word_1_317' title='bbox 551 4423 729 4496; x_wconf 90' lang='lat' dir='ltr'>sudarunt,</span> <span class='ocrx_word' id='word_1_318' title='bbox 750 4432 787 4486; x_wconf 94' lang='lat' dir='ltr'>ut</span> <span class='ocrx_word' id='word_1_319' title='bbox 811 4421 938 4485; x_wconf 71' lang='lat' dir='ltr'>dietum</span> <span class='ocrx_word' id='word_1_320' title='bbox 958 4433 1023 4493; x_wconf 87' lang='lat' dir='ltr'>est.</span> <span class='ocrx_word' id='word_1_321' title='bbox 1044 4425 1077 4486; x_wconf 94' lang='lat' dir='ltr'>in</span> <span class='ocrx_word' id='word_1_322' title='bbox 1102 4425 1320 4508; x_wconf 89' lang='lat' dir='ltr'>inquisitione</span> <span class='ocrx_word' id='word_1_323' title='bbox 1343 4427 1388 4490; x_wconf 87' lang='lat' dir='ltr'>de</span> 
     </span>
     <span class='ocr_line' id='line_1_38' title="bbox 269 4515 1387 4600; baseline 0.008 -24"><span class='ocrx_word' id='word_1_324' title='bbox 269 4515 470 4596; x_wconf 88' lang='lat' dir='ltr'>operatione</span> <span class='ocrx_word' id='word_1_325' title='bbox 489 4517 622 4579; x_wconf 90' lang='lat' dir='ltr'>animae</span> <span class='ocrx_word' id='word_1_326' title='bbox 645 4518 679 4578; x_wconf 96' lang='lat' dir='ltr'>in</span> <span class='ocrx_word' id='word_1_327' title='bbox 699 4536 831 4599; x_wconf 91' lang='lat' dir='ltr'>corpus,</span> <span class='ocrx_word' id='word_1_328' title='bbox 852 4537 952 4600; x_wconf 87' lang='lat' dir='ltr'>quarn</span> <span class='ocrx_word' id='word_1_329' title='bbox 972 4519 1110 4600; x_wconf 89' lang='lat' dir='ltr'>quidam</span> <span class='ocrx_word' id='word_1_330' title='bbox 1130 4519 1293 4584; x_wconf 89' lang='lat' dir='ltr'>dixerunt</span> <span class='ocrx_word' id='word_1_331' title='bbox 1315 4519 1387 4586; x_wconf 88' lang='lat' dir='ltr'>lieri</span> 
     </span>
     <span class='ocr_line' id='line_1_39' title="bbox 269 4609 1385 4698; baseline 0.006 -26"><span class='ocrx_word' id='word_1_332' title='bbox 269 4628 330 4690; x_wconf 89' lang='lat' dir='ltr'>per</span> <span class='ocrx_word' id='word_1_333' title='bbox 355 4609 531 4686; x_wconf 85' lang='lat' dir='ltr'>influxum,</span> <span class='ocrx_word' id='word_1_334' title='bbox 555 4621 591 4674; x_wconf 92' lang='lat' dir='ltr'>et</span> <span class='ocrx_word' id='word_1_335' title='bbox 621 4611 757 4693; x_wconf 91' lang='lat' dir='ltr'>quidam</span> <span class='ocrx_word' id='word_1_336' title='bbox 782 4632 841 4694; x_wconf 91' lang='lat' dir='ltr'>per</span> <span class='ocrx_word' id='word_1_337' title='bbox 869 4613 1093 4678; x_wconf 88' lang='lat' dir='ltr'>harmoniam.</span> <span class='ocrx_word' id='word_1_338' title='bbox 1138 4613 1206 4679; x_wconf 92' lang='lat' dir='ltr'>Sed</span> <span class='ocrx_word' id='word_1_339' title='bbox 1237 4617 1315 4698; x_wconf 93' lang='lat' dir='ltr'>quia</span> <span class='ocrx_word' id='word_1_340' title='bbox 1338 4617 1385 4680; x_wconf 91' lang='lat' dir='ltr'>sic</span> 
     </span>
    </p>
   </div>
   <div class='ocr_carea' id='block_1_7' title="bbox 0 0 1728 5374">
    <p class='ocr_par' dir='ltr' id='par_1_8' title="bbox 0 0 1728 5374">
     <span class='ocr_line' id='line_1_40' title="bbox 0 0 1728 5374; baseline 0 3"><span class='ocrx_word' id='word_1_341' title='bbox 0 0 1728 5374; x_wconf 95' lang='lat' dir='ltr'> </span> 
     </span>
    </p>
   </div>
  </div>
 </body>
</html>
