3418 5368
481 639 531 690 Da
555 637 691 690 mvuvn
715 635 1067 686 PROV1nuNT1n.-N.
1089 623 1157 684 182.
1319 635 1378 702 127

252 811 465 878 naturalibus
484 810 738 893 operationibus
758 807 924 891 corporis,
946 807 1129 871 dicendum
1149 807 1194 870 sit
1218 807 1260 870 de
1280 807 1377 890 spiri-

250 909 403 973 tualibus
420 907 677 990 operationibus
694 906 840 984 mentis;
866 903 1009 988 proinde
1029 904 1117 966 sicut
1135 902 1241 966 homo
1260 903 1376 985 dispo·

251 1004 305 1069 nit
325 1013 482 1078 externa,
503 1003 671 1066 Dominus
690 1002 850 1084 disponat
869 1002 1016 1074 interna,
1036 999 1085 1062 ita
1103 998 1205 1062 aliter
1222 999 1250 1060 si
1272 998 1378 1063 homo

250 1100 407 1182 disponit
424 1108 572 1162 ¹externa
591 1120 611 1161 a
630 1118 679 1173 se,
699 1107 735 1162 et
754 1098 856 1162 aliter
874 1097 902 1160 si
922 1096 1074 1178 disponit
1092 1105 1238 1158 externa
1261 1115 1281 1158 a
1304 1095 1377 1159 Do·

251 1195 347 1260 mino
366 1204 401 1258 et
421 1193 521 1257 simul
540 1193 601 1257 illa
619 1194 708 1258 sicut
727 1215 747 1256 a
767 1214 814 1257 se.
860 1192 961 1256 Mens
981 1191 1128 1255 hominis
1144 1192 1250 1254 etiam
1270 1201 1323 1254 est
1343 1193 1377 1255 in

250 1291 347 1354 omni
370 1290 478 1354 forma
496 1290 623 1369 hom0;
654 1298 708 1353 est
732 1291 822 1354 enim
841 1289 983 1372 spiritus
1003 1286 1085 1370 ejus,
1106 1289 1162 1370 qui
1186 1296 1266 1368 post
1286 1308 1378 1351 mor·

251 1395 325 1450 tem
343 1395 485 1469 apparet
500 1386 605 1450 homo
620 1405 758 1468 prorsus
774 1387 863 1450 sicut
881 1387 916 1449 in
932 1386 1080 1463 mundo;
1104 1395 1140 1448 et
1159 1383 1240 1446 inde
1255 1382 1379 1447 similia

251 1482 387 1544 suntin
406 1492 570 1565 utroque:
595 1491 631 1546 et
655 1483 701 1544 sic
722 1482 812 1564 quod
833 1502 920 1564 quae
939 1478 1031 1544 dit'ta
1050 1491 1129 1544 sunt
1150 1481 1192 1543 de
1213 1481 1377 1562 conjunc-

250 1578 347 1640 tione
370 1587 594 1642 externorum
619 1597 694 1640 cum
719 1579 862 1641 internis
886 1578 919 1640 in
943 1597 1097 1660 corpore,
1122 1578 1226 1639 etiam
1251 1576 1378 1640 intelli·

250 1673 370 1756 genda
393 1674 462 1737 sint
495 1675 538 1737 de
569 1671 806 1755 conjunt'tione
830 1685 1054 1737 externorum
1077 1693 1154 1736 curn
1178 1675 1321 1736 internis
1343 1675 1378 1737 in

252 1780 390 1833 mente:
422 1789 498 1832 cum
521 1769 596 1832 sola
619 1769 821 1843 differentia,
839 1768 931 1851 quod
955 1788 1057 1832 unum
1081 1769 1127 1833 sit
1151 1769 1320 1846 naturale,
1341 1779 1378 1835 et

250 1865 400 1928 alterum
420 1864 604 1946 spirituale.

317 1958 411 2025 182.
436 1959 510 2042 (iii.)
534 1960 630 2038 Quod
642 1962 778 2023 siltomo
791 1959 968 2040 manifeste
976 1959 1106 2023 tolleret
1115 1959 1278 2024 Divinam
1289 1959 1375 2024 Pro-

250 2054 447 2131 videntiam,
466 2057 522 2118 vel
534 2068 670 2138 negaret
683 2056 797 2126 Deum,
819 2055 874 2118 vel
884 2056 1018 2135 faceret
1039 2076 1075 2118 se
1096 2054 1378 2124 Deum-Homo

252 2171 346 2216 mere
371 2152 535 2215 naturalis
560 2172 674 2214 secum
700 2153 792 2222 dicit,
819 2150 940 2232 “Quid
977 2151 1101 2214 Divina
1133 2151 1378 2216 Providentia?

253 2245 346 2310 Num
366 2248 456 2310 aliud
475 2258 534 2310 aut
554 2248 630 2330 plus
647 2268 748 2329 quam
769 2269 837 2310 vox
858 2249 947 2329 apud
966 2247 1090 2328 vulgus
1109 2268 1154 2309 ex
1172 2248 1379 2312 sacerdote?

252 2343 340 2425 Quis
358 2344 443 2407 vidit
462 2343 588 2426 aliquid
608 2343 704 2424 ejus?
750 2341 882 2406 Suntne
908 2343 1099 2425 prudentia,
1120 2345 1301 2424 sapientia,
1322 2365 1377 2406 as-

251 2440 341 2504 tutia
358 2449 394 2502 et
411 2439 552 2513 malitia,
570 2460 614 2501 ex
632 2439 752 2521 quibus
768 2439 882 2501 omnia
898 2439 930 2500 in
948 2438 1076 2501 mundo
1093 2436 1186 2501 fiunt.
1234 2437 1378 2521 Reliqua

250 2536 333 2601 inde
350 2555 464 2599 nonne
480 2545 559 2598 sunt
577 2535 805 2598 necessitates
822 2545 856 2596 et
878 2533 1167 2615 consequentiae?
1189 2542 1225 2596 et
1244 2554 1378 2616 quoque

252 2632 351 2715 plura
368 2630 634 2713 contingentia?
679 2629 769 2692 Num
787 2629 912 2692 Divina
929 2629 1147 2692 Providentia
1165 2631 1198 2692 in
1219 2629 1270 2692 his
1291 2630 1378 2695 latet

251 2727 398 2791 abdita?
443 2726 628 2809 Quomodo
645 2736 762 2810 potest
782 2725 921 2788 indolis
941 2735 976 2789 et
996 2724 1151 2789 astibus?
1196 2724 1243 2790 Et
1260 2736 1378 2791 tamen

251 2825 390 2898 dicitur,
410 2825 500 2907 quod
523 2823 649 2886 Divina
669 2823 886 2887 Providentia
903 2834 1063 2906 operetur
1079 2824 1215 2886 omnia:
1240 2824 1291 2887 lac
1313 2827 1378 2888 ita·

251 2940 320 3002 que
351 2920 433 2982 mihi
456 2921 572 2982 videre
595 2919 701 2993 illam,
725 2928 760 2982 et
785 2920 923 2982 credam
944 2918 1061 2996 illam;
1096 2939 1176 2982 num
1200 2921 1378 3002 quisquam

253 3024 373 3097 potest
393 3016 533 3078 credere
550 3014 644 3078 illam
666 3015 755 3096 prius
766 3013 796 3076 ?”
837 3019 894 3080 [2.]
919 3013 974 3076 Ita
993 3013 1143 3097 loquitur
1161 3015 1266 3077 homo
1286 3036 1378 3080 mere

252 3110 440 3187 naturalis;
466 3111 566 3174 aliter
589 3132 671 3174 vero
694 3111 845 3194 loquitur
868 3109 973 3174 homo
993 3109 1196 3192 spiritualis;
1224 3110 1277 3174 hic
1302 3113 1380 3193 quia

251 3208 415 3287 agnoscit
433 3207 555 3281 Deum,
573 3207 678 3269 etiam
695 3205 857 3287 agnoscit
879 3205 1038 3268 Divinam
1059 3204 1325 3280 Providentiam,
1343 3219 1378 3270 et

251 3323 388 3386 quoque
412 3302 505 3366 illam
529 3303 635 3365 videt.
681 3299 749 3366 Sed
773 3302 801 3363 is
825 3321 894 3364 non
918 3311 1034 3383 potest
1058 3301 1278 3367 manifestare
1302 3325 1379 3368 eam
1434 3355 1437 3360 .

251 3397 355 3462 alicui
374 3398 430 3481 qui
450 3418 519 3462 non
539 3399 673 3480 cogitat
694 3398 756 3460 nisi
776 3398 810 3459 in
831 3406 953 3460 natura
973 3419 1018 3462 ex
1039 3408 1182 3475 natura;
1213 3398 1267 3462 hic
1287 3400 1378 3462 enim

251 3514 321 3556 non
340 3503 456 3576 potest
471 3512 574 3575 supra
589 3493 683 3556 illam
700 3493 836 3556 elevare
854 3502 1018 3569 mentem,
1033 3513 1072 3555 ac
1091 3493 1206 3556 videre
1223 3494 1255 3556 in
1273 3515 1378 3578 appa-

251 3591 374 3652 rentiis
398 3589 468 3672 ejus
492 3589 617 3672 aliquid
651 3588 797 3653 Divinae
821 3589 1072 3664 Providentiae,
1097 3601 1156 3653 aut
1182 3590 1225 3654 de
1251 3591 1311 3654 illa
1334 3613 1379 3655 ex

252 3683 389 3767 legibus
402 3686 483 3767 ejus,
495 3707 580 3769 quae
593 3686 697 3748 etiam
709 3696 788 3748 sunt
803 3686 899 3767 leges
913 3686 1059 3750 Divinae
1072 3686 1280 3770 Sapientiae,
1295 3709 1379 3752 con·

250 3781 413 3846 cludere:
434 3803 538 3865 quare
558 3782 585 3844 si
604 3781 698 3844 illam
715 3782 897 3845 manifeste
914 3784 1057 3858 videret,
1071 3783 1265 3846 infunderet
1285 3784 1380 3848 illam

251 3889 409 3953 naturae,
424 3889 459 3942 et
473 3879 520 3941 sic
534 3877 628 3940 illam
643 3897 711 3939 non
726 3878 830 3941 modo
842 3875 985 3941 fallaciis
999 3879 1189 3955 obvelaret,
1200 3881 1260 3943 sed
1274 3881 1380 3943 etiam

252 3974 473 4057 profanaret3
498 3982 533 4038 et
554 3973 632 4035 loco
650 3973 740 4055 quod
761 3983 968 4055 agnosceret
988 3973 1093 4048 illam,
1108 3985 1253 4055 negaret
1273 3975 1379 4050 illam,

250 4078 290 4132 et
317 4071 374 4152 qui
402 4068 561 4133 Divinam
586 4069 841 4132 Providentiam
866 4069 970 4132 corde
993 4079 1111 4150 negat,
1136 4071 1243 4133 etiam
1267 4070 1379 4135 Deum

250 4174 371 4246 negat.
419 4177 477 4242 [³.]
504 4163 583 4229 Sive
600 4165 821 4244 cogitabitur,
835 4165 926 4247 quod
944 4163 1037 4228 Deus
1053 4174 1153 4246 regat
1170 4167 1296 4240 omnia,
1308 4167 1380 4230 sive

249 4261 346 4343 quod
366 4270 488 4324 natura
500 4283 508 4340 ;
532 4261 588 4343 qui
608 4261 741 4341 cogitat
761 4262 852 4342 quod
873 4260 967 4324 Deus
987 4271 1085 4341 regat
1102 4261 1226 4337 omnia,
1245 4262 1381 4343 cogitat

248 4356 346 4438 quod
367 4357 439 4439 ipse
455 4355 567 4422 Amor
585 4367 620 4420 et
640 4357 713 4439 ipsa
729 4355 915 4439 Sapientia,
936 4357 986 4420 ita
1004 4357 1078 4438 ipsa
1094 4355 1199 4434 Vita;
1223 4358 1280 4440 qui
1299 4378 1382 4421 vero

249 4453 389 4534 cogitat
411 4453 503 4534 quod
528 4461 649 4517 natura
673 4464 772 4535 regat
796 4453 923 4528 omnia,
944 4453 1080 4535 cogitat
1104 4452 1195 4536 quod
1215 4452 1381 4518 naturalis

253 4548 349 4611 calor
365 4558 400 4611 et
421 4548 585 4612 naturalis
602 4548 674 4622 lux,
695 4570 781 4631 quae
798 4559 915 4612 tamen
936 4550 969 4612 in
989 4570 1026 4612 se
1043 4560 1178 4612 mortua
1197 4559 1289 4624 sunt,
1303 4551 1382 4633 quia

249 4665 274 4708 a
286 4644 359 4707 sole
371 4656 516 4709 mortuo.
562 4645 692 4709 Annon
703 4647 813 4720 ipsum
825 4647 937 4709 vivum
951 4647 1040 4722 regit
1054 4647 1250 4710 mortuum?
1291 4645 1381 4710 Num
