3418 5370
548 663 599 714 os
624 664 761 716 orvrun
784 661 1138 717 nnovroauma-u
1159 648 1230 732 296.
1389 665 1448 729 241

319 852 407 916 quae
423 832 458 896 in
476 831 627 896 Domino
640 846 732 911 sunt,
746 846 782 900 et
800 857 820 899 a
836 834 986 899 Domino
999 833 1204 919 procedunt,
1218 831 1352 897 infinita
1367 834 1449 908 sint,

320 948 423 1010 supra
440 925 488 1010 (n.
508 927 643 1014 4d69,)
661 941 840 994 ostensum
857 943 910 994 est
925 954 933 1010 ;
957 941 992 994 et
1012 950 1147 1013 quoque
1165 930 1200 992 in
1217 925 1451 993 transaetione

317 1023 371 1086 De
385 1023 510 1087 Divino
524 1023 652 1089 Amore
670 1037 702 1089 et
720 1025 849 1088 Divina
866 1025 1043 1108 Sapientia
1064 1024 1111 1106 (n.
1136 1023 1265 1107 17-22).

384 1135 484 1206 295.
510 1120 573 1204 (ii.)
602 1121 700 1200 Quod
712 1121 796 1185 mali
808 1142 843 1184 se
858 1121 949 1203 ip505
961 1120 1110 1183 continue
1120 1119 1282 1182 inducant
1295 1119 1330 1182 in
1348 1117 1450 1194 mala,

320 1216 385 1280 sed
402 1216 494 1297 quod
510 1215 676 1280 Dominus
700 1216 775 1280 illos
797 1216 947 1280 continue
962 1215 1106 1279 abducat
1128 1237 1150 1278 a
1172 1213 1452 1296 malis—Qualis

322 1311 449 1376 Divina
468 1312 690 1378 Providentia
709 1323 764 1376 est
783 1314 873 1396 apud
894 1313 1016 1388 bonos,
1036 1311 1168 1375 facilius
1187 1309 1451 1392 comprehendi·

323 1417 387 1483 tur,
408 1427 511 1492 quam
534 1409 644 1492 qualis
674 1420 729 1474 est
754 1411 844 1492 apud
872 1408 1001 1472 malos:
1033 1417 1069 1472 et
1096 1408 1174 1490 quia
1199 1407 1242 1471 de
1270 1406 1333 1471 hac
1362 1426 1451 1470 nunc

322 1506 447 1586 agitur,
465 1505 600 1569 dicetur
617 1505 652 1569 in
671 1505 736 1570 hac
756 1507 861 1569 serie:
889 1503 950 1588 (1.)
979 1503 1082 1586 Quod
1101 1502 1363 1566 innumerabilia
1382 1504 1452 1566 sint

322 1601 357 1662 in
381 1602 573 1684 unoquovis
593 1602 696 1665 malo.
744 1600 805 1684 (a.)
831 1600 934 1683 Quod
954 1601 1064 1663 malus
1087 1601 1121 1662 in
1146 1621 1207 1663 sua
1230 1598 1321 1662 mala
1345 1619 1382 1662 se
1405 1618 1452 1661 ex

323 1716 360 1758 se
376 1698 540 1760 continue
561 1698 760 1780 profundius
779 1698 932 1761 inducat.
980 1695 1040 1780 (3.)
1066 1695 1168 1777 Quod
1189 1695 1315 1758 Divina
1334 1694 1453 1758 Provi-

323 1792 443 1857 dentia
467 1812 545 1856 cum
565 1793 664 1856 malis
688 1795 733 1856 sit
757 1795 922 1856 continua
940 1793 1022 1856 mali
1042 1793 1234 1874 permissio,
1255 1791 1300 1854 ob
1323 1789 1389 1852 fine
1414 1797 1452 1852 ut

323 1887 369 1952 sit
399 1889 565 1952 continua
589 1886 759 1953 abductio.
807 1888 869 1972 (4.)
905 1887 1008 1971 Quod
1032 1884 1194 1952 abdufflo
1221 1907 1241 1950 a
1272 1885 1365 1949 malo
1391 1882 1453 1950 fiat

323 1983 418 2047 mille
438 1984 561 2058 modis,
582 1985 688 2047 etiam
708 1986 950 2060 arcanissimis,
970 2004 991 2047 a
1010 1982 1172 2047 Domino.

387 2078 490 2159 296.
514 2078 565 2143 Ut
581 2081 698 2162 itaque
712 2080 838 2144 Divina
849 2080 1069 2144 Providentia
1081 2099 1159 2143 cum
1172 2077 1272 2141 malis
1289 2073 1454 2141 distincte

324 2173 541 2256 percipiatur,
555 2184 591 2239 et
608 2176 656 2238 sic
674 2177 1001 2259 comprehendatur,
1015 2175 1226 2258 explicanda
1242 2183 1322 2238 sunt
1334 2192 1454 2257 supra·

325 2266 417 2332 dicia
446 2269 479 2330 in
511 2269 572 2332 illa
594 2272 693 2348 serie,
718 2272 751 2335 in
783 2293 849 2355 qua
872 2271 981 2335 allata
1004 2281 1096 2334 sunt.
1142 2270 1312 2334 Primum:
1354 2264 1457 2346 Quod

323 2363 584 2428 innumerabilia
599 2366 670 2428 sint
691 2367 725 2430 in
748 2368 930 2450 unoquovis
949 2367 1045 2430 mala.
1090 2365 1356 2449 Unumquodvis
1380 2385 1455 2433 rna·

324 2458 395 2524 lum
411 2471 557 2543 apparet
574 2481 689 2525 coram
705 2463 844 2527 homine
860 2465 948 2526 sicut
966 2482 1070 2525 unum
1084 2463 1233 2545 simplex
1249 2483 1257 2542 ;
1281 2463 1329 2526 sic
1347 2483 1456 2546 appa·

324 2564 377 2619 ret
395 2556 511 2619 odium
535 2566 572 2620 et
594 2555 757 2634 vinditia,
777 2560 824 2622 sic
848 2558 975 2622 surtum
999 2567 1034 2622 et
1058 2557 1160 2634 fraus,
1181 2559 1228 2621 sic
1248 2557 1455 2626 adulterium

324 2659 361 2714 et
379 2652 559 2727 scortatio,
581 2653 628 2716 sic
650 2655 809 2736 superbia
828 2664 864 2718 et
883 2653 991 2718 elatio
1008 2653 1124 2730 animi,
1136 2664 1284 2736 ,praeter
1302 2654 1434 2737 reliqua
1445 2674 1456 2736 ;

324 2755 361 2810 et
381 2767 450 2809 non
470 2749 576 2811 scitur
595 2750 687 2832 quod
707 2751 740 2813 in
760 2751 952 2832 unoquovis
971 2750 1064 2813 malo
1083 2751 1152 2814 sint
1170 2750 1433 2814 innumerabilia
1444 2771 1455 2833 ;

325 2851 405 2906 sunt
429 2842 526 2924 plura
550 2864 652 2925 quam
676 2845 709 2908 in
729 2845 877 2909 hominis
896 2865 1041 2928 corpore
1061 2855 1141 2908 sunt
1160 2843 1266 2909 fibrae
1288 2855 1325 2910 et
1348 2864 1454 2912 vasa:

324 2946 379 3001 est
398 2939 489 3001 enim
508 2938 614 3002 homo
634 2940 745 3004 malus
763 2942 797 3004 in
817 2942 957 3005 minima
973 2941 1084 3005 sorma
1098 2940 1278 3016 infernum,
1292 2961 1332 3004 ac
1352 2941 1455 3005 inser·

325 3053 405 3096 num
431 3035 592 3097 consistit
620 3057 666 3098 ex
690 3037 901 3117 myriadibus
919 3036 1134 3118 myriadum,
1159 3045 1195 3099 et
1224 3038 1456 3119 unusquisque

324 3129 370 3192 ibi
389 3140 443 3192 est
463 3130 497 3193 in
517 3129 626 3193 torma
642 3131 730 3195 sicut
747 3131 853 3196 homo
869 3133 1012 3197 tametsi
1029 3141 1259 3206 monstrosus,
1276 3152 1316 3195 ac
1333 3151 1456 3196 omnes

325 3223 429 3289 fibrae
446 3245 486 3289 ac
504 3227 620 3289 omnia
635 3247 718 3290 vasa
737 3227 771 3291 in
791 3228 851 3290 illo
870 3238 950 3292 sunt
969 3229 1126 3305 inversa;
1154 3228 1227 3308 ipse
1243 3227 1380 3309 spiritus
1399 3235 1456 3293 est

325 3320 465 3396 malum,
490 3341 661 3404 apparens
684 3323 748 3386 sibi
771 3325 859 3388 sicut
879 3344 1002 3402 unum;
1030 3323 1090 3386 sed
1115 3332 1171 3386 tot
1192 3322 1456 3388 innumerabilia

325 3426 409 3500 quot
430 3418 463 3480 in
483 3416 544 3480 illo
564 3426 656 3494 sunt,
674 3426 728 3482 tot
747 3429 827 3484 sunt
846 3418 1147 3500 concupiscentiae
1164 3416 1255 3481 illius
1273 3417 1376 3496 mali;
1400 3425 1455 3484 est

324 3515 417 3576 enim
433 3514 575 3596 quisque
593 3513 698 3577 homo
714 3535 812 3578 suum
825 3514 953 3578 malum
969 3523 1030 3578 aut
1044 3533 1143 3576 suum
1159 3512 1287 3577 bonum
1302 3534 1324 3576 a
1338 3514 1453 3595 capite

324 3609 369 3672 ad
385 3609 499 3672 volam
514 3600 622 3692 pedis.
663 3609 749 3674 Cum
762 3611 879 3694 itaque
891 3609 972 3674 talis
984 3619 1039 3673 est
1051 3608 1174 3684 malus,
1188 3617 1288 3690 patet
1300 3609 1393 3691 quod
1408 3610 1455 3672 sit

326 3723 428 3786 unum
446 3704 574 3768 malum
595 3707 827 3788 compositum
846 3727 892 3770 ex
911 3707 1013 3769 variis
1031 3703 1348 3780 innumerabilibus,
1365 3725 1455 3788 quae

325 3797 488 3865 distintie
506 3801 597 3864 mala
610 3811 701 3877 sunt,
715 3812 751 3866 et
764 3812 933 3866 vocantur
946 3799 1246 3883 concupiscentiae
1259 3799 1352 3864 mali.
1396 3799 1454 3864 Ex

324 3895 377 3961 bis
408 3897 570 3980 sequitur,
593 3898 684 3980 quod
708 3898 767 3961 illa
790 3899 907 3962 omnia
935 3897 970 3961 in
1001 3897 1122 3961 ordine
1155 3897 1189 3959 in
1220 3915 1288 3978 quo
1317 3904 1409 3970 sunt,
1433 3916 1455 3960 a

326 3992 478 4057 Domino
494 3994 687 4076 reparanda
699 4003 735 4058 et
752 3992 991 4058 convertenda
1005 3993 1086 4066 sint,
1101 4000 1139 4057 ut
1154 3991 1261 4055 homo
1277 3990 1455 4055 reformari

324 4089 447 4171 possit,
466 4099 504 4153 et
524 4089 617 4173 quod
636 4089 702 4154 hoc
727 4111 795 4154 non
815 4089 885 4153 lieri
904 4089 1015 4172 possit
1034 4089 1099 4152 nisi
1117 4109 1178 4170 per
1198 4087 1358 4152 Divinam
1379 4087 1453 4150 Do·

325 4187 406 4251 mini
441 4186 702 4252 Providentiam
735 4188 930 4250 successive
962 4207 983 4249 a
1011 4186 1122 4270 prima
1154 4193 1273 4249 aetate
1304 4183 1455 4248 hominis

325 4305 430 4366 usque
455 4283 499 4348 ad
519 4283 678 4348 ultimam
701 4281 784 4365 ejus.
831 4296 888 4360 [m]
919 4279 1043 4346 Omnis
1066 4280 1349 4362 concupiscentia
1371 4278 1455 4344 mali

324 4380 357 4442 in
391 4380 524 4444 inferno
563 4388 720 4463 apparet,
760 4397 837 4443 cum
870 4387 1162 4461 repraesentatur,
1197 4377 1287 4440 sicut
1324 4375 1455 4440 animal

325 4479 479 4551 noxium,
501 4487 538 4540 ut
558 4475 613 4539 vel
638 4477 725 4539 sicut
747 4475 863 4550 draco,
884 4474 938 4538 vel
962 4475 1050 4538 'sicut
1070 4473 1261 4548 basiliscus,
1283 4471 1339 4536 vel
1363 4471 1453 4537 sicut

324 4577 451 4655 vipera,
474 4571 528 4635 vel
548 4572 635 4634 sicut
656 4570 759 4646 bubo,
777 4570 831 4634 vel
852 4571 939 4633 sicut
963 4569 1066 4643 ulula,
1088 4569 1191 4632 etsie
1212 4587 1335 4650 porro;
1358 4568 1452 4630 simi·

323 4671 404 4736 liter
420 4675 591 4751 apparent
603 4666 906 4749 concupiscentiae
919 4665 1000 4728 mali
1016 4664 1105 4748 apud
1122 4663 1297 4727 hominem
1311 4661 1452 4738 malum,
