3344 5402
501 680 551 730 ns
575 677 708 730 mvuvo
728 679 874 741 nuons,
895 677 988 728 enus
1011 676 1116 726 1.-u.
1139 678 1169 746 7.
1375 679 1393 744 3

337 869 378 938 5·
408 850 477 920 Sed
496 861 534 914 ut
553 850 618 914 hoc
638 846 904 913 inintellectum
923 850 1037 924 cadat,
1058 849 1197 910 omnino
1217 849 1393 910 sciendum

272 955 339 1021 est,
358 945 450 1029 quod
471 942 648 1017 Dominus,
668 943 746 1026 quia
769 951 823 1005 est
851 941 962 1004 Amor
992 942 1025 1003 in
1053 942 1126 1021 ipsa
1149 961 1209 1003 sua
1232 942 1392 1015 essentia,

273 1036 340 1104 hoc
360 1047 424 1112 est,
450 1034 593 1098 Divinus
614 1033 735 1108 Amor,
756 1043 922 1116 appareat
942 1052 1058 1096 coram
1078 1033 1213 1114 angelis
1243 1034 1276 1095 in
1297 1033 1395 1095 caelo

272 1131 362 1194 sicut
386 1125 457 1203 Sol,
478 1138 513 1191 et
537 1127 629 1210 quod
654 1147 699 1189 ex
721 1124 781 1188 illo
799 1123 881 1189 Sole
901 1125 1067 1206 procedat
1086 1124 1182 1188 calor
1200 1135 1236 1188 et
1268 1126 1338 1200 lux,
1359 1135 1395 1189 et

273 1222 364 1303 quod
381 1219 474 1284 calor
490 1220 569 1281 inde
586 1219 777 1301 procedens
796 1218 829 1280 in
849 1238 910 1280 sua
926 1219 1077 1280 essentia
1093 1217 1137 1279 sit
1154 1236 1260 1292 amor,
1279 1227 1313 1279 et
1335 1217 1394 1278 lux

274 1314 353 1380 inde
373 1311 566 1394 procedens
584 1312 698 1374 in'sua
717 1310 868 1373 essentia
888 1311 932 1372 sit
951 1310 1142 1391 sapientia;
1168 1320 1202 1373 et
1223 1309 1312 1390 quod
1333 1328 1394 1370 an-

272 1405 342 1485 geli
356 1413 520 1486 quantum
534 1404 738 1485 recipientes
751 1401 934 1484 spiritualis
947 1400 1037 1463 illius
1049 1400 1173 1464 caloris
1187 1410 1221 1463 et
1235 1401 1395 1482 spiritua·

273 1497 315 1561 lis
332 1495 421 1558 illius
440 1495 525 1558 lucis
544 1505 634 1570 sunt,
650 1503 786 1557 tantum
802 1495 871 1556 sint
888 1513 1022 1556 amores
1039 1503 1074 1556 et
1090 1494 1299 1574 sapientiae3
1325 1511 1395 1554 non

273 1607 409 1652 amores
428 1596 463 1650 et
483 1588 674 1668 sapientiae
690 1606 711 1648 a
730 1606 778 1661 se,
799 1586 860 1649 sed
879 1606 899 1648 a
919 1585 1078 1648 Domino.
1125 1584 1317 1666 Spiritualis
1336 1585 1396 1647 ille

272 1680 368 1744 calor
387 1689 422 1743 et
441 1678 627 1761 spiritualis
645 1677 705 1741 illa
724 1677 784 1740 lux
803 1697 873 1741 non
893 1677 997 1740 modo
1015 1677 1158 1740 influunt
1178 1679 1266 1759 apud
1287 1697 1393 1758 ange·

274 1772 326 1835 los
356 1781 393 1834 et
426 1770 578 1834 afficiunt
607 1769 697 1846 illos,
722 1771 783 1832 sed
811 1770 916 1833 etiam
947 1769 1091 1832 influunt
1118 1772 1208 1851 apud
1238 1769 1394 1832 homines

273 1875 308 1926 et
332 1862 485 1926 afficiunt
509 1862 599 1937 illos,
616 1882 754 1944 prorsus
773 1863 862 1924 sicut
885 1863 1090 1944 recipientes
1110 1861 1217 1938 fiunt;
1249 1871 1284 1923 et
1309 1863 1393 1923 reci·

273 1957 411 2040 pientes
434 1955 519 2018 liunt
541 1954 730 2017 secundum
754 1973 871 2017 eorum
895 1973 1047 2017 amorem
1078 1955 1111 2015 in
1136 1953 1332 2027 Dominum,
1357 1962 1393 2015 et

273 2065 425 2112 amorem
438 2066 521 2128 erga
534 2047 739 2128 proximum.
785 2045 863 2128 Ipse
879 2046 937 2109 ille
954 2045 1024 2120 Sol,
1039 2067 1098 2108 seu
1115 2043 1257 2108 Divinus
1271 2045 1392 2120 Amor,

273 2163 342 2206 non
363 2152 480 2226 potest
504 2163 564 2224 per
587 2161 684 2205 suum
707 2142 857 2204 calorem
881 2151 917 2204 et
941 2162 999 2223 per
1023 2161 1118 2204 suam
1144 2141 1254 2203 lucem
1279 2161 1394 2204 creare

272 2238 423 2321 aliquem
446 2238 642 2301 immediate
671 2258 715 2301 ex
744 2259 791 2312 se,
813 2239 860 2299 sic
891 2239 981 2300 enim
1009 2237 1097 2300 soret
1128 2236 1239 2299 Amor
1269 2239 1301 2299 in
1333 2257 1393 2298 sua

272 2335 435 2407 essentia,
454 2335 509 2416 qui
530 2344 584 2397 est
603 2333 681 2416 Ipse
702 2332 880 2406 Dominus,
899 2334 959 2396 sed
979 2342 1097 2414 potest
1114 2353 1229 2394 creare
1248 2353 1293 2394 ex
1313 2333 1392 2395 sub·

273 2430 410 2492 stantiis
429 2438 464 2492 et
485 2428 637 2491 materiis
657 2429 707 2491 ita
725 2429 881 2492 formatis
904 2438 940 2490 ut
960 2429 1111 2509 recipere
1130 2429 1264 2508 possint
1284 2429 1393 2509 ipsum

272 2525 422 2587 calorem
439 2535 475 2587 et
492 2525 602 2604 ipsam
616 2524 727 2587 lucem
743 2546 751 2601 ;
776 2525 1009 2604 comparative
1022 2525 1111 2586 sicut
1124 2523 1176 2586 sol
1191 2525 1307 2586 mundi
1325 2543 1393 2585 non

273 2629 393 2702 potest
412 2640 471 2702 per
491 2620 641 2683 calorem
660 2629 696 2683 et
715 2619 826 2683 lucem
846 2620 1043 2682 immediate
1060 2620 1246 2701 producere
1266 2621 1392 2700 germi-

273 2716 432 2778 nationes
451 2717 485 2777 in
502 2714 636 2788 tellure,
655 2716 714 2778 sed
735 2735 780 2778 ex
801 2716 950 2777 materiis
965 2715 1068 2788 humi,
1087 2715 1207 2796 quibus
1224 2735 1283 2796 per
1300 2715 1392 2777 calo·

273 2830 344 2874 rem
361 2819 397 2873 et
417 2811 526 2874 lucem
545 2820 661 2892 potest
679 2813 802 2884 inesse,
821 2822 857 2874 et
876 2813 1135 2892 vegetationem
1153 2813 1244 2873 dare.
1291 2809 1392 2890 Quod

274 2905 417 2968 Divinus
430 2905 541 2968 Amor
554 2905 693 2970 Domini
706 2915 871 2988 appareat
888 2917 924 2969 ut
943 2905 1002 2968 Sol
1019 2908 1052 2968 in
1070 2908 1198 2969 mundo
1214 2906 1390 2986 spirituali,

273 3010 309 3064 et
325 3000 415 3082 quod
433 3021 478 3064 ex
494 3001 554 3064 illo
571 3003 737 3084 procedat
752 3002 937 3083 spiritualis
950 3002 1045 3065 calor
1061 3011 1096 3064 et
1114 3001 1299 3083 spiritualis
1320 3002 1391 3076 lux,

274 3115 318 3158 ex
338 3096 458 3176 quibus
474 3096 607 3178 angelis
624 3107 677 3160 est
698 3117 794 3160 amor
814 3110 848 3161 et
869 3098 1049 3178 sapientia,
1068 3097 1225 3160 videatur
1240 3097 1273 3159 in
1290 3117 1392 3179 opere

274 3188 323 3252 De
344 3188 442 3254 Caelo
460 3202 492 3254 et
509 3192 646 3271 Inferna
668 3191 715 3274 (n.
733 3192 901 3274 116-140).

336 3289 380 3353 ⁶.
410 3284 495 3348 Cum
512 3289 626 3369 itaque
640 3288 743 3351 homo
761 3308 828 3349 non
845 3298 898 3350 est
915 3287 1010 3361 Vita,
1028 3287 1088 3350 sed
1106 3289 1272 3370 recipiens
1289 3289 1390 3361 vitae,

270 3383 424 3461 sequitur
444 3383 533 3463 quod
548 3383 730 3464 conceptio
746 3383 892 3445 hominis
912 3403 932 3444 a
951 3394 1048 3464 patre
1065 3402 1134 3444 non
1151 3384 1195 3446 sit
1212 3384 1392 3463 conceptio

271 3477 376 3548 vitae,
402 3479 462 3539 sed
487 3478 590 3540 modo
614 3479 797 3559 conceptio
822 3479 949 3558 primae
973 3487 1009 3540 et
1041 3479 1241 3559 purissimae
1264 3478 1393 3542 formae

273 3572 481 3652 receptibilis
502 3573 603 3644 vitae,
625 3574 676 3635 cui
696 3583 733 3635 ut
758 3574 895 3635 stamini
914 3581 972 3634 aut
989 3575 1208 3636 initiamento
1237 3575 1270 3636 in
1295 3584 1393 3635 utero

272 3669 467 3730 successive
486 3667 655 3731 accedunt
681 3669 895 3731 substantiae
918 3680 954 3731 et
978 3671 1144 3732 materiae
1163 3670 1197 3732 in
1215 3668 1330 3732 formis
1347 3668 1391 3730 ad

271 3763 504 3842 receptionem
522 3763 613 3824 vitae
630 3764 662 3824 in
680 3784 741 3825 suo
757 3765 874 3826 ordine
891 3775 927 3827 et
943 3765 976 3826 in
993 3786 1055 3827 suo
1071 3766 1180 3846 gradu
1192 3766 1392 3847 adaptatae.

1295 3851 1310 3874 .

470 3991 584 4073 Quon
608 3993 781 4059 D1vuvuu
805 4009 886 4059 Nou
910 4009 1032 4060 s1T1u
1056 4009 1200 4062 spano.

337 4191 376 4262 7·
407 4175 510 4260 Quod
534 4177 695 4242 Divinum
715 4200 775 4243 seu
794 4178 887 4243 Deus
907 4201 975 4244 non
995 4183 1039 4245 sit
1059 4183 1093 4245 in
1110 4183 1234 4267 spatio,
1253 4181 1393 4248 tametsi

272 4279 327 4336 est
360 4274 631 4354 omnipraesens,
665 4283 701 4337 et
734 4274 824 4356 apud
857 4279 1115 4359 unumquemvis
1148 4278 1322 4342 hominem
1357 4278 1392 4340 in

273 4360 412 4442 mundo,
433 4377 468 4431 et
486 4369 575 4450 apud
596 4371 857 4452 unumquemvis
877 4373 1038 4454 angelum
1063 4375 1096 4436 in
1115 4374 1224 4450 caelo,
1242 4383 1278 4437 et
1300 4372 1391 4455 apud

273 4465 534 4545 unumquemvis
558 4465 714 4546 spiritum
741 4466 804 4529 sub
832 4466 940 4544 caelo,
965 4488 1034 4532 non
1058 4477 1175 4551 potest
1198 4467 1276 4534 idea
1298 4487 1392 4532 mere

272 4556 420 4621 naturali
445 4560 700 4640 comprehendi,
725 4561 786 4624 sed
817 4573 933 4644 potest
964 4565 1040 4626 idea
1067 4563 1241 4646 spirituali.
1288 4559 1390 4644 Quod

271 4649 307 4716 id
332 4673 399 4716 non
421 4656 530 4729 possit
553 4655 630 4718 idea
650 4655 794 4721 naturali
815 4659 1069 4736 comprehendi,
1090 4671 1144 4724 est
1167 4661 1246 4738 quia
1274 4659 1309 4722 in
1331 4656 1391 4724 illa
