3268 5380
380 684 429 733 DE
453 683 588 733 DlVlNO
612 683 758 744 AMORL,
784 683 877 733 PARS
901 681 1030 731 tlh—N.
1056 669 1126 747 235.
1256 681 1310 748 125

194 951 312 1035 Quoo
332 951 514 1017 Domuus
530 967 579 1016 ns
602 965 785 1016 anserino
807 965 875 1017 ssu
892 952 1076 1033 Jsrrovmr
1099 965 1180 1016 nou
1197 965 1310 1017 roru-

323 1061 415 1112 sn1r
445 1061 596 1110 chenne
624 1061 846 1113 uruvsnsurr
877 1061 925 1111 ΕΤ
955 1060 1081 1111 orrum
1115 1061 1311 1127 EJUS,N181

321 1155 434 1207 esser
458 1141 588 1206 Hono

258 1327 356 1411 285·
389 1324 456 1408 Qui
486 1327 599 1390 ideam
629 1327 822 1391 naturalem
852 1346 1052 1408 corpoream
1085 1327 1129 1390 de
1163 1326 1239 1391 Deo
1272 1337 1310 1392 ut

196 1417 348 1482 Homine
367 1418 508 1495 habent,
528 1417 576 1481 illi
600 1439 737 1500 prorsus
756 1439 825 1482 non
844 1418 1133 1501 comprehendere
1152 1429 1309 1502 possunt,

195 1511 369 1593 quomodo
388 1508 483 1573 Deus
501 1519 539 1574 ut
560 1509 677 1574 Homo
696 1511 889 1575 universum
913 1520 949 1574 et
972 1511 1087 1574 omnia
1106 1510 1176 1591 ejus
1195 1531 1310 1575 creare

194 1603 368 1686 potuerit;
386 1603 546 1686 cogitant
565 1603 655 1666 enim
674 1621 800 1677 secum,
819 1600 1002 1684 Quomodo
1021 1612 1139 1685 potest
1158 1602 1252 1666 Deus
1271 1613 1309 1667 ut

196 1693 314 1759 Homo
330 1694 509 1778 pervagari
521 1695 714 1758 universum
730 1714 751 1758 a
766 1696 880 1776 spatio
893 1695 936 1756 ad
952 1695 1099 1776 spatium
1116 1705 1152 1758 et
1169 1694 1310 1759 creare?

194 1784 263 1849 Vel
285 1785 459 1869 quomodo
478 1795 595 1868 potest
619 1807 638 1850 e
668 1785 745 1850 loco
764 1807 826 1848 suo
845 1787 958 1849 dicere
983 1787 1133 1861 verbum,
1155 1796 1191 1851 et
1218 1787 1309 1870 quod

194 1897 271 1941 cum
291 1875 501 1953 dictumest,
522 1888 639 1942 creata
654 1878 745 1941 sint?
790 1877 890 1941 Talia
905 1878 1032 1941 cadunt
1058 1879 1092 1941 in
1119 1880 1213 1942 ideas
1233 1899 1310 1942 cum

192 1969 317 2033 dicitur
334 1969 425 2052 quod
449 1969 541 2032 Deus
560 1971 604 2032 sit
630 1969 757 2044 Homo,
778 1971 868 2051 apud
895 1969 973 2033 illos
995 1971 1052 2052 qui
1076 1971 1118 2034 de
1139 1971 1214 2034 Deo
1234 1971 1308 2036 Ho-

193 2063 286 2124 mine
298 2063 457 2142 cogitant
469 2061 623 2124 similiter
636 2072 674 2125 ut
687 2063 729 2125 de
742 2061 881 2126 homine
894 2063 1022 2136 mundi,
1034 2075 1069 2125 et
1082 2065 1138 2145 qui
1151 2065 1308 2144 cogitant

192 2154 238 2216 de
262 2152 338 2217 Deo
359 2175 405 2216 ex
428 2162 551 2217 natura
572 2163 609 2216 et
639 2152 709 2233 ejus
728 2155 882 2235 propriis,
903 2175 989 2237 quae
1012 2165 1091 2218 sunt
1114 2166 1250 2236 tempus
1273 2169 1308 2219 et

192 2247 350 2327 spatium.
396 2245 448 2312 At
466 2266 549 2308 vero
565 2243 614 2307 illi
630 2246 685 2326 qui
704 2246 747 2308 de
764 2244 839 2308 Deo
856 2243 1006 2308 Homine
1022 2266 1088 2310 non
1109 2267 1153 2309 ex
1171 2248 1309 2310 homine

191 2337 321 2412 mundi,
341 2346 377 2400 et
396 2356 465 2400 non
485 2358 529 2400 ex
549 2345 672 2399 natura
690 2347 725 2399 et
744 2336 815 2417 ejus
835 2338 947 2418 spatio
966 2357 1005 2399 ac
1025 2348 1192 2420 tempore,
1212 2340 1310 2420 cogi·

191 2438 279 2502 tant,
298 2427 388 2492 clare
404 2429 606 2511 percipiunt,
623 2429 715 2510 quod
731 2431 924 2491 universum
941 2449 1009 2492 non
1026 2431 1175 2510 potuerit
1190 2431 1310 2507 creari,

191 2522 257 2585 nisi
276 2520 369 2584 Deus
390 2522 435 2584 sit
456 2520 581 2608 Homo.
628 2519 732 2583 Mitte
752 2521 1002 2601 cogitationem
1022 2532 1115 2584 tuam
1139 2523 1172 2584 in
1195 2523 1309 2586 ideam

190 2613 384 2695 angelicam
407 2614 450 2676 de
475 2611 551 2675 Deo
573 2612 666 2694 quod
692 2612 736 2674 sit
768 2609 895 2687 Homo,
919 2631 959 2675 ac
982 2632 1120 2675 remove
1142 2625 1308 2694 quantum

191 2714 292 2787 potes
315 2704 427 2768 ideam
451 2704 562 2786 spatii,
582 2714 619 2767 et
642 2703 854 2784 cogitatione
873 2705 1129 2786 approximabis
1152 2706 1195 2774 ad
1219 2706 1307 2769 veri·

191 2805 313 2860 tatem.
360 2793 508 2878 Quidam
535 2795 658 2860 eruditi
686 2796 791 2859 etiam
817 2797 1020 2877 percipiunt,
1047 2797 1138 2880 quod
1169 2799 1309 2880 spiritus

190 2898 228 2952 et
257 2887 372 2970 angeli
402 2908 471 2951 non
501 2887 571 2950 sint
600 2889 635 2951 in
665 2887 788 2969 spatio,
812 2888 890 2970 quia
916 2887 1107 2971 percipiunt
1131 2889 1309 2971 spirituale

163 3061 167 3066 ¹
190 2980 320 3063 absque
338 2980 470 3063 spatio:
496 2989 550 3044 est
573 2980 664 3043 enim
680 2980 769 3043 sicut
788 2980 968 3062 cogitatio,
988 3000 1075 3062 quae
1095 2982 1234 3044 tametsi
1254 2990 1308 3047 est

189 3071 225 3135 in
254 3072 404 3147 homine,
424 3091 531 3154 usque
554 3080 673 3154 potest
695 3069 807 3135 homo.
830 3090 892 3154 per
916 3070 1010 3134 illam
1033 3072 1121 3135 sicut
1144 3093 1308 3154 praesens

189 3182 267 3227 esse
293 3162 385 3238 alibi,
409 3163 442 3227 in
473 3183 674 3246 quocunque
697 3162 775 3226 loco
797 3164 903 3227 etiam
926 3165 1165 3228 remotissimo.
1211 3163 1308 3228 Talis

190 3264 305 3318 status
335 3264 389 3318 est
422 3255 601 3338 spirituum
630 3264 666 3318 et
699 3254 911 3337 angelorum,
942 3256 999 3338 qui
1029 3265 1109 3319 sunt
1138 3255 1305 3330 homines,

189 3347 296 3411 etiam
319 3347 431 3429 quoad
458 3367 576 3411 eorum
599 3367 751 3430 corpora.
797 3346 853 3410 Illi
875 3358 1042 3431 apparent
1072 3347 1106 3409 in
1137 3346 1225 3422 loco,
1250 3345 1306 3409 ubi

189 3439 359 3520 cogitatio
381 3460 508 3514 eorum,
528 3441 689 3521 quoniam
712 3441 825 3522 spatia
847 3459 887 3503 ac
910 3439 1097 3502 distantiae
1120 3437 1154 3501 in
1177 3438 1306 3502 mundo

188 3531 356 3612 spirituali
372 3532 695 3613 suntapparentiae,
710 3553 749 3596 ac
766 3551 869 3594 unum
879 3539 986 3612 agunt
999 3549 1075 3593 cum
1091 3529 1307 3610 cogitatione

189 3644 237 3687 ex
260 3620 439 3687 affectione
461 3622 606 3686 illorum.
651 3623 708 3687 Ex
738 3623 858 3705 quibus
882 3631 1041 3685 constare
1064 3629 1193 3704 potest,
1213 3622 1305 3705 quod

189 3717 235 3778 de
251 3713 337 3790 Deo,
350 3715 407 3797 qui
424 3713 527 3796 longe
544 3735 645 3795 supra
662 3715 823 3777 mundum
841 3712 1052 3794 spiritualem
1070 3723 1106 3777 ut
1122 3711 1183 3777 Sol
1199 3733 1305 3796 appa·

188 3817 254 3882 ret,
273 3808 326 3870 cui
341 3825 410 3869 non
426 3817 543 3888 potest
560 3807 672 3888 aliqua
684 3805 884 3887 apparentia
900 3805 1001 3888 spatii
1020 3825 1106 3880 esse,
1121 3825 1191 3868 non
1210 3805 1304 3887 cogi·

189 3899 336 3964 tandum
355 3900 400 3962 sit
423 3919 469 3961 ex
488 3899 620 3979 spatio:
652 3904 687 3959 et
712 3897 802 3978 quod
822 3907 902 3961 tunc
922 3897 1030 3978 possit
1047 3896 1304 3979 comprehendi,

188 3991 283 4075 quod
302 3990 494 4054 universum
514 3989 680 4053 creaverit
700 4009 768 4051 non
788 4009 832 4052 ex
852 3988 969 4064 nihilo,
990 3988 1050 4053 sed
1073 4011 1119 4053 ex
1138 3987 1182 4053 Se
1202 3988 1304 4070 Ipso;

190 4093 265 4147 tum
295 4081 383 4164 quod
414 4101 477 4145 nec
509 4080 704 4144 Humanum
728 4079 837 4163 Ipsius
864 4077 995 4163 Corpus
1021 4082 1132 4163 possit
1159 4082 1306 4162 cogitari

188 4192 353 4255 magnum
368 4185 427 4238 aut
444 4193 596 4255 parvum,
613 4194 673 4236 seu
692 4172 832 4253 alicujus
848 4182 1011 4248 staturae,
1024 4173 1103 4256 quia
1118 4172 1183 4237 hoc
1199 4173 1304 4236 etiam

187 4277 243 4330 est
261 4265 362 4348 spatii
374 4287 383 4345 3
403 4285 442 4328 ac
453 4263 544 4342 inde,
557 4265 648 4348 quod
661 4265 696 4327 in
712 4264 827 4344 primis
841 4272 875 4328 et
888 4265 1027 4340 ultimis,
1042 4283 1081 4328 ac
1097 4267 1132 4328 in
1145 4265 1305 4327 maximis

187 4366 225 4422 et
239 4357 384 4420 minimis
395 4357 439 4420 sit
451 4357 562 4436 idem;
584 4376 623 4420 ac
634 4357 771 4437 insuper
780 4355 871 4437 quod
884 4353 1081 4418 Humanum
1092 4358 1136 4419 sit
1147 4357 1303 4418 intimum

186 4453 222 4517 in
250 4453 342 4516 omni
372 4461 500 4527 creato,
524 4451 583 4515 sed
614 4451 743 4533 absque
773 4450 896 4532 spatio.
950 4449 1051 4532 Quod
1079 4449 1238 4512 Divinum
1270 4451 1303 4512 in

187 4547 350 4612 maximis
373 4557 408 4609 et
433 4547 577 4611 minimis
596 4547 640 4609 sit
660 4544 762 4620 idem,
786 4545 941 4607 videatur
965 4566 1065 4627 supra
1091 4543 1137 4626 (n.
1161 4543 1301 4626 77-82):

187 4655 223 4706 et
250 4643 339 4724 quod
363 4643 522 4704 Divinum
542 4640 683 4723 impleat
704 4641 818 4703 omnia
842 4641 952 4720 spatia
976 4641 1102 4722 absque
1123 4641 1233 4720 spatio
1255 4638 1302 4721 (n.
