3426 5382
332 677 373 764 36
680 688 884 742 SAPIENTIA
908 689 1104 740 ANGELICA

328 865 495 948 procedat
513 863 556 926 ad
576 861 710 937 ultima,
727 871 762 927 et
783 861 828 926 ab
847 861 978 926 ultimis
994 862 1038 926 ad
1056 862 1203 928 Primum
1224 886 1244 930 a
1262 887 1331 952 quo
1348 866 1403 953 (ut
1423 872 1459 936 in

327 958 562 1028 transadiione
593 959 644 1022 De
672 958 797 1022 Divino
825 957 954 1022 Amore
982 970 1014 1022 et
1040 959 1170 1024 Divina
1201 960 1388 1044 Sapientia,
1423 970 1458 1032 in

328 1061 428 1124 Parte
447 1057 502 1120 ubi
519 1053 632 1119 adium
649 1066 703 1119 est
721 1054 764 1117 de
777 1053 960 1119 Creatione
977 1055 1147 1132 Universi,
1165 1068 1344 1124 ostensum
1363 1061 1432 1146 est)
1450 1086 1458 1142 ;

326 1166 362 1220 et
381 1158 459 1239 quia
487 1155 519 1218 in
548 1152 642 1216 omni
672 1150 913 1234 progressione
937 1160 992 1215 est
1015 1151 1164 1217 Primum
1187 1173 1208 1216 a
1231 1174 1299 1237 quo
1324 1159 1458 1234 intime,

325 1255 479 1337 sequitur
496 1250 587 1336 quod
612 1247 772 1311 Divinum
791 1249 984 1331 procedens
1008 1269 1067 1312 seu
1087 1249 1213 1313 Divina
1240 1251 1462 1320 Providentia

325 1347 519 1432 spedistin
544 1347 637 1411 omni
660 1347 752 1430 quod
776 1347 858 1411 facit
883 1348 1034 1432 aliquam
1059 1348 1245 1430 imaginem
1271 1349 1396 1416 infiniti
1419 1373 1459 1416 ac

325 1446 480 1510 aeterni:
511 1444 576 1507 hoc
606 1440 742 1526 spedtat
771 1444 804 1506 in
833 1445 1004 1520 omnibus,
1034 1444 1095 1506 sed
1124 1445 1157 1507 in
1187 1446 1390 1528 quibusdam
1415 1447 1459 1510 ad

325 1541 538 1604 evidentiam
563 1540 806 1624 perceptionis,
836 1552 871 1604 et
899 1541 932 1606 in
956 1541 1158 1624 quibusdam
1190 1560 1257 1605 non
1282 1543 1326 1606 ad
1353 1541 1459 1607 illam.

327 1634 385 1700 Ad
410 1637 619 1701 evidentiam
645 1636 880 1719 perceptionis
897 1637 987 1700 sistit
1005 1636 1099 1700 illam
1120 1638 1307 1720 imaginem
1329 1639 1362 1701 in
1386 1657 1460 1701 om·

325 1734 420 1795 nium
439 1733 620 1806 varietate,
638 1731 724 1794 etin
742 1732 894 1794 omnium
912 1730 1173 1797 fruetificatione
1191 1744 1227 1796 et
1250 1733 1461 1817 multiplica·

325 1830 433 1894 tione.
481 1841 538 1902 [2.]
569 1825 689 1908 Imago
708 1826 837 1911 infiniti
855 1848 895 1891 nc
919 1826 1051 1892 aeterni
1070 1828 1105 1892 in
1128 1829 1273 1892 omnium
1298 1829 1465 1892 varietate

324 1929 471 2006 apparet
486 1922 521 1984 in
538 1943 591 1996 eo,
609 1921 701 2004 quod
718 1941 787 1985 non
804 1923 907 1986 detur
922 1923 1062 2007 aliquod
1079 1925 1170 1989 idem
1188 1945 1264 1989 cum
1283 1925 1406 2002 altero,
1425 1935 1462 1990 et

324 2019 420 2103 quod
440 2038 503 2081 nec
524 2017 596 2080 dari
615 2018 726 2099 possit
745 2018 780 2080 in
800 2027 989 2082 aeternum.
1038 2019 1117 2084 Hoc
1138 2021 1181 2084 ad
1202 2021 1340 2084 oculum
1361 2030 1463 2105 patet

322 2117 361 2179 in
379 2113 530 2177 faciebus
546 2111 724 2176 hominum
745 2134 764 2176 a
783 2115 893 2196 prima
909 2117 1086 2178 creatione
1102 2136 1110 2194 3
1134 2117 1278 2198 proinde
1295 2118 1401 2181 etiam
1418 2117 1464 2181 ab

323 2211 451 2276 animis
482 2227 610 2283 eorum,
637 2229 780 2291 quorum
812 2210 886 2292 typi
915 2218 994 2273 sunt
1024 2210 1151 2289 facies;
1182 2220 1219 2276 et
1250 2233 1386 2296 quoque
1418 2211 1464 2276 ab

327 2303 575 2379 affectionibus
593 2305 874 2386 perceptionibus
891 2316 926 2369 et
944 2307 1228 2388 cogitationibus,
1247 2325 1326 2371 nam
1346 2329 1392 2372 ex
1409 2306 1463 2371 his

327 2412 408 2466 sunt
429 2401 543 2465 animi.
590 2399 675 2463 Inde
695 2412 762 2477 est,
784 2401 875 2483 quod
895 2421 958 2464 nec
979 2403 1104 2466 dentur
1123 2404 1158 2466 in
1178 2404 1340 2469 universo
1362 2404 1464 2469 caelo

328 2500 398 2562 duo
421 2497 537 2579 angeli
560 2505 620 2559 aut
645 2497 713 2559 duo
737 2499 876 2579 spiritus
899 2497 1012 2572 iidem,
1038 2499 1144 2562 immo
1171 2499 1263 2582 quod
1293 2519 1356 2563 nec
1385 2499 1460 2563 dari

327 2604 458 2679 queant
476 2595 509 2655 in
530 2603 719 2656 aeternum.
766 2591 884 2656 Simile
908 2601 962 2655 est
983 2594 1017 2656 in
1038 2595 1131 2657 omni
1152 2591 1289 2676 objecto
1309 2596 1401 2660 visus
1426 2595 1460 2659 in

329 2703 475 2772 utroque
506 2687 641 2751 Mundo
674 2698 746 2751 tam
777 2685 925 2751 naturali
955 2708 1058 2771 quam
1093 2689 1270 2772 spirituali.
1318 2689 1376 2755 Ex
1408 2688 1462 2754 his

327 2796 492 2852 constare
527 2791 653 2865 potest,
687 2782 779 2866 quod
809 2783 961 2846 varietas
992 2785 1037 2847 sit
1071 2783 1204 2849 infinita
1235 2805 1275 2849 ac
1307 2795 1462 2850 aeterna.

328 2894 387 2957 [8.]
408 2879 536 2959 'Imago
559 2877 688 2961 infiniti
707 2898 746 2940 ac
767 2878 899 2941 aeterni
918 2877 953 2941 in
974 2879 1120 2942 omniurn
1137 2880 1411 2965 srnilr'ficatione
1431 2889 1464 2945 et

326 2972 612 3055 multiplicatione,
638 2983 778 3038 constat
804 2994 849 3037 ex
874 2971 1055 3038 fattultate
1082 2976 1187 3039 insita
1214 2977 1404 3040 seminibus
1428 2977 1462 3040 in

327 3091 436 3154 regno
451 3068 654 3151 vegetabili,
674 3078 711 3132 et
730 3067 973 3152 prolificationi
993 3071 1026 3134 in
1046 3091 1156 3154 regno
1173 3072 1325 3148 animali,
1344 3073 1461 3155 impri-

328 3167 392 3231 mis
408 3165 589 3250 prosapiae
606 3165 750 3249 piscium
765 3186 774 3245 ;
793 3165 885 3248 quod
899 3167 927 3229 si
944 3162 1230 3232 fructificarentur
1242 3177 1278 3232 et
1292 3165 1460 3249 multipli-

328 3273 488 3328 carentur
507 3261 697 3325 secundum
716 3260 930 3336 facultatem,
952 3261 1043 3325 intra
1066 3263 1241 3327 saeculum
1272 3263 1461 3348 implerent

327 3360 444 3444 spatia
461 3359 571 3422 totius
589 3358 693 3434 orbis,
710 3358 815 3422 immo
835 3358 1004 3422 universi:
1029 3378 1074 3421 ex
1094 3379 1162 3442 quo
1182 3369 1292 3443 patet,
1313 3361 1407 3444 quod
1426 3361 1460 3425 in

327 3454 493 3518 facultate
518 3453 579 3517 illa
603 3451 713 3518 lateat
740 3454 833 3517 nisus
860 3454 1123 3536 propagationis
1146 3457 1198 3518 sui
1220 3456 1255 3519 in
1280 3453 1459 3521 infinitum.

328 3550 375 3614 Et
398 3551 476 3634 quia
498 3545 775 3611 fructificationes
790 3555 825 3612 et
848 3547 1157 3630 multiplicationes
1184 3571 1252 3614 non
1276 3549 1460 3617 defuerunt

326 3666 348 3710 a
367 3645 534 3728 principio
558 3644 754 3719 creationis,
772 3663 836 3707 nec
856 3643 1002 3708 deerunt
1027 3645 1061 3709 in
1089 3656 1279 3722 aeternum,
1307 3647 1461 3730 sequitur

326 3741 418 3824 quod
442 3740 476 3802 in
499 3737 667 3802 facultate
694 3738 765 3814 illa,
789 3739 894 3802 etiam
915 3739 988 3803 ‘'lsit
1006 3741 1101 3803 nisus
1122 3741 1384 3824 propagationis
1409 3743 1459 3806 sui

326 3839 360 3901 in
379 3847 571 3901 aeternum.

389 3944 458 4014 57·
489 3929 610 3995 Simile
626 3939 680 3996 est
700 3931 734 3995 in
752 3930 951 3996 hominibus
970 3933 1084 4016 quoad
1103 3931 1239 3997 illorum
1258 3929 1459 3998 affectiones

326 4048 413 4112 quae
430 4029 568 4104 amoris,
586 4036 622 4092 et
642 4027 884 4110 perceptiones
900 4048 987 4110 quae
1003 4028 1191 4109 sapientiae
1210 4036 1311 4108 sunt;
1335 4026 1457 4095 harum

325 4135 362 4190 et
382 4123 517 4188 illarum
539 4124 691 4188 varietas
714 4132 769 4187 est
793 4121 926 4187 infinita
949 4142 990 4187 ac
1013 4132 1179 4204 aeterna;
1204 4124 1364 4190 similiter
1381 4125 1458 4190 illa-

326 4240 400 4285 rum
427 4215 709 4284 fructificationes
735 4228 771 4284 et
798 4217 1118 4301 multiplicationes,
1146 4241 1234 4304 quae
1262 4221 1459 4305 spirituales

326 4326 419 4381 sunt.
465 4314 545 4380 Non
569 4317 701 4400 gaudet
724 4315 814 4379 ullus
837 4314 942 4380 homo
965 4312 1146 4381 affectione
1169 4327 1204 4382 et
1233 4319 1459 4402 perceptione

328 4424 400 4479 tam
419 4411 521 4477 simili
540 4432 618 4479 cum
637 4413 790 4488 alterius,
810 4423 848 4478 ut
867 4413 936 4479 sint
953 4415 1108 4491 eaedem,
1129 4435 1193 4479 nec
1216 4416 1290 4479 dari
1309 4425 1458 4500 possunt

327 4508 362 4574 in
382 4520 580 4574 aeternum:
606 4520 642 4575 et
661 4530 797 4594 quoque
820 4507 1012 4576 fructificari
1035 4521 1180 4593 possunt
1197 4508 1398 4577 affettiones
1420 4519 1459 4578 et

328 4605 549 4690 multiplicari
569 4607 808 4690 perceptiones
827 4607 957 4690 absque
976 4604 1065 4686 fine;
1089 4608 1180 4688 quod
1194 4608 1359 4673 scientiae
1376 4629 1458 4673 nus·

328 4721 430 4785 quam
447 4703 620 4767 exhauriri
637 4715 794 4787 possunt,
811 4716 933 4768 notum
952 4714 1017 4769 est.
1065 4702 1162 4770 Haec
1179 4703 1326 4769 facultas
1341 4701 1459 4771 frueti-
