3410 5382
333 665 373 748 38
682 671 887 726 snsmurrn
909 671 1109 726 suosmet

330 847 388 932 qui
406 847 567 931 cogitant
586 867 632 912 ex
652 853 810 930 tempore
833 853 870 910 et
893 845 1020 930 spatio,
1039 843 1106 910 hoc
1126 863 1231 928 aegre
1249 847 1459 932 percipiunt,

330 963 400 1008 non
419 943 531 1008 solum
550 943 629 1028 quia
648 953 829 1025 tempores
843 950 974 1017 amant,
990 941 1053 1004 sed
1071 939 1178 1005 etiam
1197 943 1277 1026 quia
1294 965 1341 1008 ex
1360 965 1461 1030 prae·

330 1040 421 1104 senti
451 1041 485 1104 in
509 1039 639 1104 mundo
662 1040 833 1122 cogitant,
853 1048 894 1129 ¹et
917 1057 987 1116 non
1010 1058 1057 1102 ex
1081 1040 1258 1121 praesenti
1279 1041 1315 1104 in
1337 1041 1459 1124 caelo;

329 1135 396 1200 hoc
416 1135 495 1213 illis,
516 1146 588 1201 tam
608 1136 734 1200 absens
753 1145 820 1212 est,
840 1135 929 1200 sicut
949 1133 1025 1200 finis
1044 1143 1176 1200 terrae:
1200 1146 1238 1200 at
1257 1137 1315 1221 qui
1337 1137 1373 1202 in
1395 1137 1458 1203 Di·

329 1233 412 1296 vino
430 1242 523 1309 sunt,
543 1231 593 1296 illi
610 1232 689 1317 quia
708 1253 755 1296 ex
778 1230 941 1308 Domino,
960 1231 1066 1295 etiam
1084 1251 1131 1296 ex
1149 1241 1295 1297 aeterno
1313 1233 1396 1298 dum
1413 1253 1460 1298 ex

329 1329 507 1414 praesenti
529 1329 702 1411 cogitant,
722 1327 880 1392 dicentes
903 1347 1031 1403 secum,
1053 1325 1145 1410 Quid
1175 1327 1242 1394 hoc
1272 1329 1365 1415 quod
1389 1348 1460 1396 non

329 1435 385 1490 est
414 1425 614 1490 aeternum?
660 1423 791 1488 Annon
816 1434 1034 1508 temporeum
1057 1421 1249 1507 respeftive
1280 1435 1336 1491 est
1368 1427 1461 1494 sicut

329 1519 426 1596 nihil,
447 1531 483 1585 et
507 1541 642 1603 quoque
665 1519 704 1584 fit
734 1519 818 1583 nihil
841 1539 919 1584 cum
942 1519 1080 1584 finitur?
1126 1518 1243 1585 Aliter
1265 1533 1459 1600 aeternum,

329 1615 396 1680 hoc
419 1615 531 1680 solum
555 1614 633 1692 Est,
653 1616 733 1698 quia
755 1614 843 1680 Esse
866 1615 939 1698 ejus
961 1635 1032 1679 non
1051 1613 1177 1680 finitur.
1223 1615 1280 1681 Ita
1303 1619 1461 1700 cogitare

330 1721 386 1776 est
405 1713 560 1793 cogitare
579 1711 661 1774 dum
685 1731 731 1774 ex
755 1711 930 1794 praesenti
949 1709 1050 1774 simul
1070 1732 1116 1774 ex
1134 1721 1300 1792 aeterno;
1325 1724 1362 1778 et
1381 1732 1460 1779 cum

329 1807 436 1872 homo
457 1809 507 1871 ita
526 1808 661 1888 cogitat
680 1816 717 1870 et
736 1808 836 1870 simul
860 1808 910 1871 ita
931 1807 1029 1883 vivit,
1051 1815 1133 1870 tunc
1153 1807 1317 1872 Divinum
1337 1829 1461 1892 proce·

330 1904 416 1967 dens
435 1903 525 1986 apud
544 1902 642 1965 illum
661 1923 722 1964 seu
741 1902 868 1965 Divina
887 1902 1109 1966 Providentia
1130 1903 1165 1966 in
1184 1905 1279 1967 omni
1298 1925 1460 1988 progres-

329 1999 426 2062 sione
450 2007 583 2061 statum
606 1998 699 2060 vitae
718 2007 883 2062 aeternae
905 1998 977 2080 ejus
1000 1999 1034 2061 in
1057 1997 1158 2061 caelo
1180 1997 1328 2082 spectat,
1349 2011 1386 2065 et
1415 1999 1462 2065 ad

329 2093 426 2158 illum
457 2094 559 2157 ducit.
606 2089 708 2175 Quod
732 2093 896 2156 Divinum
925 2094 960 2156 in
987 2095 1081 2157 omni
1104 2093 1246 2159 homine
1269 2106 1342 2159 tam
1366 2095 1464 2161 malo

329 2209 432 2274 quam
450 2189 554 2264 bono,
574 2185 708 2272 spediet
726 2199 916 2264 aeternum,
937 2189 1110 2254 videbitur
1128 2190 1162 2254 in
1181 2192 1417 2275 sequentibus.

393 2285 470 2352 60·
495 2282 569 2368 (iv.)
597 2282 695 2362 Quod
709 2283 823 2365 imago
838 2283 974 2364 Infiniti
985 2305 1025 2348 ac
1038 2283 1183 2348 Aeterni
1197 2296 1307 2350 exstet
1321 2286 1357 2350 in
1372 2284 1464 2352 caelo

312 2379 484 2463 'angelica
529 2380 626 2444 Inter
644 2382 734 2444 scitu
753 2381 947 2444 necessaria
965 2389 1020 2445 est
1043 2401 1178 2463 quoque
1197 2380 1331 2445 caelum
1350 2403 1460 2465 ange·

329 2477 453 2556 licum;
488 2477 719 2560 unusquisque
742 2477 845 2552 enim,
869 2476 923 2539 cui
952 2486 1008 2540 est
1037 2475 1170 2558 religio,
1190 2477 1225 2539 id
1257 2479 1403 2560 cogitat,
1423 2487 1463 2544 et

327 2573 409 2639 illuc
430 2575 547 2638 venire
570 2571 654 2636 vult.
700 2570 769 2636 Sed
792 2571 926 2636 caelum
951 2592 1020 2636 non
1044 2573 1145 2636 datur
1167 2571 1255 2650 aliis,
1276 2594 1378 2656 quam
1402 2573 1462 2656 qui
1532 2627 1536 2634 .

328 2671 441 2733 sciunt
459 2670 550 2733 viam
574 2669 618 2732 ad
648 2667 745 2744 illud,
766 2678 802 2732 et
821 2667 1001 2731 ambulant
1019 2668 1135 2748 illam;
1164 2668 1250 2733 haec
1276 2670 1332 2733 via
1350 2672 1461 2735 etiam

328 2765 544 2846 aliquantum
574 2764 652 2826 sciri
682 2773 801 2844 potest
832 2785 877 2826 ex
905 2765 1118 2846 cognitione,
1147 2764 1266 2847 quales
1296 2774 1378 2829 sunt
1401 2764 1461 2848 qui

328 2860 547 2923 constituunt
569 2858 715 2934 caelum,
740 2869 776 2922 et
807 2857 899 2941 quod
931 2878 1033 2922 nemo
1060 2859 1205 2940 angelus
1236 2859 1306 2936 fiat,
1331 2881 1393 2925 seu
1423 2861 1459 2924 in

328 2955 462 3019 caelum
480 2955 609 3029 veniat,
627 2955 691 3016 nisi
707 2955 763 3036 qui
780 2953 977 3036 angelicum
993 2975 1111 3019 secum
1128 2977 1147 3018 e
1163 2957 1293 3019 mundo
1308 2956 1397 3036 sert;
1420 2966 1460 3022 et

328 3050 489 3133 angelico
505 3050 596 3113 inest
613 3051 769 3130 cognitio
784 3051 861 3113 viae
877 3071 923 3113 ex
939 3049 1175 3114 ambulatione
1188 3049 1270 3133 ejus,
1283 3062 1320 3116 et
1337 3053 1457 3117 ambu-

328 3145 414 3210 latio
431 3146 504 3210 viae
521 3165 582 3228 per
593 3146 830 3226 cognitionem
842 3145 922 3226 ejus.
968 3145 1008 3208 ln
1024 3146 1153 3210 mundo
1163 3147 1332 3229 spirituali
1350 3150 1459 3212 etiam

328 3241 511 3308 actualiter
528 3251 609 3305 sunt
629 3242 716 3316 viae,
736 3261 824 3322 quae
840 3241 989 3304 tendunt
1008 3240 1051 3304 ad
1071 3243 1331 3324 unamquamvis
1346 3246 1459 3308 socie·

328 3349 440 3402 tatem
459 3337 558 3414 caeli,
577 3346 613 3401 et
637 3337 681 3400 ad
700 3337 960 3418 unamquamvis
979 3335 1119 3416 inferni;
1143 3346 1180 3401 et
1199 3339 1341 3420 quisque
1359 3340 1458 3404 videt

328 3454 425 3498 suam
448 3435 540 3496 viam
564 3433 655 3496 sicut
678 3453 724 3495 ex
758 3453 805 3495 se.
851 3429 954 3514 Quod
977 3431 1107 3506 videat,
1132 3442 1186 3496 est
1210 3435 1290 3516 quia
1311 3437 1387 3500 viae
1411 3437 1459 3500 ibi

328 3539 409 3592 sunt
433 3550 495 3610 pro
514 3528 704 3610 unoquovis
724 3547 851 3602 amore,
871 3537 909 3592 et
928 3547 1024 3591 amor
1043 3529 1154 3611 aperit
1172 3528 1280 3605 illam,
1300 3540 1337 3594 et
1361 3531 1458 3599 ducit

327 3623 372 3687 ad
403 3624 594 3686 consocios.
641 3621 741 3685 Alias
770 3623 844 3686 vias
867 3643 969 3705 quam
994 3625 1045 3686 sui
1075 3623 1201 3686 amoris
1225 3645 1329 3689 nemo
1350 3628 1458 3692 videt.

329 3719 386 3782 Ex
402 3739 470 3800 quo
487 3727 594 3801 patet,
612 3718 703 3799 quod
719 3719 836 3799 angeli
853 3738 922 3784 non
938 3719 1008 3781 sint
1024 3719 1089 3782 nisi
1105 3739 1208 3801 quam
1225 3741 1361 3786 amores
1377 3744 1458 3788 cae·

328 3813 447 3889 lestes,
469 3832 548 3877 nam
568 3813 696 3895 alioqui
715 3832 784 3876 non
803 3813 972 3877 vidissent
995 3814 1069 3877 vias
1089 3815 1133 3877 ad
1152 3815 1288 3879 caelum
1308 3819 1458 3884 tenden-

328 3918 394 3973 tes.
439 3907 508 3973 Sed
525 3908 590 3972 hoc
608 3907 729 3971 melius
742 3917 904 3972 constare
917 3918 1037 3991 potest
1053 3930 1098 3973 ex
1112 3909 1347 3995 descriptione
1360 3914 1459 3979 caeli.

391 4006 461 4071 61.
495 4003 616 4070 Omnis
635 4005 775 4087 spiritus
794 4005 943 4069 hominis
962 4015 1017 4069 est
1038 4003 1174 4071 affettio
1197 4017 1234 4073 et
1260 4010 1341 4074 inde
1360 4011 1458 4094 cogi·

328 4105 428 4178 tatio,
452 4112 489 4166 et
513 4102 591 4184 quia
615 4102 728 4164 omnis
752 4099 887 4164 affectio
909 4111 964 4165 est
987 4103 1113 4166 amoris
1139 4112 1176 4166 et
1206 4105 1378 4186 cogitatio
1401 4115 1457 4173 est

326 4195 535 4274 intellectus,
549 4207 604 4262 est
620 4199 732 4261 omnis
747 4198 887 4281 spiritus
903 4217 983 4260 suus
999 4215 1095 4260 amor
1112 4208 1147 4262 et
1166 4199 1246 4263 inde
1256 4220 1335 4264 suus
1352 4201 1458 4266 intel·

327 4293 455 4361 ledtus:
477 4316 564 4378 quae
577 4304 757 4371 causaest,
771 4295 862 4377 quod
876 4313 953 4357 cum
963 4293 1068 4356 homo
1078 4294 1190 4359 solum
1203 4317 1249 4360 ex
1262 4317 1324 4360 suo
1336 4299 1458 4380 spiritu

327 4392 473 4474 cogitat,
491 4392 581 4474 quod
601 4391 640 4455 fit
659 4411 738 4455 cum
753 4391 847 4454 domi
863 4409 979 4455 secum
996 4390 1196 4468 meditatur,
1211 4413 1257 4456 ex
1276 4390 1457 4458 affectione

327 4509 414 4572 quae
433 4497 488 4551 est
506 4489 633 4552 amoris
653 4487 736 4569 ejuS,
753 4488 897 4569 cogitet.
944 4485 1030 4550 Inde
1046 4496 1208 4552 constare
1224 4497 1350 4572 potest,
1365 4489 1457 4572 quod

326 4584 527 4647 homocum
546 4581 585 4646 fit
604 4584 756 4664 spiritus,
777 4583 867 4664 quod
888 4581 926 4645 fit
943 4593 1023 4664 post
1043 4593 1204 4655 mortem,
1224 4585 1269 4647 sit
1289 4586 1340 4649 sui
1360 4605 1457 4650 amo·

327 4681 373 4744 ris
389 4673 534 4754 affectio,
549 4687 584 4742 et
602 4698 671 4741 non
686 4679 858 4758 cogitatio
875 4679 941 4740 alia
954 4697 1055 4761 quam
1070 4700 1156 4761 quae
1170 4677 1357 4744 affedtionis
1374 4681 1458 4763 ejus.
