3426 5382
352 625 414 673 110
703 617 907 669 SAPIENTIA
930 614 1125 668 ANGELICA

422 789 519 856 162.
537 788 600 874 (ii.)
628 789 726 868 Quod
743 788 839 852 homo
861 809 883 852 a
905 785 974 852 solo
992 786 1135 851 Domino
1153 785 1295 852 ducatur
1308 797 1341 851 et
1359 786 1472 856 docea-

342 903 402 956 tur
412 899 477 971 per
495 886 620 951 caelum
639 884 822 968 angelicum
836 893 869 947 et
885 905 928 947 ex
942 882 1191 947 illa—Dicitur
1214 883 1306 967 quod
1328 882 1434 950 homo
1452 907 1473 952 a

345 987 496 1051 Domino
520 983 666 1046 ducatur
694 1000 754 1063 per
781 979 915 1043 caelum
939 979 1147 1062 angelicum,
1171 988 1206 1042 et
1228 1001 1273 1042 ex
1296 979 1376 1060 illo;
1410 984 1471 1047 sed

342 1082 436 1167 quod
465 1101 527 1164 per
556 1078 694 1142 caelum
716 1076 923 1159 angelicum,
944 1084 996 1138 est
1020 1096 1065 1138 ex
1089 1077 1300 1159 apparentia,
1320 1090 1357 1140 at
1379 1079 1470 1161 quod

341 1201 389 1243 ex
409 1175 598 1253 caeloi110‚
619 1186 673 1239 est
694 1195 740 1238 ex
760 1173 920 1237 veritate.
968 1169 1071 1254 Quod
1094 1173 1299 1254 apparentia
1316 1174 1361 1237 sit
1380 1175 1471 1258 quod

343 1296 404 1358 per
427 1274 561 1338 caelum
586 1271 792 1355 angelicum,
818 1277 872 1332 est
898 1269 976 1352 quia
1001 1268 1168 1332 Dominus
1198 1278 1343 1354 apparet
1370 1290 1472 1353 supra

341 1371 427 1434 illud
448 1370 582 1434 caelum
603 1378 639 1432 ut
660 1367 740 1434 Sol:
773 1367 865 1451 quod
882 1366 1009 1430 veritas
1029 1367 1082 1442 sit,
1103 1367 1196 1451 quod
1219 1389 1265 1432 ex
1287 1366 1397 1444 caelo,
1416 1375 1470 1430 est

341 1469 421 1550 quia
446 1467 614 1530 Dominus
648 1466 682 1528 in
716 1463 776 1527 illo
800 1462 900 1527 caelo
922 1473 977 1527 est
1001 1462 1089 1527 sicut
1116 1465 1231 1528 anima
1258 1464 1293 1529 in
1322 1462 1469 1528 homine.

344 1563 513 1626 Dominus
533 1563 624 1624 enim
648 1571 702 1624 est
727 1561 998 1642 omnipraesens,
1019 1570 1056 1624 et
1075 1580 1143 1625 non
1163 1561 1269 1626 estin
1288 1559 1412 1643 spatio,
1432 1567 1470 1622 ut

341 1661 434 1740 prius
455 1667 633 1721 ostensum
651 1666 725 1735 est;
750 1677 855 1739 quare
875 1657 1041 1720 distantia
1058 1667 1112 1721 est
1129 1657 1331 1740 apparentia
1349 1675 1470 1719 secun·

340 1755 424 1816 dum
442 1748 717 1834 conjunftionem
735 1772 812 1815 cum
830 1751 931 1834 Ipso;
951 1763 987 1816 et
1002 1748 1197 1832 conjunctio
1213 1761 1267 1815 est
1284 1751 1469 1814 secundum

341 1851 578 1931 receptionem
595 1848 721 1910 amoris
740 1858 776 1912 et
795 1849 989 1931 sapientiae
1006 1848 1049 1910 ab
1070 1847 1159 1930 Ipso.
1206 1847 1254 1911 Et
1270 1848 1350 1931 quia
1369 1865 1469 1912 nemo

342 1953 460 2026 potest
483 1944 644 2026 conjungi
669 1941 831 2018 Domino,
857 1943 1148 2027 quemadmodum
1175 1943 1254 2026 lpse
1278 1953 1332 2008 est
1355 1943 1390 2006 in
1412 1940 1467 2018 Se,

339 2043 419 2104 ideo
444 2040 523 2122 lpse
547 2051 692 2122 apparet
717 2040 852 2122 angelis
881 2042 925 2103 ad
956 2039 1155 2104 distantiam
1179 2039 1267 2104 sicut
1291 2038 1371 2105 Sol:
1408 2041 1468 2104 sed

341 2159 448 2220 usque
473 2146 527 2200 est
552 2137 585 2199 in
610 2137 769 2199 universo
792 2135 891 2198 caelo
918 2135 1079 2217 angelico
1102 2137 1190 2199 sicut
1211 2138 1326 2201 anima
1349 2137 1382 2200 in
1405 2136 1467 2201 ho·

341 2235 455 2310 mine;
487 2241 522 2295 et
542 2231 700 2295 similiter
722 2233 755 2294 in
781 2233 968 2314 unaquavis
989 2233 1153 2295 societate
1173 2230 1271 2308 caeli,
1291 2242 1328 2296 et
1351 2233 1467 2296 simili·

340 2343 396 2392 ter
426 2330 459 2392 in
490 2328 682 2410 unoquovis
705 2327 833 2408 angelo
856 2329 925 2404 ibi;
964 2327 1078 2390 anima
1100 2327 1191 2391 enim
1221 2329 1370 2392 hominis
1400 2349 1468 2392 non

340 2425 446 2488 modo
458 2434 512 2488 est
529 2425 643 2487 anima
656 2423 775 2498 totius,
793 2423 977 2486 sedetiam
995 2422 1141 2504 cujusvis
1159 2425 1275 2505 partis.
1315 2430 1373 2491 [2.]
1400 2423 1466 2488 Sed

338 2523 419 2602 quia
443 2542 487 2583 ex
512 2519 715 2602 apparentia
741 2529 795 2582 est
822 2517 913 2602 quod
945 2518 1114 2582 Dominus
1143 2531 1242 2601 regat
1274 2519 1466 2582 universum

339 2616 485 2690 caelum,
506 2625 542 2679 et
562 2635 622 2696 per
641 2615 707 2678 hoc
731 2616 907 2692 mundum,
932 2635 952 2678 a
976 2614 1056 2679 Sole
1080 2615 1136 2699 qui
1166 2615 1211 2679 ab
1241 2614 1333 2699 Ipso,
1354 2624 1388 2679 et
1410 2616 1467 2679 ubi

340 2712 420 2792 lpse
446 2709 504 2793 (de
528 2732 595 2794 quo
619 2708 701 2774 Sole
724 2711 882 2775 videatur
912 2709 1103 2775 transadlio
1124 2711 1176 2775 De
1197 2710 1322 2775 Divino
1342 2707 1467 2776 Amore

336 2815 371 2868 et
392 2806 521 2870 Divina
540 2805 729 2887 Sapientia,
750 2808 783 2870 in
804 2807 906 2871 Parte
926 2805 1112 2891 Secunda),
1133 2817 1170 2871 et
1190 2807 1268 2889 quia
1291 2807 1373 2870 licet
1396 2809 1465 2870 cui·

339 2902 390 2964 vis
421 2902 550 2965 homini
581 2902 674 2985 loqui
697 2922 743 2965 ex
767 2903 981 2986 apparentia,
1007 2923 1070 2967 nec
1102 2912 1221 2985 potest
1251 2901 1364 2978 aliter,
1388 2904 1466 2967 ideo

336 2999 444 3059 etiam
468 2997 549 3061 licet
574 2999 691 3072 cuivis,
712 2999 769 3081 qui
789 3018 857 3062 non
877 2999 911 3062 in
931 2999 1005 3082 ipsa
1025 2999 1193 3082 sapientia
1212 3007 1278 3072 est,
1298 3000 1464 3080 cogitare,

336 3093 430 3175 quod
460 3093 627 3157 Dominus
657 3103 757 3176 regat
784 3095 900 3157 omnia
927 3104 963 3157 et
991 3094 1127 3176 singula
1153 3115 1198 3157 ex
1226 3092 1307 3158 Sole
1334 3115 1407 3170 suo,
1431 3105 1465 3159 et

335 3209 473 3273 quoque
496 3189 589 3272 quod
613 3199 712 3270 regat
737 3191 901 3253 mundum
925 3210 984 3271 per
1008 3190 1142 3253 caelum
1166 3190 1382 3272 angelicum:
1419 3212 1464 3255 ex

336 3286 401 3348 tali
428 3285 631 3366 apparentia
657 3286 763 3348 etiam
791 3288 949 3368 cogitant
981 3285 1097 3368 angeli
1129 3285 1323 3350 inferiorum
1350 3286 1464 3350 caelo·

335 3400 432 3459 rum;
471 3390 507 3444 at
531 3380 648 3463 angeli
670 3382 881 3463 superiorum
910 3381 1085 3445 caelorum
1113 3380 1298 3465 loquuntur
1327 3383 1463 3464 quidem

335 3498 382 3539 ex
406 3479 622 3559 apparentia,
647 3477 708 3541 sed
732 3478 891 3560 cogitant
922 3499 968 3540 ex
1000 3479 1160 3553 veritate,
1184 3498 1272 3560 quae
1295 3487 1349 3541 est
1372 3479 1462 3562 quod

339 3573 506 3635 Dominus
525 3583 625 3656 regat
644 3573 839 3636 universum
858 3595 904 3638 ex
924 3573 1024 3638 caelo
1042 3573 1213 3656 angelico,
1231 3571 1322 3658 quod
1341 3586 1395 3638 est
1417 3596 1463 3639 ex

335 3665 380 3730 Se
399 3667 489 3748 lpso.
523 3675 579 3732 [3.]
598 3667 700 3750 Quod
717 3669 891 3752 simplices
907 3681 942 3734 et
959 3672 1133 3752 sapientes
1147 3669 1304 3734 similiter
1320 3669 1462 3754 loquan-

336 3773 401 3835 tur,
428 3763 488 3826 sed
515 3782 584 3825 non
608 3763 769 3829 similiter
791 3767 960 3848 cogitent,
986 3766 1148 3831 illustrari
1175 3774 1292 3850 potest
1318 3787 1364 3830 ex
1391 3766 1463 3831 sole

335 3859 477 3938 mundi;
509 3859 552 3923 de
575 3860 637 3924 illo
660 3880 781 3925 omnes
807 3863 991 3947 loquuntur
1015 3885 1060 3927 ex
1085 3863 1298 3946 apparentia,
1316 3871 1353 3926 ut
1372 3861 1462 3945 quod

334 3955 463 4019 oriatur
478 3959 513 4020 et
529 3958 688 4036 occidat;
720 3969 757 4022 at
775 3961 962 4043 sapientes,
981 3961 1122 4023 tametsi
1142 3957 1328 4041 loquuntur
1346 3957 1463 4022 simili·

334 4061 401 4125 ter,
422 4073 527 4135 usque
552 4056 710 4137 cogitant
730 4056 821 4139 quod
847 4057 1007 4120 immotus
1030 4066 1124 4134 stet;
1163 4056 1228 4120 hoc
1253 4075 1388 4139 quoque
1409 4063 1463 4119 est

335 4150 474 4223 veritas,
495 4161 531 4213 et
555 4149 639 4214 illud
663 4153 877 4235 apparentia.
923 4153 1021 4216 Idem
1040 4153 1145 4216 etiam
1165 4152 1327 4216 illustrari
1347 4159 1463 4232 potest

334 4265 381 4307 ex
409 4247 619 4328 apparentiis
653 4250 686 4312 in
718 4249 847 4312 mundo
878 4248 1067 4330 spirituali;
1107 4256 1275 4333 apparent
1301 4247 1391 4311 enim
1417 4246 1463 4310 ibi

333 4342 448 4421 spatia
471 4351 507 4406 et
532 4344 716 4407 distantiae
748 4345 835 4408 sicut
867 4345 900 4408 in
932 4345 1059 4407 mundo
1082 4344 1240 4421 naturali,
1265 4343 1326 4408 sed
1356 4363 1462 4427 usque

335 4438 395 4501 illa
414 4449 493 4502 sunt
518 4441 740 4523 apparentiae
764 4441 952 4504 secundum
973 4440 1287 4505 dissimilitudinem
1310 4437 1462 4503 affedtio·
1514 4433 1516 4436 ’

334 4553 416 4597 num
441 4546 477 4598 et
508 4536 588 4599 inde
619 4537 882 4620 cogitationum.
929 4535 1046 4601 Simile
1074 4547 1127 4601 est
1153 4557 1230 4601 cum
1261 4535 1465 4621 apparentia

335 4628 476 4695 Domini
499 4632 532 4694 in
552 4630 632 4696 Sole
653 4655 725 4696 suo.
