3358 5384
457 643 508 698 ns
531 641 669 694 nrvruo
692 638 838 704 nuons,
859 639 953 692 anns
976 639 1080 694 1.—u.
1096 624 1148 708 76.
1329 637 1367 708 31

241 818 299 884 Ex
313 839 355 883 eo
368 826 433 894 est,
448 817 538 901 quod
558 836 619 900 per
633 813 794 891 “horas”
809 811 941 890 “dies,”
955 810 1228 896 “septimanas‚”
1243 817 1368 878 “men-

240 916 321 982 ses”
340 925 377 981 et
397 913 564 979 “annos’'
582 915 616 977 in
640 913 759 978 Verbo
782 910 1016 996 significentur
1038 921 1163 988 status,
1188 921 1225 976 et
1251 933 1369 976 eorum

239 1014 501 1098 progressiones
524 1014 558 1077 in
578 1013 665 1076 serie
695 1023 731 1075 et
761 1013 795 1075 in
819 1010 1026 1094 complexu;
1055 1021 1091 1074 et
1115 1031 1192 1074 cum
1212 1021 1370 1096 tempora

239 1113 484 1198 praedicantur
510 1110 553 1175 de
581 1110 740 1186 ecclesia,
761 1110 852 1193 quod
883 1129 943 1191 per
968 1108 1122 1172 “mane''
1145 1107 1216 1191 ejus
1239 1112 1369 1177 intelli·

239 1221 344 1294 gatur
373 1210 501 1293 primus
530 1207 601 1290 ejus
629 1219 754 1283 status,
784 1227 844 1289 per
865 1205 1098 1270 “meridiem’'
1120 1207 1260 1290 plenum
1286 1208 1368 1292 ejus,

237 1329 300 1393 per
320 1313 530 1390 “vesperam
539 1305 554 1330 '’
573 1306 813 1370 decrescentia
836 1304 917 1385 ejus,
938 1314 974 1368 et
998 1325 1058 1388 per
1079 1303 1274 1370 “noctem”
1293 1307 1369 1374 finis

238 1406 330 1488 ejus:
361 1404 486 1468 similia
515 1424 576 1487 per
605 1415 751 1487 quatuor
781 1413 940 1485 tempora
964 1403 1055 1480 anni,
1081 1424 1168 1486 quae
1187 1413 1268 1467 sunt
1298 1429 1367 1484 ver,

236 1514 364 1580 aestas,
384 1513 568 1566 autumnus
587 1513 624 1567 et
643 1502 763 1566 hiems.

301 1615 369 1686 74.
400 1599 458 1664 Ex
491 1599 545 1664 his
568 1611 729 1665 constare
746 1609 864 1681 potest
879 1599 970 1682 quod
990 1607 1127 1681 tempus
1145 1620 1248 1663 unum
1265 1600 1368 1666 faciat

238 1718 316 1764 cum
336 1699 550 1780 cogitatione
570 1719 616 1762 ex
635 1695 834 1777 affectione;
859 1696 960 1780 quale
978 1697 1068 1759 enirn
1088 1707 1202 1761 status
1221 1698 1367 1764 hominis

236 1797 317 1861 inde
333 1806 396 1860 est.
442 1793 545 1878 Quod
562 1796 749 1859 distantiae
765 1796 798 1858 in
816 1794 1111 1876 progressionibus
1127 1815 1188 1876 per
1204 1800 1316 1878 spatia
1334 1800 1366 1862 in

236 1894 365 1959 mundo
378 1893 545 1977 spirituali
562 1913 664 1956 unum
681 1891 809 1957 faciant
825 1912 902 1956 cum
919 1894 1215 1974 progressionibus
1231 1904 1366 1978 tempo·

236 2012 322 2068 rum,
343 2013 388 2056 ex
408 1991 526 2055 multis
545 1990 709 2054 illustrari
726 2000 854 2073 potest,
875 1991 1118 2054 abbreviantur
1137 1994 1227 2055 enim
1248 1991 1365 2058 ablua-

236 2090 317 2155 liter
339 2091 414 2154 viae
437 2091 483 2154 ibi
506 2089 696 2153 secundum
720 2088 900 2164 desideria,
925 2109 1012 2172 quae
1040 2099 1120 2152 sunt
1143 2091 1367 2172 cogitationis

235 2209 282 2252 ex
312 2185 504 2262 affectione,
528 2207 569 2250 ac
596 2187 746 2250 vicissim
769 2186 1031 2268 prolongantur.
1077 2186 1164 2251 Inde
1191 2199 1246 2252 est
1272 2191 1364 2273 quod

234 2287 341 2351 etiam
358 2286 471 2368 spatia
487 2286 653 2368 temporis
669 2286 836 2348 dicantur.
883 2283 923 2348 In
941 2283 1066 2348 talibus
1082 2295 1209 2362 autem,
1227 2288 1366 2370 quando
1457 2305 1459 2308 ·

235 2385 405 2467 cogitatio
421 2403 488 2446 non
509 2403 546 2448 se
565 2381 743 2464 conjungit
762 2401 840 2445 cum
859 2379 1039 2445 affectione
1055 2385 1190 2465 propria
1207 2384 1364 2462 hominis,

234 2493 372 2565 tempus
390 2501 461 2544 non
478 2491 634 2563 apparet,
652 2491 689 2544 ut
709 2482 742 2544 in
763 2477 930 2543 1¹¹somnis.

298 2593 367 2664 75.
397 2579 497 2642 Nunc
517 2580 595 2662 quia
614 2589 783 2660 tempora,
804 2587 989 2660 quaesunt
1010 2580 1146 2661 propria
1165 2592 1307 2646 naturae
1330 2585 1364 2649 in

235 2677 306 2760 ejus
329 2677 468 2752 mundo,
492 2685 572 2740 sunt
595 2677 668 2759 puri
692 2685 804 2740 status
827 2677 862 2739 in
886 2675 1015 2740 mundo
1038 2678 1215 2759 spirituali,
1240 2682 1296 2762 qui
1319 2683 1364 2746 ibi

234 2774 441 2860 progressivl
463 2785 643 2857 apparent,
675 2775 754 2857 quia
783 2774 898 2856 angeli
928 2784 964 2838 et
995 2776 1133 2856 spiritus
1156 2786 1237 2841 sunt
1267 2777 1363 2856 finiti,

235 2883 398 2938 constare
419 2883 538 2955 potest
561 2872 652 2956 quod
682 2873 716 2936 in
746 2871 824 2935 Deo
854 2893 924 2936 non
952 2873 1021 2936 sint
1045 2877 1261 2956 progressivi‚
1286 2879 1364 2960 quia

235 2971 392 3036 infinitus
411 2981 476 3046 est,
497 2991 536 3036 ac
555 2969 689 3036 infinita
707 2971 742 3033 in
762 2969 843 3052 Ipso
862 2990 966 3048 unum
985 2981 1076 3047 sunt,
1097 2974 1285 3037 secundum
1305 2975 1363 3042 illa

234 3089 321 3153 quae
341 3090 442 3152 supra
460 3067 507 3152 (n.
530 3066 647 3154 17-22)
665 3069 906 3133 demonstrata
921 3078 1021 3133 sunt:
1046 3091 1092 3134 ex
1112 3071 1233 3154 quibus
1250 3075 1363 3157 sequi·

233 3177 300 3244 tur,
317 3169 408 3251 quod
428 3167 589 3231 Divinum
612 3169 647 3232 in
666 3167 938 3250 omnitempore
958 3169 1002 3232 sit
1021 3168 1150 3252 absque
1170 3179 1339 3251 tempore.

296 3267 368 3349 76.
398 3264 465 3348 Qui
482 3285 550 3329 non
567 3266 643 3342 scit,
657 3275 694 3329 et
710 3284 756 3329 ex
772 3264 886 3348 aliqua
899 3267 1120 3349 perceptione
1134 3278 1252 3348 potest
1266 3271 1361 3351 cogi·

232 3372 307 3428 tare
326 3364 370 3427 de
389 3363 466 3427 Deo
481 3364 611 3447 absque
627 3373 795 3446 tempore,
812 3383 950 3446 prorsus
966 3384 1036 3428 non
1052 3373 1171 3445 potest
1188 3366 1363 3449 percipere

233 3461 429 3527 Aeternum
452 3461 554 3526 aliter
576 3480 679 3546 quam
702 3470 882 3526 aeternum
905 3463 1092 3544 temporis:
1124 3473 1161 3526 et
1185 3473 1267 3528 tunc
1293 3485 1362 3530 non

231 3571 350 3644 potest
374 3579 476 3643 quam
496 3560 641 3624 delirare
664 3561 698 3623 in
723 3561 936 3642 cogitatione
959 3559 1003 3623 de
1027 3558 1104 3623 Deo
1127 3559 1171 3624 ab
1194 3571 1361 3644 aetern03

231 3659 364 3741 cogitat
376 3659 468 3721 enim
484 3680 529 3721 ex
550 3658 658 3734 initio,
673 3677 713 3722 ac
731 3658 864 3721 initium
880 3658 979 3721 unice
996 3666 1050 3721 est
1067 3660 1243 3740 temporis.
1290 3660 1361 3724 De·

230 3755 341 3824 litium
366 3755 437 3837 ejus
461 3754 498 3820 fit
529 3767 622 3830 tunc,
643 3756 735 3839 quod
760 3756 854 3820 Deus
884 3777 905 3820 a
934 3753 979 3819 Se
1009 3756 1197 3834 exstiterit,
1218 3778 1263 3821 ex
1294 3779 1362 3842 quo

230 3876 337 3942 prone
357 3854 485 3920 labitur
504 3856 537 3918 in
556 3855 726 3936 originem
747 3864 890 3918 naturae
914 3875 933 3918 a
956 3873 1014 3917 se:
1043 3875 1089 3918 ex
1108 3875 1176 3938 qua
1194 3856 1272 3919 idea
1291 3877 1361 3920 non

230 3955 368 4020 exsolvi
390 3963 520 4037 potest,
546 3954 610 4017 nisi
637 3971 739 4036 quam
763 3972 824 4034 per
846 3951 1060 4034 spiritualem
1083 3973 1143 4016 seu
1166 3953 1360 4035 angelicam

229 4053 342 4117 ideam
367 4052 409 4115 de
429 4061 583 4126 aetern0,
603 4071 691 4134 quae
711 4059 766 4114 est
785 4050 914 4132 absque
933 4061 1101 4133 tempore,
1122 4059 1157 4114 et
1181 4050 1261 4114 dum
1281 4053 1360 4115 abs·

230 4171 294 4232 que
311 4162 468 4230 tempore
485 4158 549 4224 est,
567 4157 622 4212 est
638 4147 832 4212 Aeternum
850 4161 885 4212 et
904 4149 1064 4212 Divinum
1081 4149 1182 4224 idem,
1199 4148 1359 4214 Divinum

230 4258 283 4311 est
301 4248 463 4311 Divinum
482 4246 516 4310 in
535 4267 583 4322 se,
601 4255 636 4311 et
657 4267 725 4310 non
745 4267 765 4310 a
784 4267 830 4310 se,
877 4246 1007 4330 Angeli
1028 4248 1158 4322 dicunt,
1176 4248 1267 4330 quod
1285 4250 1359 4330 qui-

231 4347 309 4410 dem
334 4345 511 4428 percipere
535 4344 668 4428 possint
692 4343 803 4409 Deum
831 4346 875 4408 ab
898 4356 1050 4420 aeterno,
1076 4357 1112 4408 at
1136 4345 1231 4408 nullo
1254 4347 1360 4410 modo

232 4455 390 4507 naturam
414 4444 458 4507 ab
480 4453 633 4518 aeterno,
659 4453 695 4507 et
719 4446 829 4506 minus
853 4454 1009 4506 naturam
1038 4465 1057 4506 a
1088 4464 1135 4518 se,
1161 4453 1196 4507 et
1221 4463 1360 4525 prorsus

232 4561 300 4606 non
320 4551 481 4605 naturam
499 4542 534 4605 in
553 4562 589 4605 se
609 4552 788 4617 naturam;
814 4562 892 4604 nam
912 4541 1003 4624 quod
1024 4543 1057 4604 in
1074 4563 1110 4605 se
1130 4553 1196 4617 est,
1218 4542 1283 4606 hoc
1304 4555 1359 4606 est

231 4639 340 4721 ipsum
364 4637 504 4717 Esse,a
534 4660 601 4723 quo
624 4641 759 4716 omnia3
791 4653 826 4702 et
850 4640 936 4704 Esse
963 4642 996 4704 in
1027 4661 1063 4704 se
1086 4652 1140 4706 est
1164 4641 1237 4722 ipsa
1261 4639 1356 4716 Vita,
