3344 5402
491 651 542 701 DE
565 651 701 704 DIVINO
720 651 866 717 AMORE,
887 652 981 702 PARS
1004 652 1109 704 I.-N.
1130 653 1179 718 27.
1358 655 1390 700 Ii

270 823 305 885 in
321 842 389 885 uno
405 840 513 906 regno
530 822 574 886 sit
590 844 597 901 ;
618 823 732 906 plures
748 825 838 888 enim
855 823 1102 899 distraherent,
1120 833 1156 888 at
1173 843 1257 886 unus
1274 831 1393 904 potest

268 920 457 984 continere.

328 1033 397 1102 25·
429 1015 546 1084 Simile
573 1017 661 1084 foret
691 1019 724 1082 in
752 1019 898 1084 ecclesia
924 1040 984 1101 per
1011 1021 1203 1084 universum
1227 1029 1395 1083 terrarum

269 1116 389 1180 orbern
408 1136 538 1198 sparsa,
556 1137 645 1200 quae
668 1118 862 1192 communio
882 1129 1037 1194 vocatur,
1057 1140 1102 1182 ex
1127 1139 1168 1183 eo
1191 1116 1283 1200 quod
1307 1117 1395 1178 sicut

269 1231 373 1276 unum
393 1234 515 1296 corpus
532 1215 596 1278 sub
615 1235 683 1278 uno
703 1213 825 1296 Capite
845 1215 899 1279 sit.
944 1215 1075 1280 Notum
1094 1226 1159 1292 est,
1179 1215 1272 1298 quod
1292 1221 1395 1294 caput

268 1320 368 1392 regat
383 1331 506 1394 corpus
522 1312 586 1375 sub
601 1333 637 1376 se
654 1313 698 1375 ad
715 1324 818 1376 nutus
832 1334 841 1392 ;
864 1315 898 1376 in
916 1315 1027 1396 capite
1044 1316 1136 1378 enirn
1148 1313 1277 1378 residet
1293 1309 1395 1375 intel·

268 1405 378 1471 lectus
393 1420 429 1473 et
447 1409 619 1486 voluntas,
637 1420 672 1474 et
689 1431 733 1474 ex
749 1408 929 1475 intelle6tu
944 1421 979 1474 et
998 1411 1179 1475 voluntate
1195 1409 1308 1492 agitur
1321 1428 1394 1471 cor-

267 1525 342 1585 pus,
367 1527 472 1591 usque
496 1509 583 1573 adeo
607 1519 644 1573 ut
668 1528 791 1591 corpus
814 1511 859 1573 sit
883 1509 988 1572 modo
1010 1509 1217 1572 obedientia.
1264 1503 1396 1586 Corpus

268 1623 338 1666 non
357 1615 475 1686 potest
494 1626 597 1688 agere
617 1607 744 1689 aliquid
764 1607 827 1670 nisi
845 1627 891 1669 ex
910 1603 1086 1669 intellectu
1106 1617 1142 1670 et
1161 1605 1341 1669 voluntate
1361 1603 1395 1664 in

267 1701 403 1782 capite;
433 1703 590 1768 similiter
622 1703 728 1768 homo
751 1704 918 1767 ecclesiae
943 1705 1006 1767 nisi
1035 1724 1080 1766 ex
1105 1702 1190 1766 Deo.
1236 1700 1396 1784 Apparet

268 1799 357 1863 sicut
368 1819 491 1884 corpus
502 1812 585 1883 agat
605 1823 650 1865 ex
670 1823 727 1880 se;
752 1811 790 1866 ut
802 1801 891 1865 sicut
904 1821 1024 1864 manus
1036 1811 1073 1865 et
1089 1801 1195 1882 pedes
1207 1801 1242 1863 in
1259 1797 1397 1880 agendo

269 1909 434 1962 moveant
450 1919 487 1962 se
503 1921 548 1962 ex
565 1921 613 1974 se,
628 1909 664 1964 et
680 1901 768 1963 sicut
783 1919 822 1963 os
838 1911 874 1963 et
891 1899 1007 1981 lingua
1022 1900 1056 1963 in
1073 1898 1246 1981 loquendo
1258 1897 1395 1959 vibrent

268 2013 306 2056 se
329 2013 374 2058 ex
398 2017 455 2074 se;
487 2017 564 2061 curn
588 2007 706 2062 tamen
726 2017 768 2060 ne
791 1996 899 2060 hilum
921 2017 967 2060 ex
990 2017 1037 2071 se,
1059 1997 1120 2060 sed
1144 2017 1189 2060 ex
1213 1992 1393 2059 affet'tione

268 2091 456 2159 voluntatis
480 2105 516 2158 et
539 2097 618 2158 inde
643 2097 858 2177 cogitatione
877 2091 1075 2158 intellectus
1098 2096 1132 2157 in
1156 2095 1279 2177 capite.
1326 2089 1394 2154 Co·

267 2190 344 2269 gita
357 2199 437 2256 tunc
455 2196 483 2256 si
499 2195 556 2257 uni
572 2197 705 2277 corpori
719 2194 815 2276 plura
828 2195 943 2275 capita
955 2192 1077 2267 forent,
1092 2203 1127 2256 et
1142 2188 1397 2272 unumquodvis

268 2299 372 2368 caput
388 2293 438 2354 sui
454 2291 536 2372 juris
552 2303 646 2355 esset
665 2313 710 2354 ex
730 2312 792 2354 suo
808 2288 988 2355 intelledlu
1006 2301 1042 2353 et
1061 2311 1107 2354 ex
1126 2311 1186 2353 sua
1201 2289 1394 2359 voluntate,

266 2403 311 2445 an
331 2388 518 2452 subsistere
538 2392 649 2473 possit
669 2409 814 2470 corpus:
840 2391 929 2452 inter
948 2388 1007 2450 illa
1027 2390 1224 2451 unanimum
1244 2406 1311 2450 non
1331 2386 1394 2447 da·

267 2482 336 2546 bile
356 2495 421 2560 est,
442 2488 542 2569 quale
562 2498 615 2551 est
634 2489 731 2550 unius
752 2488 884 2569 capitis.
931 2486 1027 2550 Sicut
1047 2497 1100 2548 est
1119 2489 1152 2547 in
1170 2485 1326 2556 ecclesia,
1345 2483 1395 2545 ita

268 2591 324 2644 est
353 2584 388 2646 in
413 2584 528 2658 caelis
554 2587 645 2668 quod
670 2607 715 2648 ex
740 2585 950 2665 myriadibus
974 2585 1164 2664 myriadum
1189 2582 1393 2663 angelorum

268 2681 448 2759 consistit;
473 2685 537 2745 nisi
554 2703 674 2746 omnes
690 2692 726 2745 et
742 2682 867 2763 singuli
880 2679 1077 2764 spectarent
1093 2681 1136 2744 ad
1153 2698 1255 2742 unum
1270 2680 1393 2746 Deum.

267 2775 444 2842 decideret
464 2800 549 2843 unus
568 2781 612 2843 ab
631 2782 751 2856 altero,
773 2791 809 2843 et
825 2780 958 2842 caelum
978 2779 1232 2843 dissolveretur.
1279 2775 1394 2858 Quare

267 2875 296 2936 si
319 2877 463 2957 angelus
483 2877 569 2940 caeli
593 2879 697 2941 modo
716 2879 850 2958 cogitat
874 2877 917 2940 de
940 2877 1092 2959 pluribus
1113 2876 1187 2949 diis,
1208 2873 1301 2937 illico
1325 2875 1393 2936 dis·

266 2985 407 3054 paratur
419 2997 426 3053 ;
451 2975 584 3057 ejicitur
602 2976 692 3038 enim
711 2977 745 3038 in
766 2975 923 3038 ultimum
943 2974 1045 3037 finem
1065 2972 1250 3044 caelorum,
1271 2991 1311 3034 ac
1331 2972 1391 3034 de·

266 3071 364 3135 cidit.

331 3171 401 3236 26.
433 3171 603 3252 Quoniam
635 3172 829 3234 universum
853 3169 986 3233 caelum
1017 3179 1052 3231 et
1087 3169 1202 3231 omnia
1232 3165 1319 3229 caeli
1348 3166 1392 3227 ad

267 3287 371 3330 unum
396 3268 506 3332 Deum
530 3290 567 3332 se
591 3270 751 3343 referunt,
776 3268 855 3331 ideo
878 3266 1015 3349 loquela
1037 3265 1196 3346 angelica
1220 3264 1300 3326 talis
1323 3272 1388 3337 est,

266 3373 305 3426 ut
326 3384 385 3446 per
404 3367 574 3449 quendam
591 3376 798 3430 concentum
818 3387 863 3428 ex
884 3374 1057 3428 concentu
1073 3363 1159 3425 caeli
1178 3361 1284 3425 fluens
1301 3361 1392 3424 desi·

266 3472 328 3524 nat
351 3464 384 3525 in
409 3484 532 3542 unum;
563 3465 724 3527 indicium
745 3463 835 3546 quod
855 3462 921 3526 illis
940 3460 1151 3543 impossibile
1171 3461 1215 3523 sit
1238 3460 1393 3540 cogitare

267 3561 331 3622 nisi
351 3581 453 3623 unum
474 3560 606 3639 Deum;
636 3562 771 3644 loquela
791 3563 881 3624 enim
901 3570 955 3624 est
975 3581 1019 3623 ex
1040 3559 1263 3640 cogitatione.

331 3669 396 3740 27.
428 3658 523 3740 Quis,
549 3661 600 3722 cui
632 3661 768 3740 integra
798 3661 886 3722 ratio
915 3668 981 3733 est,
1007 3678 1074 3721 non
1099 3657 1276 3739 percipiet,
1300 3655 1391 3740 quod

260 3756 430 3819 Divinum
456 3777 523 3820 non
544 3757 717 3820 dividuum
738 3757 806 3820 sit?
830 3767 903 3820 tum
923 3758 1013 3839 quod
1038 3756 1152 3837 plures
1173 3754 1311 3830 Infiniti,
1333 3753 1390 3817 In-

265 3854 385 3928 creati,
413 3852 681 3936 Omnipotentes
709 3876 748 3917 ac
781 3853 836 3916 Dii
867 3874 934 3917 non
963 3853 1110 3917 dentur?
1154 3851 1189 3917 Si
1216 3853 1312 3927 alius,
1337 3852 1389 3915 cui

265 3954 355 4015 ratio
378 3973 448 4015 non
467 3963 531 4026 est,
553 3954 683 4015 diceret
708 3953 797 4034 quod
823 3951 936 4033 plures
961 3950 1100 4026 Infiniti‚
1126 3949 1285 4025 Increati,
1306 3946 1389 4012 Om-

266 4053 466 4132 nipotentes
490 4070 528 4114 ac
553 4050 608 4113 Dii
632 4048 763 4112 dabiles
783 4050 863 4123 sint,
884 4048 987 4112 modo
1011 4069 1077 4111 una
1099 4048 1221 4111 eadem
1240 4047 1391 4109 essentia

265 4151 311 4212 sit
335 4148 413 4224 illis,
438 4157 472 4211 et
500 4149 590 4230 quod
618 4168 678 4228 per
701 4147 733 4210 id
759 4167 844 4209 unus
868 4146 1035 4222 Infinitus‚
1060 4145 1248 4219 Increatus‚
1269 4141 1389 4206 Omni-

266 4258 393 4328 potens
417 4255 452 4309 et
475 4245 569 4308 Deus
593 4247 648 4320 sit,
669 4264 784 4307 annon
810 4265 877 4307 una
896 4244 1016 4307 eadem
1037 4244 1187 4306 essentia
1211 4250 1264 4304 est
1287 4261 1389 4303 unum

265 4345 381 4407 idem?
416 4353 451 4406 et
479 4363 581 4406 unum
600 4343 691 4406 idem
717 4341 868 4424 pluribus
895 4360 965 4404 non
988 4341 1099 4403 datur.
1144 4337 1179 4403 Si
1207 4340 1388 4414 diceretur,

265 4443 359 4524 quod
380 4462 481 4504 unum
506 4443 550 4504 sit
574 4441 616 4504 ab
640 4439 759 4515 alteru,
780 4449 862 4503 tunc
882 4438 939 4502 ille
958 4438 1015 4520 qui
1038 4447 1091 4501 est
1118 4437 1162 4500 ab
1192 4436 1302 4501 altero
1321 4457 1389 4499 non

266 4551 321 4602 est
340 4540 433 4603 Deus
449 4543 482 4603 in
500 4562 546 4614 se,
562 4551 596 4602 et
614 4550 730 4603 tamen
748 4537 841 4602 Deus
856 4538 891 4602 in
912 4535 955 4600 Se
972 4544 1026 4600 est
1043 4534 1136 4599 Deus
1155 4555 1176 4598 a
1191 4555 1259 4618 quo
1275 4535 1390 4598 omnia

267 4636 444 4721 (videatur
462 4659 574 4722 supra,
595 4658 626 4701 n.
650 4635 715 4723 16).
