3344 5402
430 635 481 686 os
504 633 640 686 o1v1no
663 634 808 698 anona,
830 634 925 686 enas
943 635 1063 685 11.—N.
1085 635 1153 704 1²5·
1313 640 1362 706 49

231 817 269 872 et
292 827 352 890 per
373 808 680 888 “septentrionem
690 805 706 831 '’
724 807 896 889 sapientia
918 807 951 870 in
976 807 1114 870 umbra:
1148 817 1210 872 aut
1233 806 1360 872 similia

231 900 422 986 respective
441 902 486 965 ad
505 911 636 967 statum
655 921 772 966 eorum
791 903 835 966 de
854 902 974 986 quibus
993 905 1118 984 agitur.

294 1011 384 1064 m.
408 995 580 1077 Quoniam
591 999 703 1062 oriens
717 1007 770 1062 est
786 1018 807 1061 a
822 1019 891 1081 quo
903 1019 1024 1063 omnes
1037 999 1161 1082 plagae
1177 1001 1211 1064 in
1228 1001 1360 1066 mundo

230 1093 399 1176 spirituali
410 1095 694 1169 determinantur,
703 1103 740 1158 et
753 1113 814 1174 per
824 1094 1073 1159 “orientem''in
1084 1115 1244 1177 supremo
1253 1117 1358 1162 sensu

230 1190 438 1273 intelligitur
455 1189 624 1254 Dominus
640 1201 676 1255 ct
693 1211 828 1275 quoque
848 1189 993 1254 Divinus
1010 1190 1130 1268 Amor,
1147 1201 1248 1275 patet
1263 1193 1357 1278 quod

231 1285 399 1350 Dominus
415 1296 451 1350 et
468 1305 564 1351 arnor
576 1287 610 1350 in
629 1286 746 1368 Ipsum
762 1288 819 1362 sit,
833 1306 854 1349 a
869 1307 937 1370 quo
953 1287 1070 1350 omnia
1085 1297 1165 1352 sunt
1180 1307 1188 1367 ;
1212 1298 1248 1352 et
1264 1289 1356 1372 quod

230 1391 396 1465 quantum
409 1382 484 1464 quis
496 1401 565 1444 non
577 1383 611 1445 in
624 1381 684 1445 illo
697 1401 813 1446 amore
825 1391 892 1458 est,
904 1392 1040 1446 tanturn
1051 1382 1096 1445 ab
1108 1382 1189 1465 Ipso
1201 1394 1359 1448 remotus

229 1478 286 1552 sit,
306 1485 343 1540 et
359 1475 495 1541 habitet
516 1476 572 1541 vel
591 1478 626 1540 in
645 1478 839 1554 occidente,
856 1477 911 1541 vel
930 1479 963 1542 in
980 1479 1132 1554 meridie,
1150 1477 1205 1542 vel
1222 1479 1257 1543 in
1276 1499 1356 1563 sep·

229 1572 415 1648 tentrione,
426 1572 470 1637 ad
484 1572 670 1636 distantias
686 1573 935 1638 ibisecundum
952 1575 1169 1656 receptiones
1185 1574 1320 1638 amoris.

291 1681 384 1749 ¹²3·
415 1665 589 1750 Quoniam
610 1667 778 1732 Dominus
798 1679 834 1732 ut
854 1667 913 1734 Sol
932 1680 1136 1735 constanter
1154 1680 1208 1734 est
1231 1670 1266 1734 in
1285 1670 1354 1734 ori·

228 1771 322 1840 ente,
336 1763 414 1827 ideo
432 1764 576 1848 antiqui,
593 1763 683 1847 apud
700 1784 785 1846 quos
802 1765 919 1829 omnia
930 1764 1044 1829 cultus
1059 1767 1357 1848 repraesentativa

228 1857 454 1942 spiritualium
472 1857 620 1936 suerunt,
640 1861 676 1923 in
693 1860 953 1925 adorationibus
968 1861 1038 1924 suis
1053 1870 1231 1925 verterunt
1250 1861 1357 1926 facies

227 1953 272 2018 ad
292 1955 480 2033 orientem3
508 1974 550 2020 ac
572 1962 610 2018 ut
628 1953 739 2019 simile
757 1955 792 2020 in
810 1955 904 2020 omni
923 1955 1019 2020 cultu
1036 1955 1201 2032 iacerent,
1222 1955 1357 2040 templa

228 2069 290 2114 sua
305 2049 411 2115 etiam
430 2049 511 2116 illuc
527 2059 729 2115 verterunt:
752 2070 798 2115 ex
814 2072 882 2135 quo
905 2061 972 2128 est,
990 2052 1204 2136 quodetiam
1221 2053 1357 2136 templa

226 2144 330 2210 hodie
349 2145 509 2211 similiter
526 2145 762 2212 aedificentur.

228 2427 342 2515 Quos
366 2445 518 2498 sunone
541 2445 584 2497 1n
606 2445 745 2499 nunno
767 2445 987 2501 samrrunur
1012 2446 1094 2501 non
1115 2446 1203 2500 snm
1225 2446 1252 2498 a
1274 2432 1353 2500 Do·

354 2541 454 2595 unio
476 2541 527 2595 ur
553 2527 665 2606 sous,
690 2542 761 2595 sao
784 2542 890 2608 ouon
912 2542 1001 2597 surr
1028 2543 1078 2595 aa
1101 2541 1267 2595 anesus
1289 2541 1354 2594 sa·

353 2637 516 2691 eunoun
539 2637 823 2691 nncsrnonsu.

289 2823 383 2893 124·
413 2806 553 2875 Didium
573 2819 638 2886 est,
658 2809 750 2893 quod
769 2808 887 2893 angeli
905 2807 1065 2874 habitent
1084 2806 1238 2874 distineri
1260 2809 1354 2874 inter

225 2925 274 2985 se,
292 2907 429 2990 quidam
453 2907 487 2970 in
507 2906 612 2991 plaga
628 2905 800 2983 orientali,
820 2904 959 2989 quidam
981 2907 1016 2970 in
1039 2905 1259 2981 occidentali,
1275 2905 1350 2989 qui·

225 3002 305 3066 dam
325 3004 358 3065 in
378 3003 605 3078 meridionali,
626 3011 662 3066 et
682 3002 820 3085 quidam
839 3003 874 3065 in
893 2999 1178 3084 septentrionali3
1202 3011 1238 3064 et
1258 3001 1352 3084 quod

226 3100 281 3182 qui
312 3099 345 3161 in
374 3097 479 3181 plaga
502 3099 662 3163 orientali
684 3098 857 3174 habitant,
882 3099 951 3163 sint
981 3099 1014 3160 in
1037 3098 1163 3160 amoris
1186 3099 1351 3180 superiori

225 3195 345 3278 gradu,
370 3195 426 3278 qui
456 3195 490 3258 in
520 3193 731 3259 occidentali
761 3195 795 3257 in
825 3195 950 3258 amoris
972 3192 1121 3258 inferiori
1151 3195 1270 3275 gradu,
1294 3194 1351 3277 qui

225 3291 259 3353 in
278 3289 494 3353 meridionali
517 3291 551 3353 in
574 3291 766 3373 sapientiae
784 3289 872 3365 luce,
891 3299 928 3353 et
950 3289 1006 3372 qui
1029 3289 1063 3352 in
1087 3288 1351 3370 septentrionali

224 3386 260 3450 in
283 3386 473 3468 sapientiae
497 3386 626 3450 umbra.
672 3385 738 3450 Illa
760 3385 1013 3449 habitationum
1037 3383 1220 3448 diversitas
1243 3403 1350 3468 appa·

224 3491 278 3545 ret
301 3483 390 3545 sicut
413 3484 460 3546 sit
490 3501 510 3544 a
541 3481 692 3545 Domino
715 3491 753 3545 ut
777 3479 868 3556 Sole,
894 3500 971 3544 cum
994 3490 1122 3544 tamen·
1137 3489 1192 3544 est
1215 3478 1258 3543 ab
1287 3499 1351 3542 an·

225 3577 324 3659 gelis.
371 3576 539 3641 Dominus
558 3598 627 3640 non
647 3587 701 3641 est
725 3578 758 3640 in
779 3577 897 3658 majori
921 3587 958 3641 et
981 3576 1103 3640 minori
1121 3573 1230 3659 gradu
1252 3593 1350 3639 amo·

225 3673 270 3735 ris
288 3682 324 3736 et
344 3673 546 3755 sapientiae,
567 3693 626 3736 seu
646 3671 724 3755 lpse
744 3683 781 3736 ut
802 3670 861 3736 Sol
881 3692 949 3735 non
970 3680 1023 3736 est
1043 3673 1076 3736 in
1095 3669 1214 3752 majori
1232 3679 1268 3735 et
1286 3671 1351 3734 mi·

225 3770 299 3832 nori
315 3770 422 3850 gradu
440 3769 563 3832 caloris
582 3781 618 3833 et
638 3769 722 3833 lucis
739 3768 828 3852 apud
845 3789 947 3832 unum
964 3787 1066 3850 quarn
1081 3768 1172 3850 apud
1188 3767 1350 3844 alterum,

225 3873 279 3926 est
293 3864 383 3927 enim
396 3863 504 3926 ubivis
518 3865 630 3928 idem:
656 3865 715 3928 sed
731 3884 797 3927 non
812 3865 973 3945 recipitur
985 3864 1029 3927 ab
1045 3883 1112 3926 uno
1129 3873 1163 3928 et
1180 3864 1225 3929 ab
1237 3863 1352 3927 altero

225 3957 259 4021 in
283 3957 384 4022 simili
407 3959 538 4040 gradu;
572 3970 609 4023 et
631 3960 697 4023 hoc
721 3959 803 4023 facit
832 3969 868 4022 ut
897 3970 1087 4041 appareant
1111 3959 1174 4022 sibi
1198 3961 1288 4023 inter
1311 3979 1351 4022 se

225 4053 354 4116 distare
378 4052 455 4136 plus
478 4064 515 4119 ct
538 4056 659 4128 minus,
680 4063 715 4118 et
739 4074 873 4137 quoque
897 4055 989 4118 varie
1009 4055 1196 4118 secundum
1216 4054 1347 4136 plagas.

225 4147 282 4212 Ex
313 4170 381 4233 quo
411 4151 574 4233 sequitur,
596 4151 686 4233 quod
710 4150 836 4232 plagae
867 4151 901 4214 in
929 4152 1056 4215 mundo
1079 4150 1247 4232 spirituali
1278 4171 1348 4214 non

224 4244 316 4308 aliud
333 4245 413 4320 sint,
427 4265 530 4328 quarn
548 4247 661 4309 variae
674 4247 893 4328 receptiones
908 4247 1033 4310 amoris
1046 4256 1081 4310 et
1098 4246 1297 4327 sapientiae,
1312 4253 1349 4310 et

224 4342 304 4405 inde
324 4341 448 4405 caloris
467 4351 503 4405 et
528 4340 612 4404 lucis
634 4361 679 4405 ex
703 4340 856 4406 Domino
883 4353 920 4406 ut
951 4340 1041 4406 Sole.
1089 4339 1191 4421 Quod
1222 4342 1271 4404 ita
1290 4342 1347 4417 sit,

225 4447 324 4520 patet
348 4458 368 4501 a
391 4438 641 4501 demonstratis
664 4457 767 4519 supra
787 4436 835 4519 (n.
859 4437 1028 4520 108-112),
1049 4437 1139 4519 quod
1160 4437 1348 4500 distantiae

226 4533 259 4597 in
279 4534 407 4597 mundo
426 4532 594 4614 spirituali
612 4533 682 4598 sint
701 4538 932 4617 apparentiae.

289 4641 381 4712 125.
411 4630 501 4712 Quia
524 4629 648 4713 plagae
672 4640 754 4694 sunt
776 4629 888 4694 variae
912 4629 1131 4710 receptiones
1154 4627 1279 4690 amoris
1311 4635 1347 4690 et
