3418 5370
511 719 562 769 oa
585 719 723 770 urvrun
746 717 1100 770 pxovmaunn—u.
1121 707 1192 788 298.
1355 721 1420 790 247

285 895 412 960 naliter
435 892 600 960 distinfiie
628 897 738 981 possit
762 895 938 980 cogitare:
975 897 1035 960 sed
1065 916 1172 980 usque
1203 907 1321 960 tamen
1345 915 1418 959 non

286 1000 405 1076 potest
429 1001 542 1056 semet
561 993 733 1056 abducere
756 1014 777 1056 a
800 992 903 1057 malo.
950 991 1063 1058 Causa
1085 1003 1151 1069 est,
1172 993 1251 1075 quia
1269 991 1419 1056 facultas

285 1088 506 1171 intelligendi
536 1097 572 1152 et
602 1089 814 1173 percipiendi
842 1109 898 1153 res
920 1089 1026 1152 etiam
1049 1085 1224 1152 abstraite
1250 1088 1332 1151 data
1361 1095 1417 1150 est

286 1185 466 1260 unicuivis,
504 1193 577 1248 tam
612 1184 705 1248 malo
740 1204 843 1268 quarn
878 1185 1026 1261 bon0,a
1056 1183 1218 1260 Domino,
1245 1192 1283 1247 ut
1313 1203 1418 1265 supra

286 1281 415 1364 passim
440 1289 620 1344 ostensum
643 1290 718 1360 est;
749 1291 786 1345 at
809 1301 915 1364 usque
944 1280 1050 1345 homo
1077 1301 1124 1345 ex
1151 1279 1212 1343 illa
1233 1299 1303 1342 non
1333 1287 1415 1361 pot·

285 1386 341 1442 est
369 1399 407 1442 se
430 1377 617 1440 educerea
644 1376 757 1444 malo:
784 1377 913 1441 malurn
942 1379 1034 1440 enim
1061 1387 1116 1441 est
1145 1374 1348 1450 voluntatis,
1373 1391 1414 1436 ac

285 1470 482 1538 intellectus
517 1491 587 1535 non
620 1471 730 1536 influit
766 1472 800 1535 in
835 1472 1066 1549 voluntatem,
1099 1473 1163 1536 nisi
1190 1471 1302 1535 solum
1334 1487 1415 1532 curn

286 1569 372 1644 luce,
397 1588 437 1632 ac
468 1567 684 1632 illustratet
712 1568 838 1648 docet;
873 1578 909 1632 et
937 1571 965 1632 si
994 1568 1089 1632 calor
1114 1567 1317 1642 voluntatis,
1345 1564 1414 1628 hoc

285 1675 350 1740 est,
374 1683 473 1728 amor
496 1665 589 1727 vitae
620 1663 770 1727 hominis
799 1674 853 1729 est
882 1664 1031 1728 fervidus
1060 1685 1106 1728 ex
1132 1661 1416 1746 concupiscentia

286 1759 376 1835 mali,
395 1769 451 1824 est
470 1768 553 1823 tunc
573 1759 716 1841 frigidus
731 1761 846 1845 quoad
862 1757 1078 1823 affectionem
1094 1760 1195 1837 boni3
1219 1779 1324 1842 quare
1343 1775 1414 1820 non

284 1857 417 1938 recipit,
443 1855 505 1918 sed
530 1854 587 1918 vel
618 1854 729 1936 rejicit
755 1856 812 1919 vel
838 1857 1045 1937 exstinguit,
1064 1853 1120 1918 vel
1149 1875 1211 1936 per
1236 1854 1414 1937 quoddam

225 2015 229 2023 ,
285 1952 529 2033 excogitatum
548 1949 671 2014 falsum
691 1953 796 2015 vertit
819 1951 853 2015 in
877 1951 1016 2014 malum.
1062 1950 1139 2014 Hoc
1163 1949 1202 2015 fit
1225 1952 1315 2013 sicut
1334 1967 1412 2012 cum

284 2047 359 2112 luce
378 2048 512 2123 hiemis,
533 2069 621 2132 quae
640 2069 750 2131 aeque
769 2047 863 2112 clara
882 2058 936 2112 est
959 2047 1069 2130 qualis
1092 2057 1147 2112 est
1170 2047 1232 2110 lux
1255 2046 1415 2121 aestatis,

284 2164 370 2226 quae
389 2143 534 2208 influens
558 2145 592 2207 in
616 2145 756 2208 arbores
775 2144 918 2226 frigidas
936 2145 1093 2208 similiter
1110 2145 1212 2222 sacit3
1240 2143 1302 2208 sed
1324 2142 1414 2206 haec

284 2239 545 2323 plenius·videri
566 2251 711 2322 possunt
731 2241 765 2303 in
784 2240 850 2304 hoc
870 2241 989 2304 ordine
1004 2239 1121 2323 :-·(1.)
1153 2239 1256 2321 Quod
1275 2239 1413 2322 propria

282 2335 530 2417 intelligentia,
555 2354 632 2400 curn
655 2335 819 2399 voluntas
848 2337 883 2399 in
910 2335 1002 2399 malo
1025 2346 1090 2411 est,
1115 2356 1183 2398 non
1208 2336 1324 2398 videat
1347 2333 1416 2396 nisi

279 2448 385 2515 quam
405 2430 539 2506 falsum,
559 2441 597 2495 et
626 2431 718 2515 quod
742 2451 811 2496 non
834 2431 952 2496 videre
974 2431 1059 2494 velit
1084 2450 1147 2495 nec
1177 2432 1288 2513 possit
1307 2427 1410 2492 aliud.

283 2525 344 2612 (2.)
373 2526 475 2609 Quod
497 2529 525 2590 si
545 2530 682 2610 propria
698 2528 935 2612 intelligentia
953 2538 1034 2591 tunc
1054 2527 1149 2591 videt
1165 2545 1294 2601 verum,
1312 2545 1412 2588 aver·

282 2633 336 2688 tat
359 2645 408 2699 se,
429 2632 488 2688 aut
512 2623 669 2688 falsificet
687 2622 781 2688 illud.
829 2621 889 2706 (3.)
923 2620 1026 2704 Quod
1046 2621 1172 2686 Divina
1191 2619 1415 2685 Providentia

282 2721 444 2782 continue
465 2719 569 2782 iaciat
586 2719 762 2783 hominem
778 2720 893 2782 videre
913 2737 1044 2794 verum,
1061 2727 1098 2782 et
1115 2717 1328 2801 quodetiam
1348 2716 1412 2779 det

282 2810 738 2896 affedlionempercipiendi
765 2814 861 2890 illud,
886 2823 922 2878 et
945 2834 1081 2897 quoque
1104 2811 1290 2894 recipiendi
1312 2809 1412 2874 illud..

284 2906 344 2992 (4.)
375 2908 477 2990 Quod
495 2907 602 2973 homo
621 2929 681 2992 per
703 2909 738 2972 id
757 2909 950 2973 abducatur
973 2930 994 2973 a
1016 2909 1121 2985 malo,
1141 2928 1210 2971 non
1234 2927 1254 2971 a
1277 2927 1325 2982 se,
1346 2905 1410 2970 sed

281 3024 302 3067 a
321 3005 481 3069 Domino.

344 3098 445 3181 298.
473 3098 541 3164 Sed
559 3108 597 3163 ut
613 3099 699 3163 haec
716 3119 832 3164 coram
846 3100 1007 3165 rationali
1022 3100 1161 3163 homine
1177 3097 1410 3182 [appareant],

281 3197 353 3260 sive
372 3196 482 3259 malus
503 3196 548 3258 sit
568 3195 640 3258 sive
663 3196 784 3272 bonus,
802 3197 851 3259 ita
874 3197 946 3260 sive
969 3197 1013 3259 sit
1032 3196 1067 3259 in
1086 3195 1162 3258 luce
1180 3193 1321 3257 hiemali
1336 3194 1412 3256 sive

280 3292 314 3356 in
338 3292 414 3356 luce
438 3293 581 3367 aestiva,
607 3290 640 3354 in
666 3301 811 3374 utraque
837 3294 928 3355 enirn
956 3291 1090 3355 colores
1118 3289 1274 3352 similiter
1300 3310 1406 3371 appa-

281 3396 369 3463 rent,
388 3386 596 3470 explicanda
616 3397 697 3451 sunt
716 3388 749 3450 in
770 3408 832 3451 suo
851 3389 980 3451 ordine.
1026 3386 1193 3450 Primum:
1220 3384 1318 3463 Quod
1323 3393 1406 3465 pro·

278 3483 360 3566 pria
377 3482 612 3565 intelligentia,
633 3504 705 3546 cum
720 3483 876 3547 voluntas
895 3484 931 3546 in
950 3483 1036 3546 malo
1053 3492 1113 3557 est,
1134 3502 1197 3544 non
1212 3481 1325 3544 videat
1339 3481 1414 3544 nisi

281 3578 427 3657 falsum,
452 3586 485 3640 et
508 3578 601 3660 quod
625 3599 688 3640 non
716 3578 829 3642 videre
857 3579 938 3642 velit
964 3599 1018 3641 nec
1039 3577 1152 3659 possit
1176 3574 1405 3640 aliud—Hoc

282 3675 416 3755 saepius
439 3673 473 3735 in
499 3675 628 3737 mundo
653 3675 821 3755 spirituali
848 3684 1026 3738 ostensum
1053 3685 1117 3738 est.
1163 3672 1408 3755 Unusquisque

281 3767 396 3844 homo,
417 3768 499 3832 dum
518 3766 556 3832 fit
581 3769 732 3850 spiritus,
754 3771 845 3853 quod
868 3769 906 3834 fit
925 3781 1005 3853 post
1029 3780 1187 3844 mortem,
1208 3777 1290 3831 tunc
1314 3770 1405 3832 enim

281 3866 377 3928 exuit
408 3864 587 3928 materiale
624 3884 747 3946 corpus
780 3886 819 3930 ac
849 3866 960 3930 induit
991 3865 1180 3948 spirituale,
1209 3865 1411 3928 immittitur

281 3959 423 4024 alternis
439 3959 474 4023 in
494 3960 594 4023 binos
614 3981 694 4024 suae
711 3962 803 4026 vitae
821 3971 944 4038 statua,
962 3971 1148 4026 externum
1166 3979 1205 4022 ac
1225 3960 1407 4023 internum.

283 4055 373 4120 Dum
391 4057 426 4120 in
450 4064 546 4119 statu
568 4065 714 4120 externo
734 4068 798 4133 est,
817 4057 966 4140 loquitur
989 4066 1025 4121 et
1044 4075 1179 4141 quoque
1202 4056 1276 4138 agit
1300 4059 1406 4119 ratio-

282 4153 408 4216 naliter
420 4163 455 4217 et
467 4154 653 4236 sapienter,
668 4175 804 4236 prorsus
817 4157 904 4219 sicut
917 4155 1022 4218 homo
1033 4151 1210 4217 rationalis
1222 4161 1258 4215 et
1271 4154 1410 4235 sapiens

281 4249 314 4311 in
334 4249 473 4324 mundo,
495 4258 531 4314 et
553 4271 688 4334 quoque
704 4260 822 4333 potest
842 4251 968 4314 docere
987 4251 1073 4313 alios
1093 4249 1190 4332 plura
1209 4269 1295 4332 quae
1314 4251 1410 4314 vitae

282 4344 420 4407 moralis
432 4355 468 4410 et
480 4346 590 4410 civilis
605 4357 684 4411 sunt
697 4369 704 4425 ;
725 4359 760 4410 et
773 4349 800 4410 si
814 4347 1031 4430 praedicator
1042 4346 1163 4422 suerat,
1174 4354 1289 4427 potest
1302 4347 1408 4410 etiam

282 4439 406 4504 docere
423 4463 510 4526 quae
525 4444 617 4507 vitae
631 4444 816 4527 spiritualis
829 4454 920 4507 sunt.
959 4441 1010 4507 At
1024 4462 1100 4506 cum
1117 4444 1161 4505 ab
1177 4451 1326 4505 externo
1342 4441 1409 4506 hoc

282 4545 378 4600 statu
401 4539 436 4602 in
461 4541 633 4604 internum
658 4561 755 4604 suurn
779 4541 939 4616 mittitur,
964 4560 1003 4604 ac
1028 4532 1194 4603 externus
1216 4539 1349 4620 sopitur
1372 4548 1410 4602 et

281 4634 439 4699 internus
459 4637 723 4717 expergiscitur,
742 4646 834 4713 tunc,
856 4638 884 4700 si
903 4635 1012 4700 malus
1031 4646 1095 4711 est,
1114 4644 1266 4698 mutatur
1282 4653 1411 4713 scena;

281 4729 321 4795 fit
339 4753 359 4794 a
374 4732 535 4795 rationali
550 4732 719 4796 sensualis
734 4742 770 4798 et
787 4755 807 4796 a
822 4735 980 4816 sapiente
995 4733 1153 4811 insanus;
1174 4733 1307 4812 cogitat
1319 4731 1412 4792 enim
