3418 5368
484 729 535 778 DE
559 730 698 781 DIVINA
722 724 1076 778 PROVIDENTIA.-N.
1101 729 1169 792 199.
1331 731 1392 797 139

326 913 426 980 199.
459 897 576 963 Homo
599 900 736 982 quidem
756 907 875 980 potest
898 894 1072 962 reflectere
1095 919 1197 980 super
1219 910 1390 964 externae

257 992 450 1060 affectionis
470 1015 551 1058 suae
567 995 766 1076 jucundum,
787 995 868 1056 dum
888 993 954 1058 hoc
978 994 1066 1058 sicut
1090 1014 1193 1058 unum
1218 997 1291 1078 agit
1312 1017 1389 1060 cum

254 1091 410 1174 jucundo
428 1089 569 1171 alicujus
593 1110 713 1153 sensus
736 1091 913 1173 corporis,
941 1090 1002 1153 sed
1026 1110 1131 1174 usque
1156 1111 1225 1154 non
1244 1090 1392 1156 relleiiit

259 1208 364 1271 super
375 1187 420 1260 ld,
434 1185 526 1269 quod
539 1186 573 1248 id
586 1184 774 1266 jucundum
787 1187 832 1249 sit
845 1207 890 1248 ex
903 1183 1055 1266 jucundo
1067 1185 1258 1250 affectionis
1272 1187 1341 1269 ejus
1355 1190 1389 1251 in

259 1283 488 1364 cogitatione.
526 1280 578 1346 Ut
594 1300 656 1363 pro
674 1280 858 1364 exemplo:
883 1290 1058 1344 scortator
1073 1302 1150 1345 curn
1166 1283 1261 1347 videt
1280 1302 1391 1348 mere·

260 1379 395 1450 tricem,
412 1377 505 1439 visus
522 1375 611 1440 oculi
627 1374 699 1455 ejus
716 1375 835 1440 rutilat
855 1397 901 1440 ex
920 1377 1002 1459 igne
1021 1376 1193 1452 lasciviae,
1211 1388 1247 1442 et
1268 1399 1313 1441 ex
1330 1377 1394 1442 illo

260 1473 371 1536 sentit
383 1471 571 1553 jucundum
587 1473 620 1534 in
638 1490 781 1554 corpore
797 1494 804 1550 ;
829 1473 891 1536 sed
914 1481 1033 1536 tamen
1052 1493 1120 1536 non
1140 1475 1249 1537 sentit
1268 1473 1389 1556 jucun-

260 1569 343 1632 dum
371 1564 559 1631 affectionis
586 1587 646 1630 seu
673 1569 977 1650 concupiscentiae
1003 1567 1075 1650 ejus
1101 1571 1134 1632 in
1163 1571 1389 1651 cogitatione,

261 1665 328 1726 nisi
350 1663 489 1746 aliquod
513 1663 674 1746 cupidum
701 1683 769 1727 una
797 1684 874 1726 cum
902 1684 1057 1747 corpore.
1109 1663 1274 1729 Similiter
1299 1666 1389 1728 latro

260 1761 297 1822 in
316 1761 413 1836 silva,
434 1760 515 1822 dum
533 1759 630 1823 videt
654 1759 938 1840 peregrinantes;
962 1769 997 1824 et
1020 1761 1131 1842 pirata
1150 1762 1183 1824 in
1206 1762 1290 1824 mari
1309 1761 1389 1823 dum

261 1858 359 1921 videt
386 1857 546 1938 navigia;
580 1855 742 1920 similiter
767 1858 801 1920 in
828 1856 977 1941 reliquis.
1027 1855 1129 1939 Quod
1156 1857 1216 1922 illa
1239 1858 1391 1939 jucunda

259 1964 387 2036 regant
405 1955 637 2036 cogitationes
657 1952 739 2034 ejus,
760 1964 796 2017 et
814 1953 906 2036 quod
925 1953 1157 2035 cogitationes
1176 1955 1304 2037 absque
1323 1953 1391 2018 illis

261 2069 333 2112 non
349 2051 418 2113 sint
435 2049 573 2132 aliquid,
591 2057 690 2130 patet
705 2071 712 2126 ;
737 2049 799 2111 sed
815 2057 914 2131 putat
927 2048 1018 2131 quod
1032 2048 1143 2110 solum
1156 2050 1389 2130 cogitationes

260 2146 345 2220 sint,
362 2164 439 2208 cum
457 2155 576 2208 tamen
596 2145 835 2226 cogitationes,
849 2163 918 2206 non
938 2153 1018 2207 sunt
1039 2145 1102 2206 nisi
1120 2165 1221 2227 quam
1238 2143 1390 2208 afleiiio·

261 2260 325 2304 nes
347 2240 382 2303 in
404 2239 531 2303 formas
555 2241 600 2303 ab
621 2258 739 2302 amore
761 2240 854 2302 vitae
878 2237 950 2319 ejus
973 2241 1200 2320 compositae,
1221 2250 1259 2304 ut
1283 2260 1390 2322 appa·

261 2346 364 2400 reant‘
381 2337 415 2398 in
434 2334 511 2398 luce
525 2355 533 2413 ;
558 2353 637 2398 nam
654 2335 766 2398 omnis
782 2331 918 2398 affectio
933 2344 988 2398 est
1008 2335 1042 2396 in
1058 2334 1185 2409 calore,
1202 2347 1238 2399 et
1254 2337 1389 2416 cogita·

260 2434 312 2496 tio
337 2434 372 2495 in
400 2432 485 2495 luce.
532 2442 589 2504 [2.]
622 2429 699 2495 Hae
726 2441 808 2494 sunt
835 2428 1034 2494 affectiones
1060 2441 1230 2494 externae
1255 2433 1390 2512 cogita·

261 2531 379 2604 tionis,
397 2547 485 2610 quae
500 2527 638 2610 quidem
658 2547 695 2590 se
711 2526 936 2590 manifestant
954 2526 988 2589 in
1008 2527 1208 2590 sensatione
1226 2529 1389 2610 corporis,

260 2624 323 2689 sed
347 2644 425 2687 raro
446 2622 480 2686 in
504 2623 719 2704 cogitatione
746 2623 884 2685 mentis.
930 2620 981 2684 At
1009 2617 1207 2684 affectiones
1234 2622 1390 2687 internae

259 2719 500 2802 cogitationis,
520 2739 566 2781 ex
590 2718 711 2800 quibus
734 2727 904 2781 externae
928 2717 1098 2791 existunt,
1115 2736 1232 2780 coram
1252 2717 1390 2780 homine

260 2834 430 2897 nusquam
447 2835 487 2877 se
501 2812 745 2890 manifestant;
769 2813 812 2876 de
829 2811 882 2875 his
898 2811 1003 2876 homo
1019 2831 1088 2875 non
1105 2811 1181 2893 plus
1197 2813 1274 2887 scit,
1288 2832 1389 2895 quarn

259 2911 436 2973 dormiens
453 2910 485 2971 in
503 2928 601 2971 curru
617 2908 661 2971 de
677 2909 742 2983 via,
760 2919 796 2972 et
813 2927 914 2990 quam
932 2909 1040 2971 sentit
1055 2907 1188 2970 telluris
1204 2909 1390 2971 circumro-

259 3007 444 3069 tationem.
492 3003 590 3067 Nunc
614 3023 690 3067 cum
714 3003 819 3066 homo
838 3002 922 3066 nihil
945 3005 1012 3066 scit
1032 3003 1076 3065 de
1095 3002 1161 3066 illis
1180 3023 1267 3086 quae
1291 3024 1390 3085 pera·
1422 3030 1426 3036 ·

260 3111 391 3182 guntur
405 3101 439 3164 in
458 3099 676 3163 interioribus
695 3099 822 3162 mentis
838 3119 931 3171 suae,
948 3120 1036 3180 quae
1056 3109 1129 3161 tam
1146 3099 1279 3162 infinita
1298 3110 1388 3175 sunt,

260 3209 301 3260 ut
321 3198 469 3260 numeris
486 3193 617 3258 definiri
637 3203 822 3276 nequeant,
840 3203 1011 3257 ettamen
1031 3213 1141 3276 pauca
1156 3192 1214 3256 illa
1230 3205 1388 3271 externa,

260 3313 350 3376 quae
366 3293 409 3354 ad
423 3292 532 3354 visum
545 3291 768 3372 cogitationis
787 3291 1002 3370 perveniunt,
1017 3311 1062 3352 ex
1075 3290 1294 3352 interioribus
1311 3309 1390 3372 pro·

261 3390 445 3460 ducuntur,
463 3407 503 3450 ac
523 3388 687 3450 interiora
705 3406 725 3448 a
744 3386 820 3449 solo
839 3385 990 3449 Domino
1014 3405 1074 3465 per
1097 3384 1258 3447 Divinam
1278 3385 1390 3466 Ipsius

263 3483 520 3547 Providentiam
549 3492 726 3564 reguntur,
755 3492 790 3545 et
820 3501 929 3564 pauca
954 3481 1014 3544 illa
1044 3490 1193 3544 externa
1219 3501 1286 3543 una
1313 3500 1390 3544 cum

261 3579 413 3652 homine,
432 3579 607 3660 quomodo
625 3589 707 3640 tunc
728 3577 849 3660 aliquis
867 3577 980 3639 dicere
1001 3586 1128 3659 potest,
1145 3577 1236 3661 quod
1253 3579 1391 3660 propria

259 3674 335 3755 ejus
352 3674 535 3754 prudentia
550 3673 653 3737 iaciat
667 3673 805 3736 omnia?
838 3671 872 3736 Si
886 3674 1020 3736 videres
1034 3674 1144 3737 solum
1158 3693 1260 3736 unam
1276 3675 1389 3738 ideam

259 3771 490 3850 cogitationis
509 3769 689 3842 reclusam,
701 3770 835 3832 videres
848 3770 1019 3852 stupenda
1036 3770 1255 3852 plura,quam
1273 3770 1390 3852 lingua

262 3879 382 3948 potest
413 3866 515 3930 effari.
560 3879 617 3940 [3.]
651 3865 752 3948 Quod
781 3870 814 3930 in
841 3868 1059 3932 interioribus
1087 3870 1213 3932 mentis
1241 3868 1389 3931 hominis

259 3976 336 4028 tarn
359 3961 493 4026 infinita
512 3965 592 4036 sint,
618 3973 654 4026 ut
683 3965 830 4026 numeris
858 3962 988 4027 definiri
1012 3973 1196 4046 nequeant,
1222 3973 1319 4045 patet
1343 3986 1388 4027 ex

259 4058 404 4122 infinitis
423 4061 457 4121 in
476 4079 630 4141 corpore,
648 4081 692 4122 ex
710 4059 830 4140 quibus
849 4059 934 4121 nihil
950 4059 993 4121 ad
1010 4059 1119 4122 visum
1135 4068 1171 4122 et
1188 4058 1232 4122 ad
1251 4079 1389 4123 sensum

259 4155 431 4238 pervenit,
451 4173 553 4236 quam
570 4153 645 4217 sola
664 4151 754 4218 actio
773 4157 806 4216 in
827 4155 936 4218 multa
955 4154 1200 4236 simplicitate,
1223 4155 1267 4218 ad
1287 4175 1389 4237 quam

259 4261 383 4313 tamen
400 4260 608 4313 concurrunt
624 4249 730 4312 millia
749 4247 908 4313 fibrarum
928 4251 1121 4313 motricium
1141 4271 1201 4314 seu
1219 4250 1389 4314 muscula·

259 4347 362 4420 rium,
379 4345 485 4409 millia
501 4343 658 4408 fibrarum
674 4365 885 4418 nervearum,
900 4345 1006 4408 millia
1019 4345 1234 4410 vasculorum
1251 4349 1389 4428 sangui·

260 4459 418 4515 neorum,
432 4440 539 4504 millia
557 4439 740 4522 pulmonis,
754 4444 810 4523 qui
826 4443 858 4503 in
876 4443 968 4504 omni
985 4441 1120 4505 actione
1137 4443 1390 4524 cooperabitur,

261 4537 372 4600 millia
388 4539 422 4600 in
438 4536 586 4600 cerebris
603 4537 684 4600 etin
702 4538 800 4617 spina
813 4537 960 4614 dorsali;
985 4547 1020 4599 et
1037 4537 1148 4601 multo
1165 4538 1261 4620 plura
1276 4540 1389 4603 adhuc

260 4633 298 4696 in
326 4633 494 4716 spirituali
521 4631 670 4704 homine,
695 4632 751 4713 qui
775 4641 828 4694 est
853 4652 950 4694 mens
974 4633 1134 4711 humana,
1159 4633 1251 4715 cujus
1274 4636 1390 4698 omnia

260 4739 346 4793 sunt
372 4727 600 4802 affectionum,
625 4738 662 4792 et
688 4728 768 4792 inde
791 4729 1053 4806 perceptionum
1076 4738 1113 4794 et
1136 4730 1390 4807 cogitationum
