3352 5374
251 721 255 732 ,
290 692 296 704 ·
341 677 404 725 120
691 672 895 726 SAPIENTIA
917 672 1113 726 ANGELICA

335 844 506 909 ecclesiae
525 865 570 907 ex
590 843 709 908 Verbo
728 854 820 922 sunt,
840 866 861 909 a
883 843 998 910 medio
1016 845 1182 911 remotius
1201 845 1245 910 ad
1264 844 1374 911 latera
1397 847 1458 911 ab·

337 940 509 1023 legantur,
534 949 569 1004 et
601 941 742 1003 tandem
772 942 1059 1017 exterminantur,
1088 951 1124 1006 et
1155 950 1237 1006 tunc
1266 941 1371 1006 homo
1400 964 1459 1007 seu

337 1056 435 1100 mens
455 1036 621 1100 naturalis
640 1036 785 1119 percipit
806 1036 933 1100 malum
952 1037 1040 1100 sicut
1059 1038 1198 1112 bonum,
1219 1047 1254 1100 et
1278 1039 1373 1102 videt
1396 1038 1458 1102 lal-

336 1152 411 1196 sum
432 1133 518 1195 sicut
539 1151 667 1207 verum,
687 1152 726 1196 ac
750 1132 910 1195 vicissim.
957 1130 1013 1194 Ex
1033 1153 1075 1196 eo
1094 1142 1159 1208 est,
1181 1134 1272 1214 quod
1292 1133 1458 1197 malitiam

335 1228 456 1291 credat
474 1228 691 1308 sapientiam,
711 1227 878 1290 insaniam
899 1226 1179 1308 intelligentiam,
1197 1229 1361 1291 astutiam
1381 1249 1457 1311 pru·

334 1323 503 1396 dentiam,
533 1331 626 1386 artes
659 1321 768 1384 malas
797 1322 1101 1404 ingeniositatem;
1141 1331 1177 1386 et
1211 1332 1294 1386 tune
1325 1344 1459 1406 quoque

336 1416 464 1481 Divina
487 1427 522 1481 et
553 1416 729 1492 caelestia,
754 1428 946 1499 quaesunt
970 1416 1138 1481 ecclesiae
1168 1428 1203 1482 et
1233 1419 1357 1495 cultus,
1379 1420 1459 1484 lacit

335 1513 444 1589 nihili,
459 1535 498 1579 ac
512 1533 675 1595 corporea
698 1522 735 1577 et
758 1513 932 1576 mundana
946 1512 1029 1577 iacit
1048 1514 1199 1577 maximi.
1246 1513 1301 1578 lta
1316 1516 1458 1580 invertit

334 1617 468 1671 statum
484 1609 576 1672 vitae
593 1628 684 1682 suae,
700 1617 736 1670 ut
751 1608 842 1690 quod
859 1608 982 1689 capitis
994 1616 1060 1682 est,
1074 1607 1177 1671 saciat
1193 1607 1335 1690 plantae
1348 1609 1456 1690 pedis,

334 1712 372 1766 et
390 1703 578 1786 proculcet,
593 1716 628 1767 et
645 1704 736 1786 quod
753 1702 894 1785 plantae
910 1703 1008 1786 pedis
1023 1713 1088 1778 est,
1103 1703 1207 1767 iaciat
1224 1705 1358 1784 capitis.
1404 1702 1457 1767 Sic

335 1797 443 1862 homo
469 1820 489 1861 a
512 1801 589 1861 vivo
612 1798 649 1862 fit
674 1809 837 1863 mortuus.
885 1796 994 1862 Vivus
1018 1799 1143 1862 dicitur
1165 1797 1260 1880 cujus
1283 1819 1381 1862 mens
1404 1808 1458 1863 est

334 1893 492 1970 caelum;
519 1914 559 1957 ac
580 1903 745 1966 mortuus,
766 1893 860 1975 cujus
880 1914 977 1958 mens
995 1905 1049 1958 est
1069 1893 1245 1958 infernum.

335 2176 452 2261 Quoo
476 2193 879 2256 oMN1n‚Qunsrmun
903 2193 1094 2244 onnouuu
1119 2193 1260 2243 Meums
1280 2192 1454 2245 unrunn·

463 2289 521 2338 ms
540 2288 647 2348 sum,
666 2289 860 2346 ornemus,
878 2288 980 2351 Quas
1000 2288 1117 2338 smus
1137 2289 1207 2338 pen
1226 2289 1347 2341 nctus
1363 2288 1455 2340 con-

464 2382 582 2444 sonis,
604 2383 766 2434 metusn
790 2383 887 2433 snm.

399 2568 490 2638 277.
520 2555 582 2617 Per
604 2555 782 2618 scientiam
805 2555 984 2636 graduum,
1004 2575 1092 2639 quae
1115 2555 1147 2617 in
1172 2553 1236 2618 hac
1262 2553 1363 2618 Parte
1387 2565 1455 2618 tra·

333 2650 410 2712 dita
433 2659 495 2722 est,
516 2651 692 2730 detegitur
714 2649 779 2712 hoc
803 2669 976 2726 arcanum,
997 2651 1087 2733 quod
1109 2651 1224 2713 omnia
1248 2651 1375 2713 mentis
1398 2670 1456 2712 seu

334 2744 527 2808 voluntatis
547 2755 582 2808 et
602 2742 800 2808 intellectus
819 2746 978 2820 hominis,
998 2747 1031 2808 in
1052 2743 1183 2809 attibus
1203 2765 1262 2809 seu
1285 2746 1319 2807 in
1343 2745 1454 2826 operi-

334 2839 398 2903 bus
418 2839 487 2921 ejus
507 2841 587 2914 sint,
607 2840 749 2916 inclusa,
770 2841 828 2903 vix
848 2841 949 2904 aliter
967 2859 1067 2923 quam
1086 2841 1271 2921 conspicua
1284 2849 1320 2904 et
1337 2841 1455 2904 incon·

334 2935 455 3016 spicua
482 2935 515 2997 in
539 2936 679 3010 semine,
704 2937 738 2998 in
761 2933 880 3010 frudiu,
914 2945 973 2998 aut
1004 2937 1037 2999 in
1062 2955 1138 2999 ovo.
1185 2935 1254 3018 Ipsi
1278 2933 1374 2999 actus
1397 2956 1456 2999 seu

333 3049 441 3112 opera
470 3050 540 3094 non
570 3029 671 3094 aliter
694 3041 862 3113 apparent
885 3050 986 3113 quam
1017 3032 1106 3095 sicut
1136 3030 1195 3094 illa
1225 3032 1259 3094 in
1289 3031 1455 3105 externis,

334 3125 396 3189 sed
417 3127 573 3207 usquein
593 3126 736 3190 internis
755 3136 835 3190 sunt
852 3127 1133 3205 innumerabilia;
1163 3136 1242 3190 sunt
1262 3127 1353 3190 enim
1369 3127 1457 3190 vires

335 3219 495 3284 fibrarum
520 3223 713 3286 motricium
745 3224 853 3286 totius
877 3223 1030 3305 corporis
1060 3241 1146 3306 quae
1178 3231 1397 3297 concurrunt,
1422 3231 1457 3285 et

335 3325 416 3379 sunt
439 3318 555 3380 omnia
579 3318 705 3381 mentis
729 3338 815 3400 quae
838 3317 927 3381 vires
950 3317 1028 3380 illas
1052 3318 1212 3382 excitant
1235 3325 1271 3381 et
1294 3317 1457 3380 determi-

334 3423 432 3488 nant,
465 3434 552 3495 quae
582 3413 673 3496 quod
707 3415 776 3477 sint
810 3415 912 3477 trium
943 3416 1122 3496 graduum,
1151 3433 1252 3498 supra
1279 3422 1457 3478 ostensum

332 3517 398 3571 est.
444 3506 492 3571 Et
518 3509 596 3590 quia
620 3516 699 3571 sunt
724 3510 838 3572 omnia
862 3511 999 3586 mentis,
1025 3518 1105 3574 sunt
1128 3509 1244 3574 omnia
1266 3509 1458 3574 voluntatis

333 3625 396 3666 seu
420 3621 540 3666 omnes
559 3601 758 3667 affetiiones
781 3606 907 3668 amoris
924 3604 1084 3680 hominis,
1105 3626 1191 3688 quae
1211 3606 1356 3688 primum
1379 3625 1457 3688 gra·

333 3699 417 3762 dum
434 3699 651 3762 constituunt
665 3720 673 3776 ;
694 3709 773 3762 sunt
794 3702 912 3786 omnia
925 3699 1133 3774 intelletius,
1148 3722 1208 3764 seu
1224 3721 1345 3764 omnes
1362 3701 1456 3782 cogi-

333 3794 489 3858 tationes
502 3795 734 3874 perceptionis
751 3793 832 3875 ejus,
845 3817 932 3879 quae
948 3798 1134 3860 secundum
1152 3796 1295 3879 gradum
1309 3796 1437 3860 faciunt
1450 3815 1457 3872 ;

334 3899 371 3952 et
404 3898 484 3952 sunt
508 3889 624 3951 omnia
646 3891 843 3964 memoriae,
869 3911 927 3954 seu
955 3912 1075 3955 omnes
1101 3889 1199 3956 ideae
1223 3891 1457 3973 cogitationis,

334 4003 424 4067 quae
443 3985 601 4066 proxima
622 3983 779 4067 loquelae
800 3995 862 4059 est,
879 3986 958 4049 inde
978 3987 1192 4069 desumptae,
1210 4007 1296 4070 quae
1317 3989 1457 4050 tertium

333 4079 479 4162 gradum
503 4079 641 4143 sistunt.
688 4079 744 4142 Ex
768 4081 820 4142 his
847 4081 879 4142 in
904 4079 1017 4144 adium
1042 4083 1281 4145 determinatis
1300 4083 1458 4145 existunt

335 4193 452 4254 opera,
467 4175 500 4237 in
514 4175 634 4256 quibus
651 4175 683 4237 in
697 4184 844 4238 externa
856 4176 963 4239 forma
977 4178 1057 4240 visis
1070 4197 1137 4240 non
1152 4186 1320 4259 apparent
1335 4177 1457 4259 priora,

336 4290 424 4352 quae
452 4279 569 4333 tamen
594 4268 776 4333 actualiter
802 4272 927 4334 insunt.
984 4271 1087 4353 Quod
1111 4272 1267 4336 ultimum
1295 4274 1340 4337 sit
1363 4291 1457 4335 com·

336 4364 472 4446 plexus.
501 4366 684 4428 continens
715 4376 750 4428 et
783 4367 875 4429 basis
903 4368 1063 4448 priorum,
1090 4368 1247 4431 videatur
1277 4388 1379 4451 supra
1411 4365 1455 4448 (n.

336 4459 520 4542 209-216):
546 4469 581 4524 et
598 4461 690 4544 quod
706 4461 835 4543 gradus
851 4461 1044 4527 altitudinis
1064 4465 1097 4527 in
1118 4483 1179 4526 suo
1195 4462 1317 4526 ultimo
1335 4464 1406 4526 sint
1424 4463 1456 4525 in

334 4553 441 4639 pleno
462 4558 509 4635 (n.
531 4555 703 4638 217-221).

400 4649 492 4731 278.
524 4647 625 4732 Quod
645 4648 742 4715 atius
758 4653 910 4735 corporis
929 4652 973 4717 ab
988 4653 1089 4716 oculo
1105 4651 1253 4742 spectati
1268 4659 1459 4740 appareant
