3418 5370
308 711 370 777 288
639 724 844 777 sensnum
870 723 1066 776 nuunmcn

306 898 350 962 sit
374 897 408 962 in
427 895 530 982 culpa
548 895 576 961 si
603 917 673 962 non
692 897 856 962 salvatur.
904 908 975 971 [to.]
1007 893 1198 978 Quintum:
1225 893 1323 974 Quod
1332 895 1435 960 etiam

302 991 537 1075 provideatur,
558 1001 596 1056 ut
617 1013 704 1057 nova
720 993 856 1057 ecclesia
877 991 943 1056 loco
965 985 1163 1056 devastatae
1175 990 1309 1074 prioris
1327 1012 1433 1056 succe·

306 1087 500 1153 dat-Hoc
524 1085 653 1153 fadtum
676 1099 730 1154 est
754 1088 799 1153 ab
821 1087 1069 1171 antiquissimis
1092 1088 1317 1171 temporibus,
1340 1085 1434 1170 quod

306 1203 431 1267 nempe
454 1183 643 1249 devastata
664 1183 813 1249 ecclesia
841 1185 953 1268 priore
983 1184 1187 1248 successerit
1209 1203 1320 1262 nova;
1353 1191 1435 1265 post

307 1280 503 1347 Ecclesiam
523 1280 813 1366 Antiquissimam
831 1281 999 1345 successit
1018 1279 1194 1362 Antiqua;
1225 1289 1305 1361 post
1329 1278 1434 1343 Anti·

306 1397 409 1462 quam
426 1375 620 1441 Israelitica
635 1397 696 1441 seu
711 1376 875 1459 Judaica;
901 1374 1084 1459 posthanc
1102 1373 1318 1453 Christiana;
1342 1374 1436 1458 quod

307 1474 413 1538 etiam
427 1483 506 1556 post
521 1473 610 1538 hanc
627 1493 827 1538 successura
843 1475 888 1538 sit
904 1492 995 1537 nova
1007 1471 1165 1547 ecclesia,
1178 1471 1386 1555 praedicitur
1400 1471 1436 1534 in

306 1568 523 1652 Apocalypsi,
548 1590 636 1653 quae
658 1569 705 1634 ibi
727 1568 934 1652 intelligitur
956 1587 1017 1650 per
1041 1567 1206 1632 “Novam
1231 1565 1435 1648 Hierosoly·

227 1669 232 1677 '
307 1665 422 1728 mam''
438 1665 714 1730 descendentem
733 1686 753 1730 e
771 1664 881 1730 caelo.
927 1662 1050 1738 Causa,
1071 1664 1163 1748 quod
1182 1684 1273 1728 nova
1288 1660 1438 1729 ecclesia

307 1758 387 1825 loco
405 1760 610 1826 devastatae
629 1761 751 1843 prioris
770 1779 971 1825 successura
988 1780 1009 1822 a
1032 1758 1183 1823 Domino
1201 1759 1435 1842 provideatur,

307 1854 342 1918 in
365 1854 531 1920 Doctrina
553 1855 672 1920 Nouae
692 1854 944 1938 Hzi’rosolymae
973 1853 1013 1918 de
1045 1853 1227 1936 Scriptura
1249 1853 1357 1919 Sacra
1387 1852 1437 1938 (n.

311 1949 471 2034 104-113)
491 1951 661 2016 videatur.
1430 2032 1437 2042 ,

370 2059 472 2128 329.
496 2044 572 2132 (iv.)
600 2045 699 2125 Quod
709 2045 759 2111 sic
771 2066 882 2109 omms
893 2044 1146 2127 praedestinati
1154 2044 1225 2109 sint
1239 2044 1289 2109 ad
1299 2044 1436 2123 caelum,

306 2150 340 2206 et
353 2140 467 2205 nullus
478 2141 528 2206 ad
539 2140 867 2224 infernum-Quod
882 2141 1051 2206 Dominus
1064 2141 1195 2206 nullum
1208 2142 1252 2206 ad
1269 2140 1437 2207 infernum

307 2235 458 2320 dejiciat,
478 2238 541 2302 sed
563 2238 656 2322 quod
680 2238 753 2321 ipse
776 2238 916 2320 spiritus
934 2246 1058 2314 semet,
1078 2238 1112 2301 in
1135 2258 1240 2321 opere
1262 2235 1313 2301 De
1338 2235 1439 2302 Caelo

306 2342 339 2397 et
355 2333 503 2413 Inferno,
523 2331 702 2417 (Londini,
719 2353 774 2398 an.
795 2333 873 2414 1758
890 2333 997 2410 edito,
1015 2354 1047 2397 n.
1066 2330 1238 2415 545-550,)
1256 2342 1436 2397 ostensum

307 2439 372 2494 est.
418 2429 473 2493 Ita
491 2427 529 2492 fit
549 2448 628 2494 cum
646 2429 741 2493 omni
760 2427 852 2492 malo
871 2438 907 2492 et
926 2428 1032 2511 impio
1051 2438 1131 2511 post
1150 2437 1318 2505 mortem;
1342 2427 1436 2490 simi·

307 2523 387 2589 liter
409 2523 448 2590 fit
471 2545 549 2591 cum
573 2523 666 2590 malo
689 2533 726 2589 et
748 2525 853 2606 impio
883 2523 916 2586 in
946 2525 1096 2602 mundo;
1131 2541 1210 2589 cum
1232 2521 1435 2601 differentia,

307 2620 399 2703 quod
422 2622 457 2684 in
480 2621 611 2686 mundo
633 2621 809 2687 reformari
833 2621 955 2703 possit,
976 2639 1016 2684 ac
1040 2617 1201 2704 amplecti
1225 2628 1261 2683 et
1285 2619 1438 2684 imbuere

308 2716 424 2780 media
440 2718 658 2794 salvationis,
676 2736 745 2780 non
762 2724 878 2779 autem
894 2725 974 2799 post
990 2716 1125 2779 exitum
1141 2737 1160 2780 e
1177 2716 1316 2779 mundo.
1361 2715 1436 2779 Me·

307 2812 368 2876 dia
392 2811 598 2878 salvationis
622 2835 659 2878 se
686 2812 836 2877 referunt
866 2812 911 2876 ad
939 2811 1026 2876 haec
1050 2812 1130 2888 duo,
1154 2813 1245 2895 quod
1275 2811 1439 2894 fugienda

308 2907 379 2972 sint
411 2907 503 2972 mala
526 2910 606 2992 quia
635 2917 716 2972 sunt
739 2917 863 2972 contra
885 2906 982 2990 leges
1005 2907 1149 2971 Divinas
1179 2907 1213 2971 in
1244 2906 1437 2988 Decalogo,

308 3013 344 3068 et
361 3012 399 3067 ut
415 3014 628 3087 agnoscatur
643 3003 736 3088 quod
753 3003 848 3067 Deus
865 3003 921 3068 sit.
968 3002 1046 3067 Hoc
1062 3012 1181 3085 potest
1194 3003 1437 3086 unusquisque,

308 3099 415 3163 modo
445 3119 516 3164 non
545 3109 640 3165 amet
672 3097 784 3177 mala3
818 3097 928 3162 influit
958 3099 1049 3162 enim
1081 3097 1250 3162 Dominus
1276 3099 1438 3162 continue

308 3213 386 3259 cum
404 3196 565 3278 potentia
580 3197 615 3260 in
631 3195 851 3260 voluntatem
869 3204 907 3258 ut
923 3196 1035 3276 possit
1054 3194 1171 3277 sugere
1188 3192 1289 3269 mala,
1306 3203 1343 3259 et
1360 3211 1439 3259 cum

307 3291 467 3373 potentia
489 3291 524 3356 in
543 3287 759 3356 intelledtum
778 3299 816 3354 ut
836 3290 946 3372 possit
966 3290 1124 3373 cogitare
1142 3289 1234 3373 quod
1258 3289 1353 3353 Deus
1371 3289 1438 3369 sit;

307 3385 370 3449 sed
387 3406 493 3470 usque
510 3405 613 3450 nemo
628 3395 748 3470 potest
764 3404 869 3448 unum
886 3385 950 3448 nisi
966 3383 1067 3449 simul
1083 3385 1249 3450 alterum:
1274 3393 1353 3448 sunt
1369 3383 1440 3448 duo

308 3479 369 3545 illa
383 3480 568 3563 conjunbla
582 3482 673 3547 sicut
688 3483 791 3547 binae
803 3480 943 3546 tabulae
957 3481 1118 3563 decalogi
1131 3477 1333 3563 conjunblae
1346 3486 1438 3556 sunt,

308 3595 451 3660 quarum
467 3597 534 3642 una
550 3588 605 3643 est
621 3598 684 3660 pro
701 3576 863 3652 Domino,
880 3586 917 3641 et
933 3577 1045 3641 altera
1061 3597 1123 3660 pro
1138 3577 1291 3642 homine:
1317 3574 1439 3639 Domi·

308 3692 372 3736 nus
395 3693 441 3736 ex
465 3693 527 3737 sua
549 3672 669 3738 tabula
691 3671 844 3737 illustrat
868 3673 1141 3757 unumquemvis,
1165 3682 1201 3737 et
1226 3672 1287 3737 dat
1311 3681 1438 3754 poten·

307 3768 414 3846 tiam;
438 3767 500 3832 sed
516 3777 684 3851 quantum
697 3768 802 3833 homo
814 3767 896 3832 lacit
913 3767 973 3832 illa
985 3789 1073 3852 quae
1089 3769 1123 3831 in
1140 3789 1200 3832 sua
1212 3768 1333 3832 tabula
1345 3776 1438 3843 sunt,

308 3873 447 3928 tantum
470 3863 592 3948 recipit
613 3863 808 3948 potentiam
832 3873 868 3928 et
892 3863 1182 3943 illustrationem
1207 3873 1313 3928 antea
1330 3883 1438 3946 appa·

308 3969 386 4024 rent
406 3959 507 4023 binae
527 3959 607 4024 illae
626 3959 716 4023 sicut
739 3979 806 4022 una
828 3979 930 4042 super
949 3958 1097 4023 alteram
1113 3957 1272 4041 jacentes
1295 3968 1331 4024 et
1354 3977 1439 4023 con·

308 4053 425 4120 clusae
444 4053 570 4139 sigillo,
591 4063 629 4119 at
647 4055 737 4120 sicut
756 4054 862 4118 homo
880 4054 962 4119 facit
985 4054 1046 4118 illa
1068 4074 1155 4138 quae
1178 4055 1213 4117 in
1236 4075 1298 4119 sua
1319 4052 1440 4119 tabula

308 4158 401 4226 sunt,
421 4150 642 4215 recluduntur
660 4161 697 4216 et
720 4151 929 4234 aperiuntur.
976 4155 1033 4215 [2.]
1065 4147 1156 4232 Quid
1175 4148 1278 4214 hodie
1297 4149 1438 4215 decalo-

308 4265 374 4328 gus
404 4247 467 4311 nisi
500 4248 590 4312 sicut
614 4247 750 4312 libellus
779 4257 839 4311 aut
869 4245 1049 4311 codicillus
1072 4245 1243 4324 occlusus,
1262 4245 1375 4311 solum
1404 4245 1439 4311 in

308 4342 467 4408 manibus
485 4342 655 4407 infantum
678 4353 714 4408 et
738 4363 919 4426 puerorum
939 4343 1103 4427 apertus?
1148 4342 1212 4407 Dic
1236 4340 1337 4407 alicui
1360 4363 1439 4426 pro·

307 4435 400 4504 sec'to
421 4439 456 4502 in
479 4449 647 4516 aetatem,
667 4458 710 4503 ne
733 4438 800 4503 hoc
823 4438 875 4503 sac
899 4439 979 4523 quia
1001 4447 1055 4502 est
1077 4448 1201 4503 contra
1218 4437 1437 4521 decalogum,

307 4536 384 4620 quis
406 4537 584 4603 attendit?
629 4535 682 4602 At
706 4537 733 4601 si
756 4537 853 4614 dicis,
874 4536 927 4602 Ne
950 4536 1017 4601 hoc
1047 4536 1099 4602 fac
1129 4537 1209 4621 quia
1231 4546 1286 4601 est
1316 4546 1440 4601 contra

307 4632 405 4716 leges
425 4635 580 4712 Divinas,
600 4635 644 4699 ad
664 4635 730 4700 hoc
750 4644 869 4719 potest
889 4635 1082 4711 attendere,
1102 4654 1180 4700 cum
1200 4645 1318 4699 tamen
1339 4655 1437 4718 prae-

307 4740 413 4812 cepta
424 4731 584 4814 decalogi
597 4741 677 4796 sunt
691 4733 785 4816 ipsae
798 4731 896 4814 leges
909 4732 1064 4796 Divinae.
1111 4731 1139 4794 F
1141 4729 1220 4795 atta
1232 4741 1286 4795 est
1300 4731 1438 4813 experi-
