3344 5402
430 687 481 737 DE
505 687 641 740 DIVINO
664 688 810 755 AMORE,
832 690 927 743 PARS
946 693 1066 744 IL—N.
1084 699 1136 764 99.
1312 705 1353 770 39

219 851 322 920 notte
335 877 442 939 aeque
456 857 545 922 bene
558 869 596 922 ut
610 859 643 922 in
656 860 720 924 die.
756 859 870 943 Quare
882 864 985 926 etiam
1000 865 1042 928 de
1056 865 1236 933 intellettu
1249 892 1350 953 prae·

219 951 354 1015 dicatur
371 951 444 1028 lux,
459 964 494 1016 et
512 955 636 1018 dicitur
648 956 765 1020 videre
779 979 785 1034 ;
801 978 880 1021 nam
898 959 941 1022 de
954 958 1022 1023 illis
1035 982 1121 1044 quae
1138 963 1223 1039 alius
1241 965 1350 1050 loqui-

219 1056 284 1121 tur,
300 1047 383 1110 dicit
397 1047 485 1112 alter
497 1051 715 1133 quandoque,
731 1050 821 1135 quod
834 1054 951 1118 videat
964 1057 1055 1138 quod
1069 1057 1117 1120 ita
1130 1059 1185 1134 sit,
1199 1059 1265 1125 hoc
1282 1074 1349 1140 est,

218 1142 407 1225 intelligat.
454 1142 657 1210 intellectus
678 1148 756 1229 quia
775 1157 829 1211 est
849 1150 1047 1231 spiritualis,
1068 1171 1137 1214 non
1157 1165 1278 1236 potest
1301 1159 1351 1222 ita

218 1239 336 1302 videre
356 1259 403 1302 ex
417 1239 492 1304 luce
512 1241 682 1320 naturali;
711 1242 772 1306 lux
792 1245 881 1307 enim
903 1247 1070 1309 naturalis
1090 1268 1159 1311 non
1178 1249 1348 1330 inhaeret,

217 1330 360 1399 sedabit
373 1355 450 1399 cum
463 1336 546 1400 sole.
572 1337 676 1402 Unde
690 1349 800 1422 patet,
810 1342 900 1422 quod
911 1341 1109 1406 intellectus
1120 1347 1272 1427 gaudeat
1281 1349 1350 1412 alia

218 1430 305 1505 luce,
320 1451 423 1514 quam
440 1431 579 1511 oculus;
605 1443 640 1498 et
657 1434 748 1516 quod
763 1434 824 1498 illa
840 1435 901 1500 lux
918 1458 963 1501 ex
980 1437 1047 1501 alia
1060 1441 1190 1521 origine
1205 1443 1260 1506 sit.

282 1539 353 1608 97·
383 1526 515 1592 Caveat
537 1529 602 1593 sibi
626 1532 777 1614 quisque,
799 1552 843 1595 ne
867 1535 1013 1616 cogitet,
1033 1537 1126 1618 quod
1150 1535 1210 1601 Sol
1229 1539 1349 1603 mundi

216 1623 405 1705 spiritualis
428 1624 474 1689 sit
497 1625 570 1706 ipse
590 1625 708 1704 Deus;
743 1626 822 1707 Ipse
843 1626 937 1692 Deus
956 1639 1010 1694 est
1035 1630 1153 1695 Homo
1165 1652 1173 1711 ;
1201 1634 1348 1714 primum

215 1718 407 1801 procedens
426 1740 472 1783 ex
490 1718 601 1802 Ipsius
618 1720 751 1786 Amore
767 1733 804 1787 et
823 1721 1002 1806 Sapientia
1018 1734 1072 1788 est
1092 1726 1231 1810 igneum
1249 1729 1346 1810 spiri-

216 1814 320 1890 tuale,
341 1815 434 1899 quod
464 1825 610 1898 apparet
640 1837 756 1881 coram
784 1819 918 1902 angelis
948 1830 984 1885 ut
1015 1819 1098 1886 Sol:
1135 1843 1238 1905 quare
1269 1843 1347 1887 cum

216 1910 386 1975 Dominus
396 1909 440 1976 Se
453 1911 654 1977 manifestat
671 1913 805 1996 angelis
818 1916 851 1978 in
864 1915 1025 1993 Persona,
1040 1917 1239 1982 manifestat
1249 1916 1294 1983 Se
1308 1929 1345 1982 ut

217 2006 345 2080 Homo,
357 2015 393 2071 et
406 2006 472 2072 hoc
487 2009 694 2091 quandoque
710 2009 744 2072 in
761 2008 854 2086 Sole,
868 2011 1073 2094 quandoque
1093 2024 1197 2077 extra
1216 2012 1345 2078 Solem.

281 2101 354 2183 98.
385 2102 442 2166 Ex
472 2102 532 2167 illa
559 2105 867 2188 correspondentia
897 2117 962 2180 est,
992 2108 1083 2190 quod
1112 2108 1281 2172 Dominus
1311 2109 1345 2172 in

214 2197 334 2261 Verbo
365 2217 433 2262 non
465 2199 569 2263 modo
597 2199 732 2264 dicatur
757 2199 879 2276 “Sol''
906 2203 967 2266 sed
997 2204 1103 2267 etiam
1130 2204 1280 2286 “ignis''
1308 2215 1344 2268 et

215 2291 325 2357 “Lux
338 2293 364 2372 ;”
387 2304 423 2358 et
447 2313 507 2376 per
528 2292 676 2359 “Solem
688 2295 703 2319 ”
721 2295 928 2379 intelligitur
944 2298 1023 2381 lpse
1044 2299 1159 2382 quoad
1180 2300 1343 2363 Divinum

214 2387 382 2453 Amorem
412 2399 449 2454 et
479 2387 641 2454 Divinam
672 2388 885 2472 Sapientiam
916 2393 1038 2472 simul;
1073 2414 1135 2476 per
1167 2392 1344 2477 “Ignem’'

213 2483 292 2565 Ipse
310 2485 425 2568 quoad
441 2482 605 2549 Divinum
618 2485 798 2565 Amorem,
812 2495 848 2552 et
864 2506 925 2569 per
939 2485 1122 2552 “Lucem''
1136 2489 1214 2572 Ipse
1231 2488 1343 2572 quoad

212 2578 376 2646 Divinam
395 2578 616 2664 Sapientiam.

211 2852 327 2939 Quor)
339 2869 577 2924 spmmunms
590 2856 724 2923 Canon
737 2872 786 2923 ur
797 2856 893 2934 Lux,
907 2871 933 2922 A
949 2871 1210 2925 rnocauuuuo
1224 2874 1248 2922 n
1262 2859 1341 2924 Do-

338 2966 439 3019 uruo
455 2967 506 3018 ur
525 2953 636 3027 Some,
651 2967 762 3019 unuu
779 2955 1214 3029 rnc1anr,s1cur11>sws
1232 2956 1338 3019 Duu-

338 3063 411 3114 uus
430 3049 550 3114 Aaron
571 3063 619 3113 ur
636 3049 782 3114 Divum
799 3048 1010 3114 Samariam
1027 3062 1138 3115 uuuu
1159 3063 1339 3116 rncruur.

276 3259 351 3326 99·
384 3240 569 3324 Quomodo
589 3242 733 3306 Divinus
753 3241 865 3304 Amor
889 3251 925 3304 et
954 3240 1079 3304 Divina
1099 3239 1276 3322 Sapientia
1306 3243 1339 3304 in

210 3337 361 3401 Domino
375 3358 479 3401 unum
492 3339 619 3401 iaciunt
637 3339 669 3400 in
684 3337 785 3401 Parte
800 3337 911 3400 Prima
924 3333 1129 3400 dictumest.
1175 3335 1340 3400 Similiter

210 3453 313 3496 unum
333 3433 462 3498 iaciunt
482 3433 577 3497 calor
601 3445 636 3497 et
661 3434 732 3506 lux,
753 3433 832 3516 quia
855 3431 941 3495 haec
966 3433 1169 3513 procedunt,
1192 3442 1228 3495 et
1251 3452 1338 3514 quae

209 3531 412 3612 procedunt,
426 3550 527 3592 unum
541 3529 668 3593 faciunt
683 3550 742 3611 per
752 3528 1115 3610 correspondentiam:
1140 3528 1236 3590 calor
1249 3529 1338 3590 enim

208 3627 458 3708 correspondet
492 3628 610 3700 amori,
643 3636 679 3688 et
713 3625 773 3687 lux
807 3625 1007 3706 sapientiae.
1055 3622 1141 3686 Inde
1174 3625 1337 3707 sequitur,

208 3722 301 3802 quod
318 3724 406 3785 sicut
427 3722 570 3785 Divinus
588 3721 698 3785 Amor
714 3730 768 3784 est
786 3720 947 3783 Divinum
964 3718 1064 3795 Esse,
1082 3728 1117 3782 et
1134 3718 1259 3782 Divina
1276 3716 1338 3781 Sa-

210 3817 340 3900 pientia
356 3828 410 3880 est
427 3818 587 3880 Divinum
603 3815 766 3879 Existere
782 3813 835 3898 (ut
851 3835 964 3897 supra,
980 3835 1011 3877 n.
1032 3812 1162 3897 14-16),
1177 3815 1225 3877 ita
1242 3813 1338 3895 spiri·

209 3911 313 3976 tualis
337 3911 432 3976 calor
459 3923 513 3976 est
545 3911 707 3975 Divinum
731 3911 923 3994 procedens
953 3931 998 3973 ex
1031 3908 1157 3972 Divino
1180 3907 1278 3982 Esse,
1304 3917 1339 3970 et

209 4008 395 4089 spiritualis
412 4008 472 4071 lux
489 4019 543 4072 est
560 4007 722 4070 Divinum
739 4007 931 4087 procedens
947 4026 993 4068 ex
1010 4004 1137 4069 Divino
1153 4003 1338 4079 Existere;

209 4125 315 4186 quare
334 4105 422 4168 sicut
447 4125 506 4186 per
525 4104 686 4166 unionem
706 4100 801 4165 illam
821 4101 964 4164 Divinus
984 4098 1096 4163 Amor
1114 4107 1168 4163 est
1191 4096 1339 4160 Divinae

209 4198 407 4282 Sapientiae
421 4209 455 4264 et
474 4200 599 4263 Divina
612 4197 789 4280 Sapientia
801 4206 854 4260 est
872 4196 986 4259 Divini
1000 4194 1139 4257 Amoris
1155 4191 1207 4276 (ut
1224 4211 1337 4272 supra,

209 4317 242 4361 n.
264 4295 394 4381 34-39),
413 4297 462 4359 ita
478 4295 663 4379 spiritualis
680 4292 773 4357 calor
793 4301 846 4356 est
866 4290 1051 4375 spiritualis
1071 4288 1166 4364 lucis,
1184 4298 1219 4351 et
1239 4287 1338 4369 spiri·

208 4393 311 4458 tualis
335 4393 394 4456 lux
420 4402 473 4455 est
497 4391 683 4474 spiritualis
708 4388 850 4466 caloris;
889 4397 924 4451 et
959 4387 1037 4469 quia
1060 4383 1141 4448 talis
1165 4384 1245 4447 unio
1272 4395 1337 4460 est,

208 4491 360 4570 sequitur
384 4490 473 4571 quod
499 4487 593 4550 calor
616 4496 651 4549 et
676 4486 735 4548 lux
761 4485 793 4548 in
818 4481 1039 4566 procedendo
1074 4501 1094 4542 a
1125 4480 1277 4543 Domino
1301 4489 1338 4542 ut

209 4583 291 4647 Sole
315 4604 418 4646 unum
443 4585 521 4646 sint.
569 4581 671 4663 Quod
696 4592 810 4644 autem
837 4599 904 4642 non
933 4587 969 4640 ut
1004 4593 1107 4638 unum
1132 4575 1339 4656 recipiantur

209 4680 254 4744 ab
273 4679 406 4762 angelis
426 4689 461 4743 et
481 4679 525 4742 ab
544 4679 749 4752 hominibus,
771 4674 941 4738 videbitur
960 4673 993 4736 in
1013 4671 1245 4751 sequentibus.
