3426 5382
159 627 166 640 '
260 679 263 683 .
332 626 376 692 26
687 638 892 690 snetsu'rm
914 639 1111 692 nucamcn

331 813 420 878 sicut
449 813 608 878 ascendit
638 812 807 897 percipiat
830 815 922 899 quod
953 835 1057 881 nemo
1086 817 1199 899 sapiat
1228 837 1249 881 a
1277 837 1326 894 se,
1350 820 1413 883 sed
1443 839 1473 884 a

333 907 505 973 Domino:
530 919 604 973 tum
620 909 712 994 quod
729 905 790 974 illa
805 930 894 994 quae
909 913 1013 995 sapit,
1030 910 1221 996 respeflive
1238 912 1283 977 ad
1298 913 1359 979 illa
1374 936 1472 1000 quae

332 1025 402 1068 non
427 1006 529 1088 sapit,
550 1005 618 1070 sint
646 1005 736 1071 sicut
759 1005 896 1090 aliquae
918 1017 1042 1089 guttae
1073 1009 1118 1072 ad
1149 1027 1313 1092 magnum
1337 1011 1468 1079 lacum.

333 1101 396 1166 Per
414 1102 597 1166 duodecim
613 1103 743 1184 gradus
762 1101 806 1165 ad
826 1102 995 1186 palatium
1013 1106 1207 1189 sapientiae
1223 1107 1472 1190 significantur

333 1202 425 1265 bona
444 1197 627 1283 conjundla
646 1201 735 1264 veris
754 1211 791 1264 et
810 1221 892 1264 vera
911 1200 1094 1284 conjundla
1113 1205 1223 1268 bonis.

394 1313 463 1383 37.
489 1295 563 1380 (iv.)
590 1294 688 1375 Quod
706 1294 802 1360 homo
824 1319 887 1381 quo
904 1297 1054 1380 propius
1077 1301 1290 1386 conjungitur
1306 1301 1469 1381 Domino,

330 1415 366 1459 eo
372 1391 775 1478 selicrbrfiat.-Similia
785 1413 872 1477 quae
886 1414 989 1475 supra
1003 1394 1051 1476 (n.
1067 1413 1106 1478 32
1119 1407 1156 1461 et
1172 1397 1227 1479 34)
1241 1398 1285 1462 de
1297 1400 1471 1480 gradibus

331 1493 425 1556 vitae
441 1501 476 1556 et
492 1493 684 1574 sapientiae
701 1492 890 1556 secundum
908 1490 1186 1574 conjund'tionem
1203 1513 1280 1556 cum
1297 1493 1469 1572 Domino,

331 1587 424 1652 dicta
443 1600 534 1664 sunt,
555 1589 662 1652 etiam
681 1589 726 1653 de
744 1589 908 1671 gradibus
926 1588 1103 1654 felicitatis
1122 1589 1190 1653 dici
1210 1599 1381 1671 possunt:
1405 1611 1468 1654 as·

331 1685 484 1748 cendunt
503 1685 594 1748 enim
618 1683 812 1760 felicitates,
831 1705 891 1749 seu
910 1685 1143 1749 beatitudines
1161 1696 1198 1749 et
1215 1683 1469 1767 jucunditates,

332 1784 423 1846 sicut
449 1781 648 1862 aperiuntur
672 1782 801 1863 gradus
825 1783 1018 1863 superiores
1042 1781 1180 1853 mentis,
1206 1781 1263 1864 qui
1292 1793 1471 1845 vocantur

332 1875 519 1960 spiritualis
538 1885 574 1939 et
598 1875 772 1953 caelestis,
792 1879 882 1959 apud
902 1877 1089 1951 hominem,
1109 1888 1145 1941 et
1168 1876 1217 1940 illi
1236 1876 1366 1958 gradus
1382 1887 1470 1960 post

332 1975 441 2038 vitam
461 1970 532 2052 ejus
550 1973 585 2034 in
604 1971 734 2035 mundo
753 1983 914 2037 crescunt
934 1974 968 2036 in
987 1984 1180 2037 aeternum.

396 2065 467 2148 38.
502 2065 626 2130 Nullus
649 2067 756 2131 homo
779 2069 835 2152 qui
864 2070 897 2132 in
921 2067 1079 2151 jucundis
1103 2067 1469 2150 concupiscentiarum

332 2159 414 2222 mali
430 2172 496 2238 est,
514 2173 633 2243 potest
652 2163 779 2246 aliquid
796 2165 883 2228 scire
902 2165 945 2229 de
958 2164 1117 2247 jucundis
1133 2161 1352 2228 affectionum
1368 2164 1471 2240 boni,

331 2254 366 2318 in
379 2259 501 2340 quibus
514 2259 648 2324 caelum
665 2260 860 2343 angelicum
874 2272 928 2325 est
941 2281 949 2338 ;
974 2281 1053 2324 nam
1069 2259 1218 2341 jucunda
1231 2259 1292 2323 illa
1303 2269 1384 2324 sunt
1397 2259 1471 2323 sibi

332 2375 470 2438 prorsus
493 2358 655 2440 opposita
677 2357 711 2421 in
735 2357 889 2432 internis,
910 2368 946 2420 et
970 2357 1049 2420 inde
1073 2357 1216 2419 interius
1235 2357 1269 2419 in
1285 2356 1471 2436 externis;

332 2459 370 2515 at
388 2472 471 2516 vero
489 2453 523 2516 in
542 2453 618 2535 ipsa
637 2451 815 2535 superficie
835 2472 954 2534 parum
971 2453 1182 2534 discrepant.
1228 2449 1352 2514 Omnis
1369 2451 1464 2515 enim

333 2565 431 2611 amor
462 2569 524 2612 sua
550 2547 702 2630 jucunda
733 2549 850 2622 habet,
884 2549 990 2612 etiam
1021 2568 1118 2611 amor
1148 2547 1230 2610 mali
1261 2546 1351 2631 apud
1382 2545 1471 2610 illos

333 2643 389 2724 qui
412 2644 446 2707 in
469 2645 760 2726 concupiscentiis
779 2655 880 2721 sunt;
905 2644 994 2707 sicut
1015 2663 1112 2706 amor
1132 2641 1364 2716 adulterandi,
1385 2643 1467 2705 vin·

333 2738 482 2813 dicandi,
503 2739 737 2814 defraudandi,
762 2739 904 2816 furandi,
930 2739 1118 2814 saeviendi,
1139 2741 1245 2803 immo
1267 2738 1358 2822 apud
1381 2757 1469 2820 pes·

267 2851 281 2876 κ
332 2834 439 2897 simos
461 2834 727 2916 blasphemandi
759 2833 880 2898 sandla
903 2834 1081 2909 ecclesiae,
1106 2855 1145 2897 ac
1169 2833 1347 2898 effutiendi
1370 2835 1470 2897 virus

334 2940 457 2994 contra
478 2931 600 2994 Deum.
646 2930 829 3013 Scaturigo
849 2931 984 2994 illarum
1005 2931 1262 3014 jucunditatum
1285 2939 1340 2992 est
1363 2948 1470 2995 amor

333 3025 533 3089 dominandi
553 3047 598 3090 ex
615 3046 732 3090 amore
748 3028 808 3090 sui.
852 3027 1096 3110 jucunditates
1114 3026 1194 3091 illae
1210 3035 1290 3089 sunt
1310 3046 1356 3089 ex
1376 3044 1468 3089 con·

332 3121 554 3201 cupiscentiis
567 3142 654 3206 quae
667 3123 830 3186 interiora
844 3123 970 3187 mentis
980 3122 1154 3196 obsident,
1168 3143 1214 3185 ex
1227 3119 1294 3184 illis
1306 3119 1469 3186 defluunt
1557 3201 1560 3210 ,

331 3216 365 3280 in
390 3237 523 3299 corpus,
544 3228 580 3283 et
604 3217 650 3282 ibi
674 3219 832 3282 excitant
853 3218 1040 3293 immunda,
1060 3239 1148 3301 quae
1173 3216 1275 3280 fibras
1291 3215 1469 3296 titillant;

222 3315 225 3320 ’
332 3313 411 3377 inde
430 3335 476 3376 ex
493 3315 619 3378 mentis
631 3313 783 3397 jucundo
796 3314 984 3378 secundum
997 3314 1296 3396 concupiscentias
1307 3312 1469 3375 exoritur

329 3407 533 3493 jucundatio
550 3412 713 3493 corporis.
753 3423 811 3486 [2.]
836 3408 1014 3492 Quaenam
1031 3420 1067 3474 et
1084 3409 1200 3492 qualia
1216 3417 1296 3471 sunt
1312 3408 1464 3470 immun·

332 3507 387 3581 da,
405 3527 492 3588 quae
510 3504 611 3569 fibras
624 3507 777 3588 corporis
797 3505 933 3569 illorum
953 3505 1111 3579 titillant,
1129 3505 1232 3568 datur
1250 3503 1356 3567 cuivis
1372 3503 1467 3566 scire

333 3611 412 3684 post
431 3601 575 3677 obitum,
595 3601 630 3665 in
650 3602 779 3666 mundo
798 3601 988 3683 spirituali;
1013 3611 1093 3664 sunt
1112 3601 1145 3662 in
1166 3619 1292 3681 genere
1311 3599 1466 3662 cadave-

332 3717 422 3770 rosa,
443 3699 724 3772 excrementitia,
744 3707 931 3772 stercorea,
953 3697 1115 3760 nidorosa
1138 3705 1174 3759 et
1199 3696 1355 3772 urinosa;
1383 3713 1465 3756 sca·

332 3802 408 3858 tent
437 3793 528 3857 enim
560 3792 691 3856 inferna
714 3791 850 3856 illorum
874 3792 1001 3857 talibus
1023 3792 1229 3855 immundis:
1258 3787 1464 3872 quaequod

332 3892 401 3956 sint
420 3890 761 3970 correspondentiae,
779 3890 960 3952 videantur
976 3889 1090 3971 aliqua
1108 3889 1143 3951 in
1159 3883 1393 3952 transadlione
1412 3884 1471 3948 De

332 3987 458 4051 Divino
475 3985 603 4048 Amore
616 3994 650 4048 et
667 3984 795 4048 Divina
815 3985 993 4066 Sapientia
1013 3982 1061 4066 (n.
1077 3981 1269 4073 422-424).·
1301 3979 1369 4046 Sed
1388 3981 1467 4045 foe·

333 4084 397 4147 dae
424 4083 504 4147 illae
524 4081 773 4164 jucunditates,
797 4092 982 4163 postquam
1004 4081 1152 4163 ingressi
1176 4089 1257 4143 sunt
1280 4077 1468 4152 infernum,

331 4189 515 4244 vertuntur
535 4179 568 4241 in
590 4179 760 4243 diritates.
807 4175 904 4241 Haec
923 4174 1016 4240 dicia
1035 4187 1127 4252 sunt,
1148 4187 1186 4240 ut
1209 4174 1361 4257 intelligi
1381 4193 1465 4256 pos·

331 4277 388 4352 sit,
406 4275 484 4359 quid
502 4285 539 4338 et
558 4274 668 4356 qualis
684 4284 738 4339 est
757 4273 903 4337 felicitas
919 4271 1019 4348 caeli,
1036 4273 1080 4336 de
1095 4293 1162 4355 qua
1179 4291 1268 4335 nunc
1285 4269 1469 4354 sequitur;

331 4371 513 4455 quodlibet
533 4370 625 4433 enim
645 4369 869 4452 cognoscitur
888 4390 933 4431 ex
953 4389 1014 4431 suo
1033 4369 1205 4450 opposito.

394 4481 468 4548 39·
499 4461 745 4536 Beatitudines,
765 4459 975 4534 faustitates,
991 4458 1226 4541 jucunditates
1245 4471 1282 4527 et
1301 4462 1457 4527 amoeni·

330 4570 435 4634 tateS,
455 4558 562 4622 verbo
584 4555 766 4620 felicitates
786 4555 882 4628 caeli,
905 4575 972 4617 non
997 4567 1140 4637 possunt
1161 4557 1273 4620 verbis
1296 4557 1458 4634 describi,

330 4655 392 4719 sed
430 4662 574 4737 possunt
608 4651 641 4714 in
675 4649 772 4713 caelo
805 4669 908 4712 sensu
941 4651 1090 4733 percipi;
1125 4652 1215 4735 quod
1253 4655 1345 4717 enim
1379 4651 1461 4717 solo
