3352 5374
448 659 500 710 os
524 656 660 709 mvruo
683 655 829 736 anons,
850 656 944 707 enas
966 655 1081 706 v.-u.
1100 641 1170 723 362.
1313 643 1373 725 163

243 832 327 917 quid
352 831 576 908 conscientia,
600 851 664 896 nec
693 830 786 915 quod
817 832 932 895 anima
963 829 1074 912 possit
1104 829 1231 906 videre,
1256 828 1374 892 audire

243 939 280 992 et
301 928 394 1012 loqui
410 929 499 992 sicut
519 927 636 1002 homo,
658 946 721 990 nec
741 927 833 1010 quod
852 926 981 990 bonum
1001 927 1094 989 vitae
1117 926 1162 989 sit
1187 923 1250 988 nisi
1270 944 1373 1008 quam

242 1025 326 1088 dare
350 1023 568 1110 pauperibus.
614 1021 668 1086 Ac
692 1023 721 1085 si
744 1043 790 1085 ex
813 1022 1032 1104 cogitatione
1055 1021 1175 1086 scribis
1198 1019 1269 1096 illa,
1289 1039 1373 1083 con-

244 1116 357 1182 firmas
377 1118 437 1181 illa
456 1139 517 1200 per
535 1118 758 1199 apparentiae
778 1127 814 1180 et
838 1116 1004 1193 fallacias,
1024 1137 1064 1180 ac
1090 1137 1150 1200 per
1168 1116 1274 1180 verba
1297 1114 1373 1179 soni

242 1223 279 1278 et
298 1212 426 1277 nullius
446 1214 503 1277 rei.
549 1213 636 1278 Inde
655 1223 722 1287 est,
743 1211 835 1295 quod
855 1211 970 1293 plures
989 1212 1123 1287 eruditi,
1145 1212 1201 1296 qui
1225 1207 1371 1274 multum

241 1309 498 1391 cogitaverunt,
518 1317 554 1371 et
574 1306 651 1390 plus
670 1307 727 1390 qui
745 1307 968 1389 scripserunt,
989 1326 1208 1371 communem
1228 1326 1370 1390 percep·

241 1405 374 1469 tionem
406 1404 497 1486 apud
530 1424 567 1467 se
597 1402 858 1467 debilitaverint
892 1413 928 1467 et
962 1402 1233 1478 obscuraverint,
1265 1402 1372 1466 immo

242 1499 498 1577 destruxerint;
530 1507 567 1561 et
586 1498 678 1582 quod
697 1497 872 1580 simplices
891 1497 1015 1562 clarius
1034 1498 1187 1573 videant,
1207 1497 1287 1580 quid
1307 1497 1369 1564 bo·

243 1613 323 1658 num
348 1604 384 1659 et
416 1611 544 1669 verum,
570 1611 672 1677 quam
697 1595 753 1678 qui
777 1593 922 1658 credunt
954 1613 991 1656 se
1018 1612 1119 1675 super
1137 1592 1214 1657 illos
1238 1612 1369 1676 sapere.

242 1687 442 1754 Communis
462 1687 523 1753 illa
541 1689 718 1772 perceptio
743 1697 797 1752 est
820 1708 865 1751 ex
889 1688 1018 1752 influxu
1041 1710 1060 1752 e
1084 1688 1193 1762 caele,
1214 1707 1254 1752 ac
1274 1688 1369 1751 cadit

240 1785 277 1848 in
300 1786 552 1866 cogitationem
572 1804 679 1866 usque
703 1784 747 1846 ad
770 1783 891 1858 visum,
912 1795 948 1847 at
972 1785 1143 1866 cogitatio
1166 1793 1326 1870 separata
1349 1803 1369 1846 a

241 1880 416 1943 communi
435 1881 658 1964 perceptione
678 1878 773 1943 cadit
795 1879 829 1942 in
853 1879 1150 1961 imaginationem,
1175 1901 1219 1942 ex
1240 1880 1312 1942 visu
1332 1888 1369 1943 et

240 1994 286 2039 ex
310 1975 456 2057 proprio.
502 1972 605 2056 Quod
628 1975 680 2040 ita
701 1973 759 2050 sit,
782 1973 983 2053 experiaris.
1029 1975 1093 2038 Dic
1118 1975 1228 2051 alicui,
1253 1975 1367 2058 quiin
1455 1991 1460 2000 ·

240 2071 416 2133 communi
439 2069 662 2152 perceptione
680 2079 745 2146 est,
766 2068 906 2152 aliquod
926 2089 1055 2140 verum.
1076 2079 1112 2134 et
1135 2069 1290 2150 videbit;
1312 2070 1366 2134 dic

240 2165 333 2247 quod
356 2167 472 2240 simus,
497 2165 653 2228 vivamus
676 2173 712 2228 et
736 2182 936 2228 moveamur
958 2184 979 2228 a
1003 2163 1079 2229 Deo
1102 2174 1138 2229 et
1157 2166 1191 2229 in
1219 2164 1306 2240 Dec,
1331 2173 1366 2229 et

241 2259 395 2337 videbit;
424 2260 476 2324 dic
497 2260 589 2344 quod
609 2258 702 2325 Deus
722 2257 858 2324 habitet
882 2260 915 2322 in
939 2278 1057 2324 amore
1080 2269 1116 2325 et
1139 2260 1173 2323 in
1196 2260 1367 2341 sapientia

240 2355 331 2436 apud
355 2354 540 2430 hominem,
566 2364 603 2418 et
626 2355 778 2434 videbit;
809 2356 864 2418 dic
890 2376 1002 2438 porro,
1023 2357 1116 2439 quod
1135 2355 1298 2419 voluntas
1321 2355 1366 2419 sit

241 2451 497 2532 receptaculum
517 2451 653 2526 amoris,
674 2461 710 2516 et
733 2447 933 2515 intellectus
952 2450 1209 2534 receptaculum
1229 2451 1365 2533 sapien·

240 2545 321 2618 tiae,
335 2555 371 2608 et
387 2544 527 2628 explica
543 2545 692 2628 paulum,
709 2555 745 2610 et
762 2545 892 2610 videbit
908 2568 915 2625 ;
940 2547 994 2610 dic
1011 2548 1102 2629 quod
1121 2546 1215 2611 Deus
1231 2547 1276 2609 sit
1293 2546 1366 2629 ipse

241 2640 352 2706 Amor
369 2652 404 2706 et
420 2643 495 2725 ipsa
511 2640 698 2724 Sapientia,
710 2649 746 2705 et
763 2641 896 2707 videbit
910 2663 916 2720 ;
941 2643 1119 2727 interroga
1134 2644 1213 2729 quid
1230 2645 1364 2707 consci-

240 2739 346 2812 entia,
367 2747 403 2802 et
423 2738 537 2802 dicet:
569 2748 606 2802 at
630 2737 684 2801 dic
704 2735 827 2801 eadem
847 2737 948 2802 alicui
981 2741 1126 2816 erudito,
1147 2742 1203 2825 qui
1226 2761 1295 2803 non
1319 2762 1365 2804 ex
1405 2801 1410 2812 ,

240 2833 413 2896 communi
430 2833 653 2916 perceptione
670 2833 898 2914 cogitaverat,
916 2835 976 2898 sed
992 2856 1038 2899 ex
1055 2838 1228 2921 principiis
1243 2836 1298 2901 vel
1319 2859 1363 2902 ex

240 2928 325 2992 ideis
344 2929 455 3012 captis
473 2949 534 3012 per
548 2930 657 2992 visum
676 2949 695 2992 e
715 2929 854 3008 mundo,
871 2931 900 2996 is
920 2951 990 2996 non
1006 2933 1146 2999 videbit.
1192 2934 1363 3018 Expende

240 3033 372 3105 postea,
396 3025 469 3107 quis
488 3025 685 3108 sapientior.

240 3306 357 3391 Quoo
379 3322 583 3375 vocuums
606 3323 654 3374 sc
678 3323 951 3385 rnrsnnacrus
977 3325 1080 3390 Quns
1102 3325 1200 3378 suur
1222 3327 1382 3388 rescae,

367 3417 522 3469 cacum
544 3418 691 3471 aurosus
714 3420 762 3470 aa
793 3419 1036 3482 sensurus,
1061 3421 1149 3472 srur
1179 3421 1221 3472 ru
1243 3422 1360 3474 cans·

368 3512 452 3564 arus
478 3514 519 3564 1u
545 3499 675 3565 [leoco
699 3515 747 3565 er
777 3515 819 3565 ru
849 3515 1044 3580 Qunussr
1067 3517 1189 3568 onnes
1213 3517 1358 3582 sonunt,

368 3609 417 3658 ar
441 3608 535 3660 runs
558 3610 600 3660 ru
623 3609 799 3661 cortrone
832 3610 873 3660 ru
896 3610 1001 3663 roro
1024 3611 1072 3663 nr
1103 3613 1144 3664 ru
1167 3613 1361 3679 Qunurssr

367 3704 492 3756 praru
514 3704 609 3770 aJus.

237 3873 339 3956 362.
370 3874 467 3940 Haec
487 3875 759 3942 demonstranda
778 3886 858 3942 sunt
876 3877 943 3944 hoc
963 3879 1082 3944 ordine
1094 3901 1140 3945 :-

411 4009 453 4079 (i.)
482 4011 568 4082 Quod
582 4026 666 4063 amor
678 4015 705 4063 et
719 4013 876 4080 sapientae,
889 4017 917 4065 et
931 4012 999 4066 rirde
1012 4013 1148 4068 voluntas
1160 4021 1189 4068 et
1201 4015 1361 4072 intellectus

547 4081 673 4154 sacrant
685 4083 779 4150 tpsam
792 4085 886 4135 vr'tam
899 4083 1032 4140 bominis.

404 4151 459 4221 (ii.)
487 4152 572 4238 Quod
580 4151 783 4238 vr'ta'homr‘m’s
794 4156 835 4238 sr't
850 4156 882 4207 r'n
894 4156 1057 4226 prtirctpir’s
1066 4157 1128 4209 suis
1142 4157 1175 4210 in
1187 4157 1316 4220 cerebrrlr,
1331 4161 1361 4212 et

392 4291 456 4363 (tii.)
485 4227 1033 4419 Quobnqzssssssc‘muesstz&mim
1042 4297 1116 4352 talis
1125 4299 1167 4353 sit
1176 4299 1211 4354 r'n
1221 4304 1279 4355 toto
1289 4306 1318 4356 et
1325 4301 1361 4356 in

395 4433 458 4503 (iv.)
487 4381 651 4506 Quodnili'tlv
656 4369 884 4508 lamiacum
900 4437 955 4491 illa
969 4441 1011 4492 sit
1027 4454 1065 4492 ex
1081 4440 1210 4510 qualibet
1220 4443 1359 4512 partein

556 4512 621 4568 toto,
633 4513 661 4560 et
672 4523 710 4562 ex
722 4513 779 4563 doto
789 4510 823 4562 ἐκ
835 4509 964 4580 qualibet
969 4512 1068 4580 parte.

406 4577 458 4646 (v.)
485 4578 652 4703 Qualhr'gmegt
673 4594 757 4634 amor
775 4577 847 4636 talis
866 4585 909 4636 est
928 4582 1084 4651 sapr'entr‘a.
1101 4588 1130 4638 et
1146 4583 1215 4641 riade
1230 4583 1303 4641 talu
1316 4591 1360 4643 est
