3448 5374
453 684 505 736 nn
527 683 665 737 1>1v1uo
687 684 1176 758 nuonn,1³ansv.-u.390.
1319 675 1377 744 181

250 857 339 923 ritus
361 865 398 922 et
422 853 578 939 angelus,
599 865 636 921 et
659 853 743 939 ¹¹¹qui
766 866 821 922 est
850 856 885 921 in
913 857 1006 922 omini
1030 854 1239 942 perfectione
1261 857 1381 940 homo,

249 950 314 1014 sed
338 949 543 1033 spiritualis:
573 948 682 1012 forma
704 948 902 1026 materialis,
922 970 1009 1035 quae
1033 951 1152 1015 addita
1170 960 1207 1015 et
1225 941 1389 1034 superio-¹

250 1041 358 1107 dudta
377 1052 432 1105 est
451 1043 485 1104 in
504 1041 643 1116 mundo,
661 1061 730 1104 non
749 1051 802 1105 est
822 1041 972 1106 humana
987 1042 1097 1107 forma
1114 1063 1161 1107 ex
1181 1063 1229 1120 se,
1242 1044 1305 1107 sed
1324 1050 1386 1134 est¹

248 1156 300 1200 ex
316 1135 395 1212 illa3
415 1133 536 1197 addita
552 1143 587 1197 et
607 1131 862 1215 superindudta,
875 1145 913 1198 ut
929 1134 1035 1199 homo
1051 1136 1162 1220 possit
1174 1156 1254 1200 usus
1266 1136 1378 1202 lacere

249 1228 287 1291 in
322 1226 470 1290 naturali
500 1226 639 1302 mundo,
665 1237 702 1290 et
730 1248 866 1310 quoque
899 1226 1038 1311 aliquod
1065 1227 1172 1292 fixum
1195 1229 1379 1293 continens

253 1318 479 1400 spiritualium
495 1338 541 1381 ex
557 1319 747 1400 purioribus
760 1320 963 1384 substantiis
976 1321 1095 1385 mundi
1107 1339 1223 1384 secum
1239 1320 1384 1399 ducere,²

248 1413 356 1474 etsie
377 1412 583 1475 continuare
600 1420 636 1474 et
660 1421 864 1493 perpetuare
882 1413 1002 1477 vitani.
1046 1411 1104 1476 Ex
1127 1412 1297 1496 sapientia
1315 1431 1377 1477 an-

248 1502 365 1586 gelica
380 1512 445 1579 est,
463 1503 554 1588 quod
571 1522 668 1566 mens
687 1503 834 1568 hominis
851 1525 920 1569 non
936 1505 1048 1568 solum
1064 1504 1098 1567 in
1115 1503 1298 1582 communi,
1314 1501 1377 1570 sed

247 1595 359 1659 etiam
382 1597 416 1658 in
439 1597 533 1659 omni
556 1595 765 1678 particulari,
789 1598 834 1661 sit
857 1598 891 1660 in
914 1605 1081 1680 perpetuo
1104 1604 1229 1660 conatu
1251 1597 1286 1660 in
1308 1595 1377 1662 lor·

248 1705 344 1751 mam
363 1687 560 1762 humanam,
580 1689 660 1771 quia
680 1688 773 1752 Deus
792 1705 847 1752 est
867 1687 995 1753 Homo.

314 1784 419 1866 389.
448 1782 498 1847 Ut
517 1783 622 1847 homo
641 1786 685 1848 sit
703 1783 820 1861 homo,
838 1804 907 1847 non
927 1792 1044 1866 potest
1059 1781 1130 1847 ulla
1148 1802 1226 1864 pars
1242 1783 1376 1863 deesse,

249 1895 321 1939 non
341 1877 505 1957 incapite
524 1896 587 1940 nec
606 1877 641 1940 in
659 1896 812 1959 corpore,
830 1897 915 1960 quae
935 1877 968 1939 in
989 1873 1140 1958 perfeeto
1156 1876 1295 1940 homine
1311 1896 1376 1939 ex·

246 1967 336 2043 istit,
357 1987 436 2030 nam
456 1988 524 2031 non
544 1968 670 2052 aliquid
689 1969 735 2032 ibi
750 1977 803 2032 est
822 1969 914 2052 quod
933 1987 1002 2031 non
1021 1968 1129 2033 intrat
1147 1969 1182 2033 in
1197 1968 1291 2033 illam
1306 1967 1376 2033 sor·

248 2079 354 2134 mam,
372 2071 408 2124 et
427 2059 508 2124 facit
526 2061 642 2140 illam;
666 2072 720 2125 est
736 2061 828 2126 enim
845 2061 956 2124 forma
973 2060 1099 2124 amoris
1118 2070 1155 2125 et
1173 2062 1375 2144 sapientiae,

245 2172 337 2235 quae
350 2154 383 2214 in
397 2173 433 2215 se
447 2150 604 2234 speetata
616 2165 671 2218 est
684 2153 820 2218 Divina.
855 2151 986 2218 Omnes
998 2153 1123 2217 amoris
1136 2162 1171 2217 et
1184 2153 1375 2236 sapientiae

245 2243 558 2309 determinationes
574 2256 654 2309 sunt
670 2246 703 2309 in
721 2244 790 2321 illa,
804 2266 891 2329 quae
907 2244 1041 2310 infinita
1057 2255 1138 2309 sunt
1153 2245 1187 2309 in
1204 2244 1281 2309 Deo
1299 2245 1373 2310 Ho-

246 2338 353 2412 mine,
371 2337 431 2401 sed
450 2336 546 2401 finita
565 2339 599 2401 in
618 2339 766 2421 imagine
783 2337 903 2420 Ipsius,
923 2358 1010 2422 quae
1026 2345 1081 2402 est
1097 2336 1212 2412 homo,
1229 2337 1374 2419 angelus

245 2439 286 2493 et
301 2430 450 2511 spiritus.
495 2428 530 2493 Si
545 2429 660 2512 aliqua
676 2450 753 2512 pars
769 2431 919 2506 deesset,
933 2451 1019 2513 quae
1035 2429 1069 2493 in
1084 2428 1223 2493 homine
1239 2431 1372 2506 existit,

244 2521 389 2586 deesset
409 2521 536 2606 aliquid
555 2522 852 2586 determinationis
871 2522 915 2586 ab
930 2541 1046 2586 amore
1066 2531 1103 2586 et
1121 2523 1291 2604 sapientia
1309 2520 1374 2586 sibl

244 2614 536 2697 correspondens,
554 2634 614 2697 per
629 2615 720 2697 quod
738 2614 904 2679 Dominus
919 2635 940 2678 a
956 2615 1071 2696 primis
1086 2616 1121 2678 in
1137 2614 1266 2679 ultimis
1282 2612 1373 2696 apud

247 2705 426 2770 hominem
446 2716 565 2788 posset
584 2728 670 2784 esse,
690 2716 726 2770 et
753 2727 798 2770 ex
822 2707 948 2770 Divino
967 2726 1084 2771 amore
1106 2728 1169 2772 suo
1191 2728 1252 2790 per
1274 2704 1372 2773 Divl·

245 2818 331 2862 eram
350 2799 554 2880 sapientiam
572 2818 667 2863 suam
687 2799 867 2882 providere
885 2819 965 2862 usus
983 2800 1016 2862 in
1037 2801 1167 2864 mundo
1185 2808 1313 2864 creato.

313 2907 420 2974 390.
451 2891 538 2978 (vii.)
564 2891 662 2972 Quod
678 2892 857 2978 corq'unlle'o
875 2893 1019 2975 spiritus
1037 2894 1182 2959 hominis
1204 2916 1276 2958 cum
1297 2913 1377 2960 cor·-¹

241 2993 330 3068 pore
350 2984 397 3049 sit
414 2996 479 3067 per
501 2984 825 3068 correspondentiam
840 2985 1024 3050 voluntatis
1046 2995 1078 3050 et
1099 2986 1283 3051 intellellus
1299 2985 1372 3071 ejus

244 3098 322 3142 cum
336 3077 434 3141 corde
444 3087 477 3142 et
492 3077 649 3161 pulmone
663 3078 743 3161 ejus,
760 3088 793 3142 et
814 3077 991 3162 disjunclio
1004 3088 1070 3160 per
1091 3099 1154 3142 non
1172 3088 1369 3161 correspon-

243 3169 624 3252 dentiam-Quoniam
653 3167 820 3233 haetenus
852 3171 1011 3252 ignotum
1043 3170 1116 3246 luit,
1146 3171 1238 3253 quod
1272 3189 1370 3234 mene

246 3261 408 3338 hominis,
429 3283 488 3345 per
511 3283 612 3346 quam
630 3263 835 3345 intelligitur
854 3262 1015 3326 voluntas
1038 3271 1073 3326 et
1094 3258 1303 3336 intelledtus,
1323 3261 1369 3327 sit

246 3357 389 3438 spiritus
412 3354 493 3436 ejus,
518 3365 554 3418 et
576 3355 666 3437 quod
690 3355 827 3437 spiritus
851 3356 897 3419 sit
919 3354 1035 3430 homo,
1060 3363 1097 3418 et
1126 3354 1284 3434 ignotum
1307 3352 1370 3418 suit

243 3448 341 3530 quod
361 3448 493 3529 spiritui
510 3445 658 3510 hominis
677 3467 784 3529 aeque
803 3449 849 3509 sit
871 3446 989 3528 pulsus
1010 3455 1047 3510 et
1070 3445 1259 3530 respiratio,
1280 3445 1370 3510 sicut

243 3550 302 3603 est
321 3540 465 3620 corpori,
484 3558 553 3602 non
572 3541 649 3603 sciri
668 3541 780 3622 potuit
799 3538 892 3622 quod
912 3538 1028 3621 pulsus
1047 3550 1083 3602 et
1103 3537 1280 3619 respiratio
1299 3537 1368 3618 spi·

243 3632 333 3694 ritus
355 3632 388 3694 in
412 3630 550 3695 homine
568 3632 710 3709 influant
733 3634 766 3695 in
791 3631 925 3714 pulsum
948 3640 984 3694 et
1007 3632 1266 3712 respirationem
1291 3649 1367 3694 cor·

244 3724 340 3804 poris
350 3722 431 3805 ejus,
442 3733 479 3788 et
492 3724 683 3807 producant
696 3725 800 3788 illam.
846 3723 933 3788 Cum
946 3725 1060 3806 itaque
1074 3723 1210 3804 spiritus
1221 3721 1369 3786 hominis

243 3817 348 3898 pulsu
377 3828 413 3881 et
441 3817 666 3900 respiratione
692 3817 821 3897 gaudet
851 3837 959 3900 aeque
989 3835 1028 3879 ac
1059 3835 1192 3897 corpus,
1216 3815 1369 3897 sequitur

241 3908 338 3991 quod
352 3908 470 3971 similis
483 3908 787 3990 correspondentia
801 3910 916 3990 pulsus
933 3918 968 3972 et
984 3907 1217 3990 respirationis
1230 3907 1367 3988 spiritus

242 4001 397 4066 lrominis
415 4005 459 4066 sit
479 4023 555 4066 cum
573 4003 671 4086 pulsu
687 4013 722 4068 et
742 4005 966 4087 respiratione
984 4003 1136 4085 corporis
1155 4000 1244 4082 ejus;
1269 4020 1367 4064 mens

242 4099 350 4172 enim,
371 4109 408 4162 ut
432 4109 485 4164 est
508 4097 647 4173 dit'tum,
672 4111 727 4164 est
747 4103 884 4183 spiritus
903 4099 994 4180 ejus;
1025 4119 1130 4181 quare
1153 4115 1228 4158 cum
1253 4115 1365 4160 corre·

242 4194 456 4275 spondentia
475 4195 630 4258 binorum
650 4193 785 4260 illorum
806 4204 959 4256 motuum
979 4202 1105 4268 cessat,
1124 4190 1161 4254 fit
1182 4190 1364 4273 separatio,

241 4309 334 4371 ·quae
354 4300 407 4351 est
427 4309 528 4352 mors.
575 4287 758 4372 Separatio
776 4310 837 4351 seu
857 4307 949 4351 mors
966 4287 1015 4362 fit,
1036 4287 1173 4370 quando
1189 4305 1311 4367 corpus
1330 4286 1364 4348 in

241 4383 343 4446 illum
360 4392 489 4446 statum
510 4385 615 4457 venit,
633 4405 678 4447 ex
698 4403 899 4466 quocunque
913 4381 1033 4445 morbo
1048 4391 1108 4445 aut
1127 4401 1219 4454 casu,
1239 4389 1276 4443 ut
1296 4398 1365 4443 non

243 4480 357 4561 possit
378 4499 480 4542 unum
501 4499 604 4560 agere
622 4499 699 4542 cum
723 4499 784 4542 suo
804 4479 937 4561 spiritu,
961 4477 1009 4540 sic
1033 4476 1122 4540 enim
1143 4475 1232 4557 perit
1251 4494 1365 4539 corre·

242 4573 465 4654 spondentia,
487 4585 522 4637 et
540 4592 616 4636 cum
636 4571 943 4654 correspondentia
959 4568 1175 4652 conjundti03
1200 4590 1269 4634 non
1287 4587 1367 4634 cum

241 4664 323 4733 sola
339 4669 520 4753 respiratio
538 4679 664 4748 cessat,
679 4665 741 4731 sed
760 4683 840 4732 cum
856 4665 974 4750 pulsus
988 4663 1123 4730 cordis:
1146 4682 1228 4728 nam
1245 4680 1368 4750 quam·
