3358 5384
341 589 384 656 70
696 587 896 638 SAPIENTIA
918 587 1114 638 ANGELICA

338 759 429 837 inde,
445 779 581 840 prorsus
592 759 679 823 sicut
693 779 801 842 aquae
814 768 850 823 et
862 768 973 823 terrae
985 759 1018 822 in
1032 758 1160 822 mundo
1173 759 1321 822 naturali
1331 779 1391 841 per
1406 779 1463 823 ca·

340 854 448 920 lorem
468 865 503 919 et
524 855 634 918 lucem
653 855 735 918 solis
754 856 805 918 sui
824 856 940 918 mundi
960 855 1079 919 mediis
1095 854 1344 938 atmosphaeris
1361 852 1441 936 ejus.

403 948 496 1033 178·
527 949 816 1033 Atmosphaerae,
831 970 938 1032 aquae
955 959 990 1014 et
1007 960 1119 1014 terrae
1131 950 1184 1013 hic
1201 950 1370 1024 dicuntur,
1385 950 1463 1032 quia

338 1045 400 1110 illa
416 1046 481 1110 tria
500 1055 580 1109 sunt
604 1045 809 1123 communia,
830 1065 889 1127 per
908 1065 994 1129 quae
1017 1055 1053 1110 et
1077 1065 1121 1108 ex
1145 1045 1265 1128 quibus
1288 1046 1402 1108 omnia
1425 1054 1462 1109 et

338 1141 473 1224 singula
503 1160 579 1203 curn
610 1138 743 1204 infinita
765 1140 932 1204 varietate
959 1141 1127 1204 existunt.
1179 1140 1460 1222 Atmosphaerae

336 1246 417 1300 sunt
436 1237 524 1300 vires
543 1232 686 1310 adlivae,
704 1255 814 1318 aquae
833 1245 913 1299 sunt
932 1236 1020 1299 vires
1037 1236 1180 1310 mediae,
1195 1244 1231 1298 et
1251 1245 1361 1298 terrae
1381 1243 1462 1299 sunt

336 1332 425 1396 vires
445 1333 612 1414 passivae,
633 1351 678 1394 ex
698 1331 819 1413 quibus
842 1350 961 1395 omnes
984 1327 1123 1395 effeetus
1146 1331 1312 1394 existunt.
1357 1328 1460 1411 Quod

334 1425 395 1489 illa
411 1427 476 1490 tria
492 1426 580 1489 tales
592 1426 681 1489 vires
698 1426 766 1489 sint
782 1427 816 1488 in
834 1446 894 1489 sua
910 1426 1007 1500 serie,
1022 1435 1076 1489 est
1093 1425 1189 1488 unice
1209 1446 1254 1489 ex
1275 1425 1357 1501 vita,
1371 1444 1459 1507 quae

335 1540 355 1584 a
375 1521 524 1585 Domino
544 1531 582 1585 ut
602 1519 681 1585 Sole
701 1520 869 1603 procedit,
890 1531 925 1584 et
943 1541 1030 1604 quae
1049 1520 1131 1584 lacit
1150 1530 1188 1585 ut
1206 1522 1275 1584 sint
1294 1517 1438 1584 adtivae.

336 1811 450 1896 Quor)
480 1827 631 1879 annuus
659 1825 804 1880 auoms
833 1825 1134 1878 ETSAP1ENT1AE
1163 1826 1259 1889 sius,
1284 1827 1332 1877 Ετ
1360 1825 1457 1876 runs

463 1921 615 1973 annuus
642 1921 804 1974 cacoms
826 1923 875 1973 Er
899 1921 1017 1985 LUCIS,
1042 1922 1123 1974 auu
1151 1921 1302 1973 cunnus
1330 1921 1457 1973 aruo·

463 2016 733 2068 sennsnanuu.

316 2177 321 2192 '
395 2198 492 2269 179.
523 2185 596 2252 Nisi
616 2188 743 2251 sciatur
761 2186 852 2271 quod
871 2187 999 2269 gradus
1014 2186 1094 2262 sint,
1115 2196 1189 2250 tum
1208 2187 1287 2270 quid
1307 2196 1397 2262 sunt,
1418 2196 1455 2251 et

333 2282 464 2365 quales,
484 2302 552 2346 non
576 2281 822 2365 comprehendi
851 2293 995 2364 possunt
1018 2283 1210 2364 sequentia,
1231 2283 1391 2364 quoniam
1421 2283 1455 2345 in

335 2379 428 2441 omni
447 2397 483 2441 re
503 2388 619 2442 creata
641 2388 721 2442 sunt
744 2377 882 2460 gradus,
902 2379 951 2440 ita
969 2379 1002 2440 in
1022 2379 1114 2440 omni
1136 2377 1264 2456 lorma;
1294 2396 1398 2460 quare
1421 2377 1454 2440 in

333 2473 398 2537 hac
417 2474 518 2536 Parte
536 2472 729 2556 Sapientiae
742 2472 927 2554 Angelicae
941 2473 985 2536 de
1004 2474 1165 2556 gradibus
1184 2482 1316 2555 agetur.
1351 2470 1454 2553 Quod

332 2568 459 2649 gradus
475 2571 599 2632 amoris
615 2578 651 2632 et
667 2570 858 2650 sapientiae
874 2569 953 2643 sint,
968 2568 1148 2632 manifeste
1164 2577 1324 2632 constare
1336 2576 1454 2650 potest

332 2684 377 2727 ex
396 2663 530 2744 angelis
547 2665 646 2728 trium
661 2665 844 2728 caelorum.
889 2663 1019 2745 Angeli
1034 2663 1127 2727 tertii
1144 2663 1229 2727 caeli
1248 2661 1453 2728 1¹¹exce11unt

335 2777 452 2822 amore
471 2768 507 2822 et
531 2760 701 2841 sapientia
724 2779 805 2840 prae
828 2758 961 2841 angelis
985 2757 1125 2822 secundi
1148 2758 1245 2834 caeli,
1266 2767 1301 2822 et
1319 2758 1354 2821 hi
1372 2777 1453 2840 prae

331 2855 464 2935 angelis
483 2853 593 2918 ultimi
609 2854 706 2929 caeli,
726 2856 760 2918 in
779 2864 927 2928 tantum,
945 2864 982 2918 ut
1002 2873 1069 2918 non
1087 2855 1220 2935 possint
1238 2853 1338 2917 simul
1355 2873 1452 2932 esse;

332 2948 458 3031 gradus
477 2950 602 3012 amoris
620 2958 656 3012 et
674 2950 864 3030 sapientiae
888 2950 1104 3031 distinguunt
1125 2959 1161 3013 et
1179 2959 1342 3032 separant
1365 2950 1452 3012 illos.

332 3045 417 3108 Inde
436 3055 501 3118 est,
522 3043 614 3127 quod
633 3045 748 3125 angeli
767 3044 961 3109 inferiorum
985 3045 1156 3108 caelorum
1176 3065 1246 3108 non
1265 3046 1451 3110 ascendere

331 3141 464 3222 possint
483 3140 527 3202 ad
543 3139 689 3222 angelos
712 3141 924 3224 superiorum
943 3139 1137 3218 caelorum;
1162 3151 1198 3205 et
1217 3142 1243 3203 si
1263 3141 1331 3204 illis
1350 3141 1453 3207 datur

330 3246 368 3299 ut
383 3236 587 3310 ascendant,
607 3245 688 3300 tunc
713 3255 781 3300 non
805 3236 924 3299 vident
945 3235 1033 3310 illos,
1056 3255 1120 3300 nec
1139 3235 1265 3318 aliquid
1285 3237 1376 3319 quod
1395 3245 1451 3301 est

330 3330 420 3412 apud
439 3330 528 3394 illos.
574 3329 688 3395 Causa
706 3331 797 3414 quod
817 3351 886 3394 non
906 3331 1048 3394 videant
1072 3330 1162 3406 illos,
1180 3341 1233 3394 est
1253 3332 1332 3415 quia
1355 3351 1452 3396 amor

329 3435 365 3489 et
385 3426 556 3508 sapientia
571 3425 706 3489 illorum
723 3435 777 3489 est
796 3427 830 3488 in
849 3426 1014 3508 superiori
1033 3426 1153 3507 gradu,
1175 3427 1230 3508 qui
1254 3429 1450 3509 perceptio·

330 3539 408 3582 nem
443 3520 682 3583 transcendit:
718 3521 946 3602 unusquisque
979 3521 1070 3584 enim
1105 3520 1250 3602 angelus
1281 3531 1334 3586 est
1368 3543 1448 3586 suus

328 3633 425 3677 amor
442 3624 478 3678 et
497 3635 557 3678 sua
580 3615 759 3694 sapientia,
780 3634 820 3677 ac
843 3633 938 3678 amor
961 3635 1124 3679 unacum
1147 3618 1317 3696 sapientia
1341 3628 1393 3681 est
1415 3619 1448 3680 in

327 3729 389 3772 sua
420 3710 529 3773 lorma
552 3708 667 3784 homo,
692 3710 770 3791 quia
794 3709 899 3784 Deus,
919 3711 975 3792 qui
999 3719 1052 3772 est
1074 3712 1147 3794 ipse
1175 3711 1286 3775 Amor
1315 3722 1351 3776 et
1374 3714 1450 3795 ipsa

328 3803 518 3885 Sapientia,
539 3815 592 3867 est
617 3803 744 3868 Homo.
790 3803 918 3867 Datum
939 3814 992 3868 est
1015 3805 1097 3868 mihi
1120 3806 1302 3888 aliquoties
1320 3808 1448 3883 videre,

329 3901 421 3983 quod
456 3899 572 3982 angeli
602 3900 712 3962 ultimi
743 3900 829 3963 caeli
860 3900 1078 3964 ascenderint
1108 3901 1151 3982 ad
1182 3901 1327 3982 angelos
1354 3903 1449 3965 tertii

326 3994 414 4059 caeli
428 4017 436 4074 ;
460 4005 495 4058 et
510 4014 585 4057 cum
602 3994 682 4057 illuc
696 3996 780 4057 enisi
796 4005 887 4068 sunt,
901 3996 1015 4058 audivi
1032 3995 1110 4058 illos
1123 4007 1341 4078 conquestos,
1356 3997 1447 4079 quod

328 4111 396 4154 non
407 4091 547 4154 videant
565 4089 724 4173 aliquem,
742 4099 778 4152 et
795 4111 900 4171 usque
917 4100 1015 4153 erant
1033 4091 1066 4152 in
1083 4092 1196 4154 medio
1213 4091 1359 4155 illorum.
1397 4091 1445 4156 Et

327 4196 451 4268 postea
474 4182 628 4248 instrudli
652 4195 744 4258 sunt,
769 4186 859 4267 quod
883 4186 950 4248 illis
978 4187 1188 4266 inconspicui
1210 4187 1344 4262 fuerint,
1369 4188 1448 4270 quia

327 4302 423 4346 amor
436 4292 471 4345 et
480 4280 775 4364 sapientiaeorum
789 4281 1076 4362 imperceptibiles
1089 4281 1155 4344 illis
1168 4291 1295 4358 essent,
1305 4293 1340 4346 et
1354 4283 1447 4366 quod

325 4397 422 4441 amor
438 4387 473 4440 et
490 4377 658 4458 sapientia
673 4375 801 4439 saciant
818 4387 855 4438 ut
871 4376 1015 4458 angelus
1034 4386 1198 4457 appareat
1218 4390 1255 4439 ut
1269 4374 1383 4440 homo.

390 4470 489 4536 180·
522 4470 624 4553 Quod
637 4471 764 4554 gradus
780 4473 905 4534 amoris
921 4481 957 4535 et
974 4473 1165 4554 sapientiae
1183 4473 1317 4546 dentur,
1333 4472 1444 4537 adhuc

326 4566 538 4631 manifestius
567 4576 665 4649 patet
689 4588 734 4630 ex
762 4585 877 4630 amore
904 4577 939 4631 et
967 4569 1137 4648 sapientia
1164 4568 1364 4650 angelorum
1391 4589 1444 4631 re·
