3352 5374
406 715 456 766 na
480 715 615 765 nivino
637 714 781 776 nunna,
807 716 899 766 enus
922 717 1055 765 ιιι-Ν.
1076 703 1147 783 256.
1277 717 1333 784 105

219 889 258 946 et
281 903 326 945 ex
349 881 498 965 pluribus
517 885 596 946 visis
616 884 819 948 concludere
842 906 922 948 vera
945 887 978 948 in
1003 885 1130 960 ordine,
1152 906 1190 948 ac
1215 886 1261 949 sic
1285 886 1336 948 in-

221 972 400 1038 tellectum
417 975 578 1057 perlicere
598 977 630 1037 in
647 987 834 1039 aeternum.
881 977 931 1040 At
950 978 1068 1041 bestiis
1085 998 1153 1040 non
1173 987 1252 1040 sunt
1269 977 1337 1040 bini

219 1067 348 1148 gradus
372 1069 574 1149 superiores,
600 1069 659 1130 sed
691 1079 770 1131 sunt
796 1069 899 1131 modo
922 1070 1047 1150 gradus
1072 1068 1257 1143 naturales,
1281 1070 1336 1151 qui

219 1157 349 1239 absque
372 1159 533 1239 gradibus
553 1161 779 1242 superioribus
802 1162 834 1222 in
860 1160 952 1222 nulla
976 1161 1142 1223 facultate
1162 1160 1336 1240 cogitandi

220 1259 301 1310 sunt
319 1250 362 1311 de
381 1250 548 1332 aliquare
567 1251 666 1324 civili,
686 1252 804 1314 morali
821 1263 856 1315 et
876 1252 1053 1335 spirituali.
1088 1252 1146 1314 ·Et
1165 1254 1241 1334 quia
1258 1273 1335 1333 gra·

218 1341 282 1405 dus
301 1341 435 1405 illorum
456 1342 629 1405 naturales
654 1363 721 1414 non
745 1353 824 1406 sunt
845 1345 1041 1425 apertibiles
1065 1354 1100 1406 et
1124 1345 1202 1406 inde
1222 1345 1335 1406 eleva-

219 1433 306 1497 biles
325 1436 358 1497 in
379 1435 489 1498 lucem
506 1437 723 1516 superiorem,
742 1455 810 1498 non
831 1446 974 1515 possunt
991 1436 1146 1515 cogitare
1165 1437 1197 1496 in
1218 1436 1336 1497 ordine

218 1528 427 1600 successivo,
448 1526 508 1588 sed
533 1527 565 1588 in
585 1527 703 1589 ordine
723 1527 942 1600 simultaneo,
964 1529 1052 1609 quod
1073 1547 1141 1588 non
1163 1536 1216 1589 est
1241 1527 1336 1606 cogi-

218 1627 305 1692 tare,
325 1619 386 1681 sed
405 1639 450 1681 ex
469 1619 614 1680 scientia
633 1620 739 1680 amori
758 1638 874 1681 eorum
895 1619 1188 1698 correspondente
1212 1638 1334 1699 agere;

217 1720 255 1774 et
278 1711 357 1792 quia
380 1730 448 1772 non
472 1719 616 1791 possunt
639 1711 812 1790 analytice
832 1712 996 1791 cogitare,
1021 1731 1059 1774 ac
1073 1711 1334 1791 cogitationem

218 1801 410 1866 inferiorem
434 1823 453 1864 a
479 1803 627 1883 quadam
650 1803 823 1883 superiore
841 1793 972 1874 uidere,
997 1804 1075 1865 ideo
1099 1824 1165 1864 non
1191 1811 1334 1883 possunt

219 1893 322 1976 loqui,
343 1894 404 1956 sed
435 1896 682 1956 convenienter
710 1895 876 1956 scientiae
906 1895 1032 1955 amoris
1062 1914 1177 1956 eorum
1202 1913 1334 1957 sonare.

220 1984 270 2048 At
287 2006 392 2067 usque
408 1986 574 2048 sensualis
593 1985 708 2060 homo,
723 1987 778 2067 qui
797 1995 849 2048 est
865 1985 1169 2060 infime'naturalis,
1188 2007 1207 2048 a
1224 1987 1336 2048 bestia

219 2097 288 2140 non
308 2076 418 2140 differt
438 2077 500 2139 nisi
525 2098 585 2159 per
607 2078 697 2158 quod
716 2078 825 2158 possit
845 2077 1044 2139 memoriam
1064 2076 1203 2158 implere
1223 2078 1334 2139 scien·

218 2167 330 2243 tificis,
340 2180 376 2232 et
392 2189 437 2231 ex
451 2168 517 2231 illis
530 2170 685 2250 cogitare
698 2179 733 2231 et
747 2169 839 2250 loqui
854 2192 860 2246 ;
880 2169 970 2251 quod
983 2169 1090 2231 trahit
1107 2190 1151 2231 ex
1168 2169 1334 2231 facultate

218 2261 324 2324 cuivis
343 2260 471 2323 homini
487 2263 633 2342 propria,
648 2281 735 2342 quae
755 2262 916 2344 estquod
934 2263 1044 2342 possit
1059 2260 1256 2342 intelligere
1276 2281 1334 2323 ve·

219 2371 292 2415 rum
306 2353 334 2414 si
347 2351 432 2415 velit
446 2373 454 2428 ;
470 2352 554 2415 haec
568 2351 714 2416 facultas
727 2352 918 2433 distinguit.
953 2350 1021 2415 Sed
1031 2374 1136 2436 usque
1150 2353 1262 2434 plures
1276 2372 1336 2433 per

219 2443 362 2508 abusum
377 2441 475 2527 hujus
491 2443 666 2508 facultatis
681 2464 718 2508 se
734 2443 908 2508 inferiores
924 2445 1043 2508 bestiis
1059 2444 1291 2508 reddiderunt.

220 2735 333 2820 Quon
366 2751 517 2802 ananus
552 2751 771 2802 uaruaaurs
805 2752 948 2803 usuris
985 2751 1178 2803 HUMANAE
1214 2752 1255 2800 1u
1292 2751 1335 2802 sa

346 2846 558 2897 sancturus
573 2846 632 2896 sir
650 2847 875 2907 conrrnuus
893 2847 963 2897 san
982 2845 1087 2910 ouon
1103 2846 1174 2895 aaa
1190 2845 1334 2896 conna-

346 2941 621 2993 sponnanrrau
636 2942 715 2992 cunr
732 2942 831 2992 uuus
848 2941 1035 2992 nanninus
1052 2941 1332 3004 SUPERIORIBUS,

346 3037 429 3088 nou
449 3036 661 3098 staverun,
683 3036 881 3086 apparant
900 3036 1008 3088 srcur·
1026 3036 1084 3087 srr
1104 3035 1319 3088 DISCREWS.

283 3208 380 3290 256.
411 3206 489 3288 Hoc
513 3207 652 3272 tametsi
670 3226 774 3289 aegre
797 3217 915 3289 potest
934 3206 1178 3288 comprehendi
1201 3206 1335 3269 abillis

219 3301 276 3383 qui
303 3299 456 3362 nondum
484 3299 518 3362 in
542 3299 686 3362 scientia
709 3299 874 3380 graduum
897 3297 1090 3361 altitudinis
1113 3307 1205 3371 sunt,
1229 3318 1335 3378 usque

219 3400 337 3455 tamen
352 3391 574 3455 revelandum
591 3399 656 3466 est,
674 3392 752 3473 quia
767 3391 955 3472 sapientiae
972 3389 1148 3470 angelicae
1167 3399 1232 3464 est,
1250 3409 1336 3470 quae

219 3483 389 3565 sapientia
399 3483 553 3565 quamvis
569 3482 613 3546 ab
628 3482 765 3546 homine
779 3482 926 3546 naturali
942 3501 1010 3544 non
1028 3490 1145 3562 potest
1162 3501 1204 3544 eo
1221 3479 1335 3555 modo,

218 3593 287 3657 quo
305 3576 350 3639 ab
368 3575 511 3657 angelis,
529 3575 686 3657 cogitari,
703 3584 820 3656 potest
836 3582 952 3637 tamen
969 3573 1214 3654 comprehendi
1233 3572 1335 3635 intel·

219 3663 321 3740 lectu,
339 3667 419 3729 dum
437 3667 490 3731 hic
508 3687 613 3749 usque
633 3665 676 3730 ad
696 3666 839 3747 gradum
858 3666 953 3738 lucis,
971 3667 1005 3729 in
1024 3685 1090 3748 qua
1109 3674 1189 3728 sunt
1208 3665 1335 3746 angeli,

219 3756 396 3836 elevatur;
419 3754 616 3822 intellectus
634 3759 724 3822 enim
743 3768 859 3840 potest
879 3779 922 3822 eo
940 3778 1045 3840 usque
1063 3757 1202 3831 elevari,
1222 3776 1261 3819 ac
1281 3777 1335 3819 se·

220 3850 368 3912 cundum
401 3851 629 3915 elevationem
662 3849 835 3913 illustrari.
890 3847 957 3912 Sed
992 3849 1176 3913 illustratio
1209 3848 1336 3911 mentis

219 3941 386 4005 naturalis
405 3962 473 4005 non
493 3942 649 4006 ascendit
669 3962 729 4024 per
748 3942 874 4023 gradus
893 3942 1074 4014 discretos,
1095 3941 1155 4004 sed
1175 3941 1335 4004 increscit

219 4052 280 4114 per
298 4035 442 4114 gradum
462 4035 682 4111 continuum;
707 4044 788 4098 tunc
809 4034 897 4097 sicut
916 4034 1087 4106 increscit,
1108 4033 1157 4096 ita
1179 4031 1223 4094 ab
1245 4032 1334 4094 inte·

219 4125 297 4188 riori
332 4146 375 4187 ex
411 4124 486 4189 luce
516 4128 681 4208 graduum
711 4126 866 4188 binorum
895 4126 1105 4206 superiorum
1134 4122 1332 4186 illustratur.

219 4215 405 4298 Quomodo
435 4217 499 4280 hoc
530 4217 578 4292 fit,
609 4216 852 4298 comprehendi
883 4227 1000 4299 potest
1033 4236 1078 4278 ex
1112 4215 1334 4296 perceptione

217 4310 384 4389 graduum
401 4309 604 4382 altitudinis,
622 4310 712 4391 quod
733 4329 817 4371 unus
836 4309 880 4371 sit
899 4328 999 4388 supra
1015 4307 1171 4380 alterum,
1189 4315 1224 4369 et
1243 4307 1335 4388 quod

218 4400 345 4481 gradus
366 4401 540 4475 naturalis,
561 4402 616 4483 qui
639 4410 692 4464 est
712 4401 862 4474 ultimus,
883 4401 927 4462 sit
947 4399 1042 4481 quasi
1060 4397 1219 4462 velamen
1240 4417 1333 4460 com·

218 4511 321 4555 mune
344 4493 486 4555 duorum
510 4493 718 4574 superiorum
737 4492 902 4574 graduum
915 4513 923 4569 ;
955 4501 1036 4553 tunc
1060 4491 1147 4552 sicut
1169 4488 1334 4552 naturalis

218 4586 346 4667 gradus
366 4584 519 4648 elevatur
537 4585 579 4647 ad
600 4584 742 4665 gradum
762 4584 953 4665 superioris,
974 4583 1023 4645 ita
1042 4582 1194 4663 superior
1216 4581 1260 4644 ab
1282 4583 1332 4644 in·

217 4677 335 4743 teriori
359 4677 431 4758 agit
454 4677 488 4740 in
512 4677 720 4742 exteriorem
744 4676 945 4749 naturalem,
970 4693 1009 4737 ac
1034 4671 1129 4736 illum
1153 4673 1333 4737 illuminat.
