3424 5368
335 635 394 698 190
686 630 889 684 snvmnmn
912 630 1109 684 anonucn

334 804 577 888 permittantur
599 803 689 867 mala
708 811 849 887 propter
865 805 967 870 finem
987 825 1074 890 quae
1094 815 1148 870 est
1167 803 1326 872 salvatio.
1371 801 1463 873 ‘rum

334 921 380 964 ex
404 901 492 965 hoc:
535 899 636 982 Quod
673 899 798 965 Divina
832 900 1054 966 Providentia
1074 899 1242 966 continua
1275 900 1321 966 sit
1352 921 1463 986 aeque

335 996 426 1078 apud
460 995 570 1060 malos
603 1016 705 1079 quam
739 996 829 1079 apud
860 996 980 1060 bonos.
1037 995 1085 1062 Et
1118 997 1257 1062 demum
1289 1018 1337 1062 ex
1373 997 1461 1063 hoc:

337 1088 439 1171 Quod
471 1091 639 1154 Dominus
670 1109 737 1154 non
772 1092 881 1174 possit
907 1111 1011 1174 agere
1041 1101 1166 1156 contra
1189 1091 1285 1175 leges
1315 1092 1463 1158 Divinae

335 1207 418 1250 suae
449 1185 698 1262 Providentiae.
729 1187 808 1270 quia
840 1205 945 1269 agere
974 1195 1097 1251 contra
1129 1187 1207 1251 illas
1237 1187 1324 1252 soret
1357 1208 1464 1270 agere

336 1293 459 1347 contra
483 1281 644 1346 Divinum
667 1281 834 1348 Amorem
858 1301 967 1358 suum,
991 1291 1028 1346 et
1060 1291 1184 1347 contra
1208 1281 1368 1347 Divinam
1399 1282 1463 1348 Sa·

337 1379 503 1460 pientiam
522 1397 629 1455 suam,
648 1377 699 1442 ita
716 1386 837 1442 contra
859 1375 904 1442 Se
928 1377 1056 1461 Ipsum.
1103 1376 1180 1442 Hae
1200 1378 1307 1461 leges,
1327 1380 1355 1442 si
1378 1399 1463 1443 con·

336 1474 498 1549 serantur,
522 1484 667 1557 possunt
690 1471 910 1538 manifestare
932 1492 1065 1548 causas,
1088 1493 1148 1538 cur
1169 1494 1191 1538 a
1214 1474 1362 1540 Domino
1386 1495 1464 1557 per·

338 1570 524 1633 mittuntur
538 1569 742 1651 impietates,
759 1579 795 1633 et
812 1588 882 1632 non
902 1569 1087 1652 puniuntur
1106 1569 1294 1635 dummodo
1312 1573 1347 1634 in
1366 1573 1463 1655 cogi·

338 1667 471 1730 tatione
494 1675 587 1742 sunt,
606 1674 643 1729 et
662 1685 739 1731 raro
762 1667 868 1730 etiam
887 1665 922 1728 in
941 1666 1148 1742 intentione,
1171 1675 1207 1730 et
1231 1667 1277 1732 sic
1301 1669 1407 1732 etiam
1430 1667 1464 1732 in

339 1761 576 1835 voluntate,et
594 1781 662 1825 non
679 1761 711 1823 in
729 1758 829 1825 iadto.
863 1759 932 1826 Sed
946 1781 1052 1846 usque
1068 1762 1319 1847 unumquodvis
1335 1763 1464 1828 malum

339 1877 401 1921 sua
415 1876 526 1939 poena
538 1859 714 1939 sequitur;
738 1867 792 1920 est
809 1857 897 1922 sicut
914 1856 1007 1922 malo
1022 1858 1186 1940 inscripta
1202 1860 1247 1923 sit
1263 1880 1324 1922 sua
1340 1880 1463 1942 poena,

340 1971 442 2036 quam
462 1953 583 2034 impius
602 1961 683 2034 post
704 1961 852 2016 mortem
872 1952 946 2017 luit.
991 1957 1049 2018 [4.]
1084 1952 1146 2018 Per
1164 1953 1249 2018 haec
1268 1976 1355 2037 quae
1374 1975 1465 2020 nunc

341 2045 491 2113 addutta
506 2059 596 2123 sunt,
613 2049 718 2112 etiam
738 2045 943 2132 ¹¹¹explicata
958 2058 1038 2112 sunt
1055 2051 1235 2133 sequentia
1250 2051 1334 2114 haec
1351 2071 1464 2133 supra,

342 2161 375 2208 n.
389 2159 407 2206 2
412 2158 460 2224 37,
475 2143 591 2217 allata,
605 2164 692 2227 quae
708 2155 801 2219 sunt,
818 2141 916 2222 Quod
926 2143 1033 2208 cultor
1044 2145 1101 2208 sui
1111 2155 1144 2207 ct
1157 2145 1264 2209 cultor
1275 2157 1418 2210 naturae
1431 2167 1468 2211 se

341 2237 511 2322 confirmet
530 2247 646 2300 contra
664 2237 827 2302 Divinam
845 2237 1101 2302 Providentiam
1122 2238 1232 2303 adhuc
1253 2241 1374 2322 magis,
1393 2263 1468 2306 cum

342 2334 434 2398 videt
454 2332 546 2417 quad
563 2333 738 2397 succedant
759 2333 1031 2410 machinationes,
1051 2335 1199 2399 astutiae
1213 2345 1247 2399 et
1267 2335 1346 2412 doli,
1365 2337 1468 2402 ctiam

341 2443 457 2496 cantra
466 2434 553 2514 pios,
561 2433 676 2514 fastos
694 2441 727 2496 et
745 2432 889 2496 sinceras
900 2454 913 2494 .·
935 2441 968 2494 et
988 2431 1080 2514 qnod
1098 2431 1266 2515 intestina
1283 2433 1470 2515 tnaaphet

343 2539 445 2608 super
456 2527 633 2611 Jitstitiam
651 2527 686 2588 in
694 2525 834 2610 sitdicits
849 2535 882 2590 et
896 2527 930 2590 in
946 2523 1273 2609 negotiis-Omnes
1289 2527 1385 2610 leges
1405 2527 1468 2592 Di·

342 2626 443 2687 vinae
463 2621 703 2686 Providentiae
723 2631 804 2686 sunt
824 2621 1074 2702 necessitates;
1097 2632 1134 2687 et
1150 2622 1231 2706 quia
1248 2632 1327 2686 sunt
1343 2643 1469 2688 causae

343 2738 403 2782 cur
420 2717 505 2781 talia
524 2718 782 2799 permittuntur,
802 2727 911 2802 patet,
931 2717 1023 2802 quod
1043 2729 1080 2781 ut
1099 2717 1205 2782 homo
1224 2717 1336 2782 vivere
1358 2721 1469 2801 possit

343 2814 460 2889 homo,
484 2811 659 2878 reformari
685 2821 722 2877 et
748 2812 886 2890 salvari,
911 2812 995 2879 talia
1018 2832 1086 2878 non
1109 2815 1244 2898 possint
1265 2834 1286 2879 a
1315 2813 1469 2879 Domino

343 2909 473 2974 homini
491 2906 624 2984 auferri,
645 2909 708 2974 nisi
727 2909 879 2974 mediate
898 2927 958 2993 per
976 2908 1142 2984 Verbum.
1161 2919 1199 2973 et
1222 2909 1256 2972 in
1275 2911 1389 2993 specie
1409 2931 1471 2994 per

342 3004 503 3088 decalogi
522 3014 719 3087 praecepta.
739 3005 830 3088 apud
848 3004 929 3069 illos
945 3005 999 3090 qui
1019 3015 1217 3088 agnoscunt
1232 3005 1344 3069 omnis
1359 3025 1469 3089 gene·

343 3101 388 3164 ris
406 3098 601 3176 homicidia.
622 3100 803 3176 adulteria,
823 3099 913 3165 iurta
928 3113 963 3164 et
982 3098 1069 3163 salsa
1087 3101 1289 3165 testimonia
1306 3121 1368 3184 pro
1387 3122 1469 3184 pec·

342 3198 449 3261 catis:
474 3205 510 3260 at
528 3195 618 3278 apud
637 3195 715 3260 illos
738 3195 795 3279 qui
818 3215 887 3259 non
907 3203 1102 3278 agnoscunt
1117 3195 1202 3260 talia
1219 3215 1281 3278 pto
1303 3198 1468 3279 peccatis,

344 3293 495 3358 mediate
518 3311 578 3374 per
597 3290 694 3374 leges
712 3290 831 3356 civiles
854 3310 893 3356 ac
916 3293 1075 3356 timorem
1093 3309 1156 3374 pro
1171 3289 1292 3374 poenis
1309 3290 1468 3373 illarum;

343 3398 418 3452 tum
441 3388 592 3452 mediate
615 3405 676 3469 per
698 3385 795 3470 leges
819 3387 978 3463 morales,
997 3406 1039 3451 ac
1062 3386 1222 3452 timorem
1241 3381 1395 3469 jadturae
1417 3388 1467 3452 sa·

343 3502 431 3558 mae,
448 3483 589 3546 honoris
603 3492 641 3548 et
661 3482 744 3546 lucri
764 3492 903 3566 propter
918 3482 1036 3560 iliam;
1059 3502 1120 3566 pet
1136 3481 1222 3548 haec
1238 3482 1354 3548 media
1371 3484 1468 3550 ducit

343 3578 511 3642 Dominus
535 3577 657 3654 malos,
678 3577 739 3643 sed
762 3577 874 3642 solum
897 3599 918 3642 a
940 3577 1097 3644 iaciendo
1120 3577 1189 3652 illa,
1214 3597 1284 3641 non
1305 3587 1423 3643 autem
1447 3600 1468 3645 a

341 3673 531 3756 cogitando
553 3683 590 3739 et
613 3673 765 3739 volendo
786 3674 868 3754 illa;
892 3693 953 3759 per
971 3674 1084 3758 priora
1102 3682 1220 3738 autem
1239 3674 1352 3740 media
1370 3675 1467 3742 ducit

342 3769 510 3834 Dominus
533 3768 656 3846 bonos.
680 3789 750 3835 non
773 3770 885 3835 solum
907 3789 928 3834 a
954 3767 1113 3834 iaciendo
1134 3767 1205 3846 illa,
1228 3769 1289 3834 sed
1312 3769 1419 3834 etiam
1446 3792 1467 3837 a

341 3865 533 3948 cogitando
550 3874 588 3930 et
606 3863 757 3931 volendo
776 3865 845 3931 illa.

405 3974 505 4045 25⁰·
534 3959 598 4044 (ii.)
624 3959 723 4040 Quod
735 3961 841 4027 cultor
862 3963 920 4028 sui
939 3971 972 4028 et
998 3961 1106 4026 cultor
1124 3971 1266 4026 naturae
1293 3982 1330 4026 se
1350 3973 1465 4028 contra

340 4057 502 4124 Divinam
519 4054 777 4140 Providentiam
792 4057 972 4142 confirmet,
985 4077 1057 4122 cum
1073 4057 1165 4122 videt
1182 4056 1302 4140 ainpa'os
1320 4057 1371 4122 ad
1383 4057 1463 4122 hon-

341 4174 415 4219 ores
429 4151 530 4228 evehi,
547 4173 586 4217 aa
594 4153 682 4238 fieri
696 4163 869 4236 magnates
887 4163 920 4218 at
936 4153 1104 4236 primates
1112 4175 1128 4228 ,·
1150 4163 1222 4216 tum
1238 4153 1340 4218 ettam
1357 4154 1465 4217 abun·

341 4251 425 4314 dare
445 4248 572 4331 apibus,
592 4270 631 4314 ac
648 4248 763 4312 vivere
786 4249 824 4312 in
842 4248 945 4313 lautas
967 4257 1001 4312 et
1022 4247 1235 4332 magnificis;
1268 4259 1302 4312 et
1319 4249 1465 4313 cultores

340 4345 407 4410 Dei
426 4345 461 4407 in
478 4355 662 4426 contemptu
678 4353 711 4408 et
728 4341 1105 4426 paupertate—Cultor
1125 4342 1175 4408 sui
1194 4353 1230 4408 et
1252 4343 1367 4408 cultor
1386 4355 1465 4409 nat·

341 4461 422 4504 urae
445 4440 554 4504 credit
579 4441 770 4522 dignitates
793 4448 829 4503 et
852 4459 937 4522 opes
959 4459 1036 4504 esse
1059 4457 1211 4504 summas
1233 4449 1270 4504 et
1293 4439 1397 4513 solas,
1415 4441 1464 4502 ita

340 4537 433 4616 ipsas
451 4534 648 4610 felicitates,
668 4555 756 4617 quae
774 4535 847 4598 dari
866 4545 1034 4617 possunt;
1059 4544 1094 4601 et
1113 4536 1141 4598 si
1164 4555 1210 4600 ex
1231 4533 1326 4599 cultu
1343 4533 1389 4599 ab
1410 4535 1462 4598 in·

339 4629 446 4692 santia
461 4629 597 4716 initiato
615 4629 742 4712 aliquid
762 4631 898 4713 cogitat
917 4630 960 4694 de
980 4629 1067 4706 Deo,
1083 4640 1188 4695 vocat
1207 4628 1284 4694 illas
1300 4629 1466 4698 benedic·
