<?xml version="1.0" encoding="UTF-8"?>
<!DOCTYPE html PUBLIC "-//W3C//DTD XHTML 1.0 Transitional//EN"
    "http://www.w3.org/TR/xhtml1/DTD/xhtml1-transitional.dtd">
<html xmlns="http://www.w3.org/1999/xhtml" xml:lang="en" lang="en">
 <head>
  <title>
</title>
<meta http-equiv="Content-Type" content="text/html;charset=utf-8" />
  <meta name='ocr-system' content='tesseract 3.04.00' />
  <meta name='ocr-capabilities' content='ocr_page ocr_carea ocr_par ocr_line ocrx_word'/>
</head>
<body>
  <div class='ocr_page' id='page_1' title='image "./sapientaangelic01swedgoog_0436.png"; bbox 0 0 3424 5368; ppageno 0'>
   <div class='ocr_carea' id='block_1_1' title="bbox 509 656 1417 741">
    <p class='ocr_par' dir='ltr' id='par_1_1' title="bbox 509 656 1417 741">
     <span class='ocr_line' id='line_1_1' title="bbox 509 656 1417 741; baseline -0.002 -19"><span class='ocrx_word' id='word_1_1' title='bbox 509 673 560 722; x_wconf 79' lang='lat' dir='ltr'>os</span> <span class='ocrx_word' id='word_1_2' title='bbox 581 670 720 722; x_wconf 69' lang='lat' dir='ltr'>murrea</span> <span class='ocrx_word' id='word_1_3' title='bbox 742 665 1098 720; x_wconf 62' lang='lat' dir='ltr'>promotuum-rt.</span> <span class='ocrx_word' id='word_1_4' title='bbox 1117 669 1189 738; x_wconf 83' lang='lat'><strong>245.</strong></span> <span class='ocrx_word' id='word_1_5' title='bbox 1356 656 1417 741; x_wconf 88' lang='lat'>187</span> 
     </span>
    </p>
   </div>
   <div class='ocr_carea' id='block_1_2' title="bbox 288 836 1422 2939">
    <p class='ocr_par' dir='ltr' id='par_1_2' title="bbox 288 836 1420 2267">
     <span class='ocr_line' id='line_1_2' title="bbox 288 836 1417 929; baseline -0.004 -17"><span class='ocrx_word' id='word_1_6' title='bbox 288 849 351 914; x_wconf 79' lang='lat' dir='ltr'>roi</span> <span class='ocrx_word' id='word_1_7' title='bbox 365 854 484 929; x_wconf 76' lang='lat' dir='ltr'>prope,</span> <span class='ocrx_word' id='word_1_8' title='bbox 504 852 538 908; x_wconf 85' lang='lat' dir='ltr'>et</span> <span class='ocrx_word' id='word_1_9' title='bbox 558 863 621 908; x_wconf 86' lang='lat' dir='ltr'>non</span> <span class='ocrx_word' id='word_1_10' title='bbox 646 837 1025 925; x_wconf 70' lang='lat' dir='ltr'>praecavit—Fadium</span> <span class='ocrx_word' id='word_1_11' title='bbox 1048 847 1104 906; x_wconf 90' lang='lat' dir='ltr'>est</span> <span class='ocrx_word' id='word_1_12' title='bbox 1125 837 1192 906; x_wconf 92' lang='lat' dir='ltr'>hoc</span> <span class='ocrx_word' id='word_1_13' title='bbox 1215 838 1250 906; x_wconf 90' lang='lat' dir='ltr'>in</span> <span class='ocrx_word' id='word_1_14' title='bbox 1273 836 1417 907; x_wconf 85' lang='lat' dir='ltr'>deserto</span> 
     </span>
     <span class='ocr_line' id='line_1_3' title="bbox 289 934 1417 1024; baseline -0.004 -17"><span class='ocrx_word' id='word_1_15' title='bbox 289 943 383 1008; x_wconf 88' lang='lat' dir='ltr'>Sinai</span> <span class='ocrx_word' id='word_1_16' title='bbox 408 961 515 1024; x_wconf 83' lang='lat' dir='ltr'>prope</span> <span class='ocrx_word' id='word_1_17' title='bbox 535 948 701 1003; x_wconf 88' lang='lat' dir='ltr'>montem.</span> <span class='ocrx_word' id='word_1_18' title='bbox 747 934 850 1019; x_wconf 89' lang='lat' dir='ltr'>Quod</span> <span class='ocrx_word' id='word_1_19' title='bbox 868 935 1027 1019; x_wconf 90' lang='lat' dir='ltr'>Jehovah</span> <span class='ocrx_word' id='word_1_20' title='bbox 1046 955 1114 1002; x_wconf 93' lang='lat' dir='ltr'>non</span> <span class='ocrx_word' id='word_1_21' title='bbox 1134 936 1317 1002; x_wconf 82' lang='lat' dir='ltr'>abduxerit</span> <span class='ocrx_word' id='word_1_22' title='bbox 1336 936 1417 1002; x_wconf 89' lang='lat' dir='ltr'>illos</span> 
     </span>
     <span class='ocr_line' id='line_1_4' title="bbox 289 1032 1417 1117; baseline -0.005 -14"><span class='ocrx_word' id='word_1_23' title='bbox 289 1061 311 1103; x_wconf 89' lang='lat' dir='ltr'>a</span> <span class='ocrx_word' id='word_1_24' title='bbox 326 1039 520 1102; x_wconf 78' lang='lat' dir='ltr'>facinoroso</span> <span class='ocrx_word' id='word_1_25' title='bbox 536 1034 597 1099; x_wconf 95' lang='lat' dir='ltr'>illo</span> <span class='ocrx_word' id='word_1_26' title='bbox 613 1034 719 1110; x_wconf 87' lang='lat' dir='ltr'>cultu,</span> <span class='ocrx_word' id='word_1_27' title='bbox 736 1043 790 1097; x_wconf 89' lang='lat' dir='ltr'>est</span> <span class='ocrx_word' id='word_1_28' title='bbox 810 1033 1000 1096; x_wconf 91' lang='lat' dir='ltr'>secundum</span> <span class='ocrx_word' id='word_1_29' title='bbox 1017 1052 1137 1098; x_wconf 89' lang='lat' dir='ltr'>omnes</span> <span class='ocrx_word' id='word_1_30' title='bbox 1157 1033 1253 1117; x_wconf 89' lang='lat' dir='ltr'>leges</span> <span class='ocrx_word' id='word_1_31' title='bbox 1270 1032 1417 1097; x_wconf 88' lang='lat' dir='ltr'>Divinae</span> 
     </span>
     <span class='ocr_line' id='line_1_5' title="bbox 291 1125 1417 1213; baseline -0.006 -15"><span class='ocrx_word' id='word_1_32' title='bbox 291 1131 543 1206; x_wconf 84' lang='lat' dir='ltr'><strong>Providentiae,</strong></span> <span class='ocrx_word' id='word_1_33' title='bbox 556 1149 643 1213; x_wconf 87' lang='lat' dir='ltr'>quae</span> <span class='ocrx_word' id='word_1_34' title='bbox 659 1125 827 1193; x_wconf 72' lang='lat' dir='ltr'>hactenus</span> <span class='ocrx_word' id='word_1_35' title='bbox 843 1128 973 1192; x_wconf 88' lang='lat' dir='ltr'>allatae</span> <span class='ocrx_word' id='word_1_36' title='bbox 989 1139 1081 1205; x_wconf 89' lang='lat' dir='ltr'>sunt,</span> <span class='ocrx_word' id='word_1_37' title='bbox 1092 1139 1128 1193; x_wconf 93' lang='lat' dir='ltr'>et</span> <span class='ocrx_word' id='word_1_38' title='bbox 1144 1148 1280 1213; x_wconf 88' lang='lat' dir='ltr'>quoque</span> <span class='ocrx_word' id='word_1_39' title='bbox 1293 1147 1417 1193; x_wconf 90' lang='lat' dir='ltr'>secun·</span> 
     </span>
     <span class='ocr_line' id='line_1_6' title="bbox 288 1223 1415 1310; baseline -0.003 -18"><span class='ocrx_word' id='word_1_40' title='bbox 288 1229 372 1293; x_wconf 88' lang='lat' dir='ltr'>dum</span> <span class='ocrx_word' id='word_1_41' title='bbox 403 1227 481 1291; x_wconf 90' lang='lat' dir='ltr'>illas</span> <span class='ocrx_word' id='word_1_42' title='bbox 504 1246 591 1310; x_wconf 91' lang='lat' dir='ltr'>quae</span> <span class='ocrx_word' id='word_1_43' title='bbox 616 1234 814 1308; x_wconf 90' lang='lat' dir='ltr'>sequuntur.</span> <span class='ocrx_word' id='word_1_44' title='bbox 860 1224 939 1289; x_wconf 91' lang='lat' dir='ltr'>Hoc</span> <span class='ocrx_word' id='word_1_45' title='bbox 964 1224 1092 1288; x_wconf 89' lang='lat' dir='ltr'>malum</span> <span class='ocrx_word' id='word_1_46' title='bbox 1119 1223 1187 1288; x_wconf 92' lang='lat' dir='ltr'>illis</span> <span class='ocrx_word' id='word_1_47' title='bbox 1213 1225 1415 1306; x_wconf 85' lang='lat' dir='ltr'>permissum</span> 
     </span>
     <span class='ocr_line' id='line_1_7' title="bbox 289 1319 1418 1406; baseline -0.004 -16"><span class='ocrx_word' id='word_1_48' title='bbox 289 1337 356 1398; x_wconf 88' lang='lat' dir='ltr'>est,</span> <span class='ocrx_word' id='word_1_49' title='bbox 376 1345 419 1388; x_wconf 92' lang='lat' dir='ltr'>ne</span> <span class='ocrx_word' id='word_1_50' title='bbox 440 1325 590 1406; x_wconf 86' lang='lat' dir='ltr'>perirent</span> <span class='ocrx_word' id='word_1_51' title='bbox 611 1341 751 1400; x_wconf 90' lang='lat' dir='ltr'>omnes;</span> <span class='ocrx_word' id='word_1_52' title='bbox 786 1340 867 1386; x_wconf 90' lang='lat' dir='ltr'>nam</span> <span class='ocrx_word' id='word_1_53' title='bbox 890 1320 950 1385; x_wconf 91' lang='lat' dir='ltr'>filii</span> <span class='ocrx_word' id='word_1_54' title='bbox 974 1321 1110 1386; x_wconf 87' lang='lat' dir='ltr'>Israelis</span> <span class='ocrx_word' id='word_1_55' title='bbox 1134 1319 1249 1386; x_wconf 69' lang='lat' dir='ltr'>educti</span> <span class='ocrx_word' id='word_1_56' title='bbox 1270 1330 1352 1386; x_wconf 91' lang='lat' dir='ltr'>sunt</span> <span class='ocrx_word' id='word_1_57' title='bbox 1371 1341 1418 1386; x_wconf 89' lang='lat' dir='ltr'>ex</span> 
     </span>
     <span class='ocr_line' id='line_1_8' title="bbox 292 1417 1417 1504; baseline -0.003 -19"><span class='ocrx_word' id='word_1_58' title='bbox 292 1421 471 1504; x_wconf 82' lang='lat' dir='ltr'>Aegypto,</span> <span class='ocrx_word' id='word_1_59' title='bbox 496 1430 533 1484; x_wconf 93' lang='lat' dir='ltr'>ut</span> <span class='ocrx_word' id='word_1_60' title='bbox 558 1428 860 1501; x_wconf 83' lang='lat' dir='ltr'>repraesentarent</span> <span class='ocrx_word' id='word_1_61' title='bbox 884 1418 1068 1483; x_wconf 89' lang='lat' dir='ltr'>ecclesiam</span> <span class='ocrx_word' id='word_1_62' title='bbox 1093 1417 1244 1494; x_wconf 87' lang='lat' dir='ltr'>Domini,</span> <span class='ocrx_word' id='word_1_63' title='bbox 1268 1428 1305 1483; x_wconf 92' lang='lat' dir='ltr'>et</span> <span class='ocrx_word' id='word_1_64' title='bbox 1327 1418 1417 1482; x_wconf 88' lang='lat' dir='ltr'>hanc</span> 
     </span>
     <span class='ocr_line' id='line_1_9' title="bbox 290 1513 1419 1597; baseline -0.002 -17"><span class='ocrx_word' id='word_1_65' title='bbox 290 1525 550 1597; x_wconf 89' lang='lat' dir='ltr'>repraesentare</span> <span class='ocrx_word' id='word_1_66' title='bbox 566 1535 636 1578; x_wconf 91' lang='lat' dir='ltr'>non</span> <span class='ocrx_word' id='word_1_67' title='bbox 653 1524 853 1597; x_wconf 90' lang='lat' dir='ltr'>potuerunt,</span> <span class='ocrx_word' id='word_1_68' title='bbox 867 1515 931 1579; x_wconf 91' lang='lat' dir='ltr'>nisi</span> <span class='ocrx_word' id='word_1_69' title='bbox 948 1513 1144 1578; x_wconf 84' lang='lat' dir='ltr'>idololatria</span> <span class='ocrx_word' id='word_1_70' title='bbox 1160 1513 1419 1596; x_wconf 85' lang='lat' dir='ltr'>Aegyptiacae</span> 
     </span>
     <span class='ocr_line' id='line_1_10' title="bbox 291 1608 1417 1692; baseline 0 -18"><span class='ocrx_word' id='word_1_71' title='bbox 291 1613 451 1675; x_wconf 89' lang='lat' dir='ltr'>cordibus</span> <span class='ocrx_word' id='word_1_72' title='bbox 464 1629 581 1674; x_wconf 90' lang='lat' dir='ltr'>eorum</span> <span class='ocrx_word' id='word_1_73' title='bbox 598 1612 744 1692; x_wconf 92' lang='lat' dir='ltr'>primum</span> <span class='ocrx_word' id='word_1_74' title='bbox 761 1609 1013 1690; x_wconf 87' lang='lat' dir='ltr'>eradicaretur;</span> <span class='ocrx_word' id='word_1_75' title='bbox 1037 1620 1074 1674; x_wconf 90' lang='lat' dir='ltr'>et</span> <span class='ocrx_word' id='word_1_76' title='bbox 1089 1610 1155 1674; x_wconf 90' lang='lat' dir='ltr'>hoc</span> <span class='ocrx_word' id='word_1_77' title='bbox 1169 1629 1238 1673; x_wconf 89' lang='lat' dir='ltr'>non</span> <span class='ocrx_word' id='word_1_78' title='bbox 1254 1608 1324 1673; x_wconf 85' lang='lat' dir='ltr'>fieri</span> <span class='ocrx_word' id='word_1_79' title='bbox 1338 1619 1417 1692; x_wconf 93' lang='lat' dir='ltr'>pot·</span> 
     </span>
     <span class='ocr_line' id='line_1_11' title="bbox 292 1705 1418 1790; baseline 0 -20"><span class='ocrx_word' id='word_1_80' title='bbox 292 1708 342 1770; x_wconf 92' lang='lat' dir='ltr'>uit</span> <span class='ocrx_word' id='word_1_81' title='bbox 364 1708 428 1770; x_wconf 91' lang='lat' dir='ltr'>nisi</span> <span class='ocrx_word' id='word_1_82' title='bbox 451 1705 607 1771; x_wconf 78' lang='lat' dir='ltr'>reliiium</span> <span class='ocrx_word' id='word_1_83' title='bbox 632 1706 751 1770; x_wconf 86' lang='lat' dir='ltr'>luisset</span> <span class='ocrx_word' id='word_1_84' title='bbox 774 1706 842 1771; x_wconf 92' lang='lat' dir='ltr'>illis</span> <span class='ocrx_word' id='word_1_85' title='bbox 866 1725 970 1790; x_wconf 88' lang='lat' dir='ltr'>agere</span> <span class='ocrx_word' id='word_1_86' title='bbox 998 1707 1186 1771; x_wconf 90' lang='lat' dir='ltr'>secundum</span> <span class='ocrx_word' id='word_1_87' title='bbox 1210 1706 1244 1769; x_wconf 94' lang='lat' dir='ltr'>id</span> <span class='ocrx_word' id='word_1_88' title='bbox 1268 1707 1359 1790; x_wconf 90' lang='lat' dir='ltr'>quod</span> <span class='ocrx_word' id='word_1_89' title='bbox 1383 1707 1418 1770; x_wconf 93' lang='lat' dir='ltr'>in</span> 
     </span>
     <span class='ocr_line' id='line_1_12' title="bbox 291 1801 1419 1885; baseline -0.001 -20"><span class='ocrx_word' id='word_1_90' title='bbox 291 1803 395 1866; x_wconf 90' lang='lat' dir='ltr'>corde</span> <span class='ocrx_word' id='word_1_91' title='bbox 412 1803 547 1866; x_wconf 90' lang='lat' dir='ltr'>illorum</span> <span class='ocrx_word' id='word_1_92' title='bbox 566 1801 640 1878; x_wconf 85' lang='lat' dir='ltr'>luit,</span> <span class='ocrx_word' id='word_1_93' title='bbox 658 1811 695 1866; x_wconf 93' lang='lat' dir='ltr'>et</span> <span class='ocrx_word' id='word_1_94' title='bbox 714 1803 763 1866; x_wconf 90' lang='lat' dir='ltr'>sic</span> <span class='ocrx_word' id='word_1_95' title='bbox 779 1801 912 1866; x_wconf 80' lang='lat' dir='ltr'>auferre</span> <span class='ocrx_word' id='word_1_96' title='bbox 926 1801 1012 1865; x_wconf 91' lang='lat' dir='ltr'>illud</span> <span class='ocrx_word' id='word_1_97' title='bbox 1028 1822 1088 1884; x_wconf 90' lang='lat' dir='ltr'>per</span> <span class='ocrx_word' id='word_1_98' title='bbox 1106 1821 1248 1885; x_wconf 87' lang='lat' dir='ltr'>gravem</span> <span class='ocrx_word' id='word_1_99' title='bbox 1268 1803 1419 1885; x_wconf 87' lang='lat' dir='ltr'>punitio·</span> 
     </span>
     <span class='ocr_line' id='line_1_13' title="bbox 293 1896 1418 1982; baseline 0 -21"><span class='ocrx_word' id='word_1_100' title='bbox 293 1918 382 1962; x_wconf 89' lang='lat' dir='ltr'>nem.</span> <span class='ocrx_word' id='word_1_101' title='bbox 428 1896 519 1981; x_wconf 87' lang='lat' dir='ltr'>Quid</span> <span class='ocrx_word' id='word_1_102' title='bbox 545 1897 687 1961; x_wconf 89' lang='lat' dir='ltr'>ulterius</span> <span class='ocrx_word' id='word_1_103' title='bbox 710 1919 771 1982; x_wconf 88' lang='lat' dir='ltr'>per</span> <span class='ocrx_word' id='word_1_104' title='bbox 793 1898 926 1962; x_wconf 89' lang='lat' dir='ltr'>cultum</span> <span class='ocrx_word' id='word_1_105' title='bbox 949 1897 1056 1974; x_wconf 90' lang='lat' dir='ltr'>illum,</span> <span class='ocrx_word' id='word_1_106' title='bbox 1076 1917 1205 1981; x_wconf 91' lang='lat' dir='ltr'>perque</span> <span class='ocrx_word' id='word_1_107' title='bbox 1227 1899 1418 1962; x_wconf 89' lang='lat' dir='ltr'>commina-</span> 
     </span>
     <span class='ocr_line' id='line_1_14' title="bbox 292 1992 1420 2076; baseline 0.001 -19"><span class='ocrx_word' id='word_1_108' title='bbox 292 1995 423 2058; x_wconf 90' lang='lat' dir='ltr'>tionem</span> <span class='ocrx_word' id='word_1_109' title='bbox 441 1992 532 2076; x_wconf 91' lang='lat' dir='ltr'>quod</span> <span class='ocrx_word' id='word_1_110' title='bbox 548 1993 650 2076; x_wconf 89' lang='lat' dir='ltr'>plene</span> <span class='ocrx_word' id='word_1_111' title='bbox 667 1993 900 2076; x_wconf 89' lang='lat' dir='ltr'>rejicerentur,</span> <span class='ocrx_word' id='word_1_112' title='bbox 914 2002 952 2058; x_wconf 91' lang='lat' dir='ltr'>et</span> <span class='ocrx_word' id='word_1_113' title='bbox 964 1994 1057 2076; x_wconf 89' lang='lat' dir='ltr'>quod</span> <span class='ocrx_word' id='word_1_114' title='bbox 1071 2013 1162 2057; x_wconf 87' lang='lat' dir='ltr'>nova</span> <span class='ocrx_word' id='word_1_115' title='bbox 1177 2012 1265 2075; x_wconf 86' lang='lat' dir='ltr'>gens</span> <span class='ocrx_word' id='word_1_116' title='bbox 1283 2015 1304 2057; x_wconf 92' lang='lat' dir='ltr'>e</span> <span class='ocrx_word' id='word_1_117' title='bbox 1320 1993 1420 2058; x_wconf 88' lang='lat' dir='ltr'>Mose</span> 
     </span>
     <span class='ocr_line' id='line_1_15' title="bbox 290 2087 1420 2172; baseline 0.001 -20"><span class='ocrx_word' id='word_1_118' title='bbox 290 2089 516 2163; x_wconf 84' lang='lat' dir='ltr'>excitaretur,</span> <span class='ocrx_word' id='word_1_119' title='bbox 540 2088 764 2172; x_wconf 87' lang='lat' dir='ltr'>significatur,</span> <span class='ocrx_word' id='word_1_120' title='bbox 789 2090 948 2153; x_wconf 87' lang='lat' dir='ltr'>videatur</span> <span class='ocrx_word' id='word_1_121' title='bbox 976 2089 1011 2152; x_wconf 93' lang='lat' dir='ltr'>in</span> <span class='ocrx_word' id='word_1_122' title='bbox 1033 2088 1183 2153; x_wconf 82' lang='lat' dir='ltr'>Arcanis</span> <span class='ocrx_word' id='word_1_123' title='bbox 1212 2087 1420 2154; x_wconf 84' lang='lat' dir='ltr'>Caelestibus</span> 
     </span>
     <span class='ocr_line' id='line_1_16' title="bbox 294 2183 1067 2267; baseline 0.001 -21"><span class='ocrx_word' id='word_1_124' title='bbox 294 2203 396 2266; x_wconf 87' lang='lat' dir='ltr'>super</span> <span class='ocrx_word' id='word_1_125' title='bbox 414 2183 553 2248; x_wconf 61' lang='lat' dir='ltr'>[lxxxii.</span> <span class='ocrx_word' id='word_1_126' title='bbox 573 2183 697 2259; x_wconf 80' lang='lat' dir='ltr'>Exodi,</span> <span class='ocrx_word' id='word_1_127' title='bbox 719 2185 775 2249; x_wconf 90' lang='lat' dir='ltr'>ubi</span> <span class='ocrx_word' id='word_1_128' title='bbox 794 2186 837 2249; x_wconf 90' lang='lat' dir='ltr'>de</span> <span class='ocrx_word' id='word_1_129' title='bbox 855 2185 924 2249; x_wconf 92' lang='lat' dir='ltr'>illis</span> <span class='ocrx_word' id='word_1_130' title='bbox 943 2185 1067 2267; x_wconf 89' lang='lat' dir='ltr'>agitur.</span> 
     </span>
    </p>

    <p class='ocr_par' dir='ltr' id='par_1_3' title="bbox 292 2279 1422 2939">
     <span class='ocr_line' id='line_1_17' title="bbox 358 2279 1418 2363; baseline 0 -21"><span class='ocrx_word' id='word_1_131' title='bbox 358 2293 455 2363; x_wconf 61' lang='lat'>244„</span> <span class='ocrx_word' id='word_1_132' title='bbox 480 2279 555 2363; x_wconf 90' lang='lat' dir='ltr'>(iv.)</span> <span class='ocrx_word' id='word_1_133' title='bbox 578 2279 676 2358; x_wconf 81' lang='lat' dir='ltr'>Quod</span> <span class='ocrx_word' id='word_1_134' title='bbox 684 2280 804 2344; x_wconf 85' lang='lat' dir='ltr'>David</span> <span class='ocrx_word' id='word_1_135' title='bbox 815 2279 1043 2344; x_wconf 83' lang='lat' dir='ltr'>numeraverit</span> <span class='ocrx_word' id='word_1_136' title='bbox 1052 2279 1224 2361; x_wconf 81' lang='lat' dir='ltr'>populum,</span> <span class='ocrx_word' id='word_1_137' title='bbox 1237 2289 1270 2342; x_wconf 84' lang='lat' dir='ltr'>et</span> <span class='ocrx_word' id='word_1_138' title='bbox 1280 2289 1418 2361; x_wconf 86' lang='lat' dir='ltr'>propte·</span> 
     </span>
     <span class='ocr_line' id='line_1_18' title="bbox 293 2373 1420 2458; baseline 0.001 -22"><span class='ocrx_word' id='word_1_139' title='bbox 293 2395 353 2438; x_wconf 87' lang='lat' dir='ltr'>rea</span> <span class='ocrx_word' id='word_1_140' title='bbox 367 2373 522 2438; x_wconf 63' lang='lat' dir='ltr'>immersa</span> <span class='ocrx_word' id='word_1_141' title='bbox 533 2377 581 2440; x_wconf 83' lang='lat' dir='ltr'>sit</span> <span class='ocrx_word' id='word_1_142' title='bbox 591 2376 711 2456; x_wconf 65' lang='lat' dir='ltr'>pestes,</span> <span class='ocrx_word' id='word_1_143' title='bbox 725 2396 767 2439; x_wconf 80' lang='lat' dir='ltr'>ex</span> <span class='ocrx_word' id='word_1_144' title='bbox 779 2395 847 2458; x_wconf 86' lang='lat' dir='ltr'>qua</span> <span class='ocrx_word' id='word_1_145' title='bbox 858 2385 907 2439; x_wconf 84' lang='lat' dir='ltr'>tot</span> <span class='ocrx_word' id='word_1_146' title='bbox 917 2373 1028 2439; x_wconf 79' lang='lat' dir='ltr'>millia</span> <span class='ocrx_word' id='word_1_147' title='bbox 1038 2373 1208 2438; x_wconf 76' lang='lat' dir='ltr'>hominum</span> <span class='ocrx_word' id='word_1_148' title='bbox 1218 2374 1420 2456; x_wconf 82' lang='lat' dir='ltr'>perr&#39;erurrt,·</span> 
     </span>
     <span class='ocr_line' id='line_1_19' title="bbox 292 2468 1420 2552; baseline 0.003 -20"><span class='ocrx_word' id='word_1_149' title='bbox 292 2479 325 2532; x_wconf 87' lang='lat' dir='ltr'>et</span> <span class='ocrx_word' id='word_1_150' title='bbox 342 2469 433 2552; x_wconf 85' lang='lat' dir='ltr'>quod</span> <span class='ocrx_word' id='word_1_151' title='bbox 444 2469 533 2535; x_wconf 88' lang='lat' dir='ltr'>Deus</span> <span class='ocrx_word' id='word_1_152' title='bbox 545 2491 608 2534; x_wconf 83' lang='lat' dir='ltr'>non</span> <span class='ocrx_word' id='word_1_153' title='bbox 624 2482 704 2534; x_wconf 86' lang='lat' dir='ltr'>ante</span> <span class='ocrx_word' id='word_1_154' title='bbox 718 2471 781 2535; x_wconf 86' lang='lat' dir='ltr'>sed</span> <span class='ocrx_word' id='word_1_155' title='bbox 790 2481 871 2552; x_wconf 81' lang='lat' dir='ltr'>post</span> <span class='ocrx_word' id='word_1_156' title='bbox 878 2471 1015 2552; x_wconf 66' lang='lat' dir='ltr'>fabium</span> <span class='ocrx_word' id='word_1_157' title='bbox 1029 2468 1080 2534; x_wconf 87' lang='lat' dir='ltr'>ad</span> <span class='ocrx_word' id='word_1_158' title='bbox 1092 2469 1187 2532; x_wconf 82' lang='lat' dir='ltr'>illum</span> <span class='ocrx_word' id='word_1_159' title='bbox 1202 2469 1334 2533; x_wconf 78' lang='lat' dir='ltr'>miserit</span> <span class='ocrx_word' id='word_1_160' title='bbox 1349 2469 1420 2535; x_wconf 86' lang='lat' dir='ltr'>Ga·</span> 
     </span>
     <span class='ocr_line' id='line_1_20' title="bbox 294 2563 1421 2648; baseline 0.001 -19"><span class='ocrx_word' id='word_1_161' title='bbox 294 2567 367 2629; x_wconf 88' lang='lat' dir='ltr'>dem</span> <span class='ocrx_word' id='word_1_162' title='bbox 381 2566 594 2647; x_wconf 79' lang='lat' dir='ltr'>prophetam,</span> <span class='ocrx_word' id='word_1_163' title='bbox 611 2576 644 2630; x_wconf 83' lang='lat' dir='ltr'>et</span> <span class='ocrx_word' id='word_1_164' title='bbox 657 2566 690 2630; x_wconf 86' lang='lat' dir='ltr'>ei</span> <span class='ocrx_word' id='word_1_165' title='bbox 701 2567 952 2631; x_wconf 63' lang='lat' dir='ltr'>denuntiaverit</span> <span class='ocrx_word' id='word_1_166' title='bbox 964 2563 1227 2648; x_wconf 72' lang='lat' dir='ltr'>poenam—Qui</span> <span class='ocrx_word' id='word_1_167' title='bbox 1243 2585 1280 2630; x_wconf 87' lang='lat' dir='ltr'>se</span> <span class='ocrx_word' id='word_1_168' title='bbox 1296 2576 1421 2631; x_wconf 86' lang='lat' dir='ltr'>contra</span> 
     </span>
     <span class='ocr_line' id='line_1_21' title="bbox 295 2660 1422 2744; baseline 0.002 -19"><span class='ocrx_word' id='word_1_169' title='bbox 295 2660 455 2725; x_wconf 86' lang='lat' dir='ltr'>Divinam</span> <span class='ocrx_word' id='word_1_170' title='bbox 470 2661 725 2728; x_wconf 87' lang='lat' dir='ltr'>Providentiam</span> <span class='ocrx_word' id='word_1_171' title='bbox 738 2660 930 2738; x_wconf 91' lang='lat' dir='ltr'>confirmat,</span> <span class='ocrx_word' id='word_1_172' title='bbox 945 2670 1063 2744; x_wconf 91' lang='lat' dir='ltr'>potest</span> <span class='ocrx_word' id='word_1_173' title='bbox 1073 2662 1179 2726; x_wconf 90' lang='lat' dir='ltr'>etiam</span> <span class='ocrx_word' id='word_1_174' title='bbox 1192 2662 1235 2726; x_wconf 90' lang='lat' dir='ltr'>de</span> <span class='ocrx_word' id='word_1_175' title='bbox 1247 2661 1313 2726; x_wconf 93' lang='lat' dir='ltr'>hoc</span> <span class='ocrx_word' id='word_1_176' title='bbox 1327 2662 1422 2727; x_wconf 85' lang='lat' dir='ltr'>varia</span> 
     </span>
     <span class='ocr_line' id='line_1_22' title="bbox 294 2757 1420 2840; baseline 0.004 -20"><span class='ocrx_word' id='word_1_177' title='bbox 294 2759 451 2840; x_wconf 88' lang='lat' dir='ltr'>cogitare</span> <span class='ocrx_word' id='word_1_178' title='bbox 470 2767 506 2822; x_wconf 91' lang='lat' dir='ltr'>et</span> <span class='ocrx_word' id='word_1_179' title='bbox 529 2757 679 2834; x_wconf 90' lang='lat' dir='ltr'>volvere,</span> <span class='ocrx_word' id='word_1_180' title='bbox 700 2757 867 2840; x_wconf 86' lang='lat' dir='ltr'>imprimis</span> <span class='ocrx_word' id='word_1_181' title='bbox 885 2778 945 2822; x_wconf 93' lang='lat' dir='ltr'>cur</span> <span class='ocrx_word' id='word_1_182' title='bbox 965 2758 1077 2823; x_wconf 89' lang='lat' dir='ltr'>David</span> <span class='ocrx_word' id='word_1_183' title='bbox 1096 2776 1165 2821; x_wconf 89' lang='lat' dir='ltr'>non</span> <span class='ocrx_word' id='word_1_184' title='bbox 1185 2758 1276 2840; x_wconf 88' lang='lat' dir='ltr'>prius</span> <span class='ocrx_word' id='word_1_185' title='bbox 1298 2758 1420 2824; x_wconf 84' lang='lat' dir='ltr'>admo·</span> 
     </span>
     <span class='ocr_line' id='line_1_23' title="bbox 295 2852 1421 2939; baseline 0.004 -23"><span class='ocrx_word' id='word_1_186' title='bbox 295 2855 387 2917; x_wconf 88' lang='lat' dir='ltr'>nitus</span> <span class='ocrx_word' id='word_1_187' title='bbox 407 2852 517 2929; x_wconf 82' lang='lat' dir='ltr'>luerit,</span> <span class='ocrx_word' id='word_1_188' title='bbox 538 2864 574 2918; x_wconf 87' lang='lat' dir='ltr'>et</span> <span class='ocrx_word' id='word_1_189' title='bbox 593 2873 653 2918; x_wconf 88' lang='lat' dir='ltr'>cur</span> <span class='ocrx_word' id='word_1_190' title='bbox 671 2853 818 2937; x_wconf 87' lang='lat' dir='ltr'>popolus</span> <span class='ocrx_word' id='word_1_191' title='bbox 840 2865 982 2939; x_wconf 89' lang='lat' dir='ltr'>propter</span> <span class='ocrx_word' id='word_1_192' title='bbox 998 2855 1309 2939; x_wconf 85' lang='lat' dir='ltr'>transgressionem</span> <span class='ocrx_word' id='word_1_193' title='bbox 1329 2855 1421 2938; x_wconf 87' lang='lat' dir='ltr'>regis</span> 
     </span>
    </p>
   </div>
   <div class='ocr_carea' id='block_1_3' title="bbox 293 2947 1423 3606">
    <p class='ocr_par' dir='ltr' id='par_1_4' title="bbox 293 2947 1423 3606">
     <span class='ocr_line' id='line_1_24' title="bbox 295 2947 1419 3035; baseline 0.002 -23"><span class='ocrx_word' id='word_1_194' title='bbox 295 2957 368 3013; x_wconf 91' lang='lat' dir='ltr'>tam</span> <span class='ocrx_word' id='word_1_195' title='bbox 388 2949 537 3030; x_wconf 86' lang='lat' dir='ltr'>graviter</span> <span class='ocrx_word' id='word_1_196' title='bbox 556 2949 697 3032; x_wconf 88' lang='lat' dir='ltr'>punitus</span> <span class='ocrx_word' id='word_1_197' title='bbox 717 2949 772 3014; x_wconf 81' lang='lat' dir='ltr'>sit.</span> <span class='ocrx_word' id='word_1_198' title='bbox 818 2947 920 3034; x_wconf 86' lang='lat' dir='ltr'>Quod</span> <span class='ocrx_word' id='word_1_199' title='bbox 940 2971 1010 3016; x_wconf 92' lang='lat' dir='ltr'>non</span> <span class='ocrx_word' id='word_1_200' title='bbox 1028 2952 1119 3035; x_wconf 92' lang='lat' dir='ltr'>prius</span> <span class='ocrx_word' id='word_1_201' title='bbox 1135 2951 1333 3015; x_wconf 87' lang='lat' dir='ltr'>admonitus</span> <span class='ocrx_word' id='word_1_202' title='bbox 1346 2949 1419 3014; x_wconf 87' lang='lat' dir='ltr'>iue-</span> 
     </span>
     <span class='ocr_line' id='line_1_25' title="bbox 296 3043 1421 3129; baseline 0.004 -22"><span class='ocrx_word' id='word_1_203' title='bbox 296 3045 351 3118; x_wconf 88' lang='lat' dir='ltr'>rit,</span> <span class='ocrx_word' id='word_1_204' title='bbox 375 3055 430 3107; x_wconf 92' lang='lat' dir='ltr'>est</span> <span class='ocrx_word' id='word_1_205' title='bbox 460 3044 649 3109; x_wconf 90' lang='lat' dir='ltr'>secundum</span> <span class='ocrx_word' id='word_1_206' title='bbox 681 3045 779 3129; x_wconf 86' lang='lat' dir='ltr'>leges</span> <span class='ocrx_word' id='word_1_207' title='bbox 808 3045 954 3112; x_wconf 87' lang='lat' dir='ltr'>Divinae</span> <span class='ocrx_word' id='word_1_208' title='bbox 982 3046 1223 3112; x_wconf 89' lang='lat' dir='ltr'>Providentiae</span> <span class='ocrx_word' id='word_1_209' title='bbox 1253 3043 1421 3112; x_wconf 69' lang='lat' dir='ltr'>hactenus</span> 
     </span>
     <span class='ocr_line' id='line_1_26' title="bbox 293 3139 1419 3224; baseline 0.002 -22"><span class='ocrx_word' id='word_1_210' title='bbox 293 3139 566 3215; x_wconf 84' lang='lat' dir='ltr'>demonstratas,</span> <span class='ocrx_word' id='word_1_211' title='bbox 578 3140 744 3222; x_wconf 87' lang='lat' dir='ltr'>imprimis</span> <span class='ocrx_word' id='word_1_212' title='bbox 756 3140 973 3207; x_wconf 77' lang='lat' dir='ltr'>‘&#39;¹secundum</span> <span class='ocrx_word' id='word_1_213' title='bbox 988 3142 1087 3206; x_wconf 91' lang='lat' dir='ltr'>binas</span> <span class='ocrx_word' id='word_1_214' title='bbox 1099 3161 1202 3224; x_wconf 88' lang='lat' dir='ltr'>supra</span> <span class='ocrx_word' id='word_1_215' title='bbox 1214 3161 1247 3206; x_wconf 90' lang='lat' dir='ltr'>n.</span> <span class='ocrx_word' id='word_1_216' title='bbox 1264 3157 1361 3224; x_wconf 84' lang='lat'>129-1</span> <span class='ocrx_word' id='word_1_217' title='bbox 1369 3156 1384 3224; x_wconf 82' lang='lat'><strong>5</strong></span> <span class='ocrx_word' id='word_1_218' title='bbox 1390 3159 1419 3223; x_wconf 86' lang='lat'>3,</span> 
     </span>
     <span class='ocr_line' id='line_1_27' title="bbox 295 3234 1421 3320; baseline 0.002 -22"><span class='ocrx_word' id='word_1_219' title='bbox 295 3245 332 3298; x_wconf 93' lang='lat' dir='ltr'>et</span> <span class='ocrx_word' id='word_1_220' title='bbox 356 3255 387 3298; x_wconf 93' lang='lat' dir='ltr'>n.</span> <span class='ocrx_word' id='word_1_221' title='bbox 416 3249 561 3316; x_wconf 83' lang='lat'>154-174</span> <span class='ocrx_word' id='word_1_222' title='bbox 582 3235 788 3318; x_wconf 88' lang='lat' dir='ltr'>explicatas.</span> <span class='ocrx_word' id='word_1_223' title='bbox 834 3234 937 3319; x_wconf 86' lang='lat' dir='ltr'>Quod</span> <span class='ocrx_word' id='word_1_224' title='bbox 961 3237 1107 3320; x_wconf 86' lang='lat' dir='ltr'>populus</span> <span class='ocrx_word' id='word_1_225' title='bbox 1135 3247 1278 3320; x_wconf 88' lang='lat' dir='ltr'>propter</span> <span class='ocrx_word' id='word_1_226' title='bbox 1306 3246 1421 3300; x_wconf 90' lang='lat' dir='ltr'>trans·</span> 
     </span>
     <span class='ocr_line' id='line_1_28' title="bbox 295 3331 1423 3415; baseline 0.002 -20"><span class='ocrx_word' id='word_1_227' title='bbox 295 3333 510 3414; x_wconf 86' lang='lat' dir='ltr'>gressionem</span> <span class='ocrx_word' id='word_1_228' title='bbox 533 3331 623 3414; x_wconf 86' lang='lat' dir='ltr'>regis</span> <span class='ocrx_word' id='word_1_229' title='bbox 642 3342 715 3396; x_wconf 90' lang='lat' dir='ltr'>tam</span> <span class='ocrx_word' id='word_1_230' title='bbox 734 3333 888 3415; x_wconf 91' lang='lat' dir='ltr'>graviter</span> <span class='ocrx_word' id='word_1_231' title='bbox 905 3333 1044 3415; x_wconf 88' lang='lat' dir='ltr'>punitus</span> <span class='ocrx_word' id='word_1_232' title='bbox 1066 3332 1123 3407; x_wconf 88' lang='lat' dir='ltr'>sit,</span> <span class='ocrx_word' id='word_1_233' title='bbox 1143 3343 1180 3397; x_wconf 91' lang='lat' dir='ltr'>et</span> <span class='ocrx_word' id='word_1_234' title='bbox 1198 3333 1423 3415; x_wconf 85' lang='lat' dir='ltr'>septuaginta</span> 
     </span>
     <span class='ocr_line' id='line_1_29' title="bbox 296 3426 1421 3513; baseline 0.001 -21"><span class='ocrx_word' id='word_1_235' title='bbox 296 3427 403 3492; x_wconf 91' lang='lat' dir='ltr'>millia</span> <span class='ocrx_word' id='word_1_236' title='bbox 431 3436 530 3510; x_wconf 87' lang='lat' dir='ltr'>peste</span> <span class='ocrx_word' id='word_1_237' title='bbox 556 3428 709 3510; x_wconf 85' lang='lat' dir='ltr'>percussi</span> <span class='ocrx_word' id='word_1_238' title='bbox 737 3429 817 3503; x_wconf 86' lang='lat' dir='ltr'>sint,</span> <span class='ocrx_word' id='word_1_239' title='bbox 841 3446 911 3492; x_wconf 93' lang='lat' dir='ltr'>non</span> <span class='ocrx_word' id='word_1_240' title='bbox 941 3426 1004 3492; x_wconf 82' lang='lat' dir='ltr'>suit</span> <span class='ocrx_word' id='word_1_241' title='bbox 1035 3436 1177 3512; x_wconf 86' lang='lat' dir='ltr'>propter</span> <span class='ocrx_word' id='word_1_242' title='bbox 1203 3447 1333 3513; x_wconf 83' lang='lat' dir='ltr'>regem,</span> <span class='ocrx_word' id='word_1_243' title='bbox 1358 3427 1421 3493; x_wconf 86' lang='lat' dir='ltr'>sed</span> 
     </span>
     <span class='ocr_line' id='line_1_30' title="bbox 296 3522 911 3606; baseline 0.002 -20"><span class='ocrx_word' id='word_1_244' title='bbox 296 3532 438 3605; x_wconf 88' lang='lat' dir='ltr'>propter</span> <span class='ocrx_word' id='word_1_245' title='bbox 457 3522 643 3605; x_wconf 87' lang='lat' dir='ltr'>populum;</span> <span class='ocrx_word' id='word_1_246' title='bbox 672 3542 753 3588; x_wconf 89' lang='lat' dir='ltr'>nam</span> <span class='ocrx_word' id='word_1_247' title='bbox 772 3522 911 3606; x_wconf 87' lang='lat' dir='ltr'>legitur,</span> 
     </span>
    </p>
   </div>
   <div class='ocr_carea' id='block_1_4' title="bbox 346 3685 1423 3751">
    <p class='ocr_par' dir='ltr' id='par_1_5' title="bbox 346 3685 1423 3751">
     <span class='ocr_line' id='line_1_31' title="bbox 346 3685 1423 3751; baseline 0.004 -15"><span class='ocrx_word' id='word_1_248' title='bbox 346 3686 480 3736; x_wconf 78' lang='lat' dir='ltr'>“Addidit</span> <span class='ocrx_word' id='word_1_249' title='bbox 492 3688 532 3736; x_wconf 88' lang='lat' dir='ltr'>ira</span> <span class='ocrx_word' id='word_1_250' title='bbox 543 3687 663 3751; x_wconf 83' lang='lat' dir='ltr'>Jelrovae</span> <span class='ocrx_word' id='word_1_251' title='bbox 675 3689 872 3739; x_wconf 85' lang='lat' dir='ltr'>excandescere</span> <span class='ocrx_word' id='word_1_252' title='bbox 886 3697 982 3738; x_wconf 82' lang='lat' dir='ltr'>contra</span> <span class='ocrx_word' id='word_1_253' title='bbox 997 3685 1144 3748; x_wconf 67' lang='lat' dir='ltr'>lsraelem</span> <span class='ocrx_word' id='word_1_254' title='bbox 1162 3689 1223 3740; x_wconf 91' lang='lat' dir='ltr'>ideo</span> <span class='ocrx_word' id='word_1_255' title='bbox 1236 3685 1356 3740; x_wconf 82' lang='lat' dir='ltr'>incitavit</span> <span class='ocrx_word' id='word_1_256' title='bbox 1369 3689 1423 3740; x_wconf 88' lang='lat' dir='ltr'>Da-</span> 
     </span>
    </p>
   </div>
   <div class='ocr_carea' id='block_1_5' title="bbox 428 3752 1422 3880">
    <p class='ocr_par' dir='ltr' id='par_1_6' title="bbox 428 3752 1422 3880">
     <span class='ocr_line' id='line_1_32' title="bbox 428 3752 1422 3880; baseline 0.006 -80"><span class='ocrx_word' id='word_1_257' title='bbox 428 3752 625 3880; x_wconf 46' lang='lat' dir='ltr'>ffrrermxcxrqmrtl</span> <span class='ocrx_word' id='word_1_258' title='bbox 637 3752 699 3803; x_wconf 89' lang='lat' dir='ltr'>illos</span> <span class='ocrx_word' id='word_1_259' title='bbox 711 3753 834 3814; x_wconf 80' lang='lat' dir='ltr'>dicendo¹</span> <span class='ocrx_word' id='word_1_260' title='bbox 847 3754 909 3812; x_wconf 84' lang='lat' dir='ltr'>Abi,</span> <span class='ocrx_word' id='word_1_261' title='bbox 918 3767 1031 3804; x_wconf 81' lang='lat' dir='ltr'>numera</span> <span class='ocrx_word' id='word_1_262' title='bbox 1044 3753 1173 3805; x_wconf 83' lang='lat' dir='ltr'>lsraelem</span> <span class='ocrx_word' id='word_1_263' title='bbox 1186 3767 1214 3805; x_wconf 90' lang='lat' dir='ltr'>et</span> <span class='ocrx_word' id='word_1_264' title='bbox 1225 3754 1359 3820; x_wconf 86' lang='lat' dir='ltr'>Jehudam</span> <span class='ocrx_word' id='word_1_265' title='bbox 1368 3754 1383 3776; x_wconf 87' lang='grc'>”</span> <span class='ocrx_word' id='word_1_266' title='bbox 1396 3755 1422 3818; x_wconf 85' lang='lat' dir='ltr'>(a</span> 
     </span>
     <span class='ocr_line' id='line_1_33' title="bbox 493 3832 631 3869; baseline 0.014 -3"><span class='ocrx_word' id='word_1_267' title='bbox 493 3854 499 3868; x_wconf 91' lang='lat'><em>.</em></span> <span class='ocrx_word' id='word_1_268' title='bbox 560 3832 586 3869; x_wconf 83' lang='lat' dir='ltr'>v.</span> <span class='ocrx_word' id='word_1_269' title='bbox 625 3855 631 3868; x_wconf 89' lang='lat'><strong>.</strong></span> 
     </span>
    </p>
   </div>
   <div class='ocr_carea' id='block_1_6' title="bbox 293 3997 1424 4754">
    <p class='ocr_par' dir='ltr' id='par_1_7' title="bbox 293 3997 1424 4754">
     <span class='ocr_line' id='line_1_34' title="bbox 360 3997 1424 4084; baseline 0.007 -21"><span class='ocrx_word' id='word_1_270' title='bbox 360 4011 457 4082; x_wconf 71' lang='lat'>245.</span> <span class='ocrx_word' id='word_1_271' title='bbox 489 3997 553 4083; x_wconf 78' lang='lat' dir='ltr'>(v.)</span> <span class='ocrx_word' id='word_1_272' title='bbox 580 3997 679 4078; x_wconf 75' lang='lat' dir='ltr'>Quod</span> <span class='ocrx_word' id='word_1_273' title='bbox 693 3999 864 4065; x_wconf 76' lang='lat' dir='ltr'>Salomoni</span> <span class='ocrx_word' id='word_1_274' title='bbox 872 4001 1084 4084; x_wconf 81' lang='lat' dir='ltr'>permissum</span> <span class='ocrx_word' id='word_1_275' title='bbox 1096 4001 1210 4083; x_wconf 81' lang='lat' dir='ltr'>fuerit</span> <span class='ocrx_word' id='word_1_276' title='bbox 1227 4002 1424 4070; x_wconf 81' lang='lat' dir='ltr'>instaurare</span> 
     </span>
     <span class='ocr_line' id='line_1_35' title="bbox 293 4093 1422 4179; baseline 0.004 -19"><span class='ocrx_word' id='word_1_277' title='bbox 293 4093 402 4160; x_wconf 68' lang='lat' dir='ltr'>artus</span> <span class='ocrx_word' id='word_1_278' title='bbox 418 4094 655 4170; x_wconf 65' lang='lat' dir='ltr'>idololatn&#39;coa</span> <span class='ocrx_word' id='word_1_279' title='bbox 672 4104 748 4160; x_wconf 88' lang='lat' dir='ltr'>erat</span> <span class='ocrx_word' id='word_1_280' title='bbox 764 4106 906 4179; x_wconf 88' lang='lat' dir='ltr'>propter</span> <span class='ocrx_word' id='word_1_281' title='bbox 921 4113 1072 4173; x_wconf 85' lang='lat' dir='ltr'>causam,</span> <span class='ocrx_word' id='word_1_282' title='bbox 1088 4106 1126 4161; x_wconf 92' lang='lat' dir='ltr'>ut</span> <span class='ocrx_word' id='word_1_283' title='bbox 1145 4109 1422 4179; x_wconf 86' lang='lat' dir='ltr'>repraesentaret</span> 
     </span>
     <span class='ocr_line' id='line_1_36' title="bbox 298 4189 1423 4276; baseline 0.004 -22"><span class='ocrx_word' id='word_1_284' title='bbox 298 4210 441 4272; x_wconf 89' lang='lat' dir='ltr'>regnum</span> <span class='ocrx_word' id='word_1_285' title='bbox 466 4189 605 4256; x_wconf 90' lang='lat' dir='ltr'>Domini</span> <span class='ocrx_word' id='word_1_286' title='bbox 635 4210 695 4256; x_wconf 90' lang='lat' dir='ltr'>seu</span> <span class='ocrx_word' id='word_1_287' title='bbox 722 4190 906 4256; x_wconf 89' lang='lat' dir='ltr'>ecclesiam</span> <span class='ocrx_word' id='word_1_288' title='bbox 926 4210 1004 4256; x_wconf 90' lang='lat' dir='ltr'>cum</span> <span class='ocrx_word' id='word_1_289' title='bbox 1023 4191 1181 4256; x_wconf 89' lang='lat' dir='ltr'>omnibus</span> <span class='ocrx_word' id='word_1_290' title='bbox 1199 4192 1369 4276; x_wconf 87' lang='lat' dir='ltr'>religiosis</span> <span class='ocrx_word' id='word_1_291' title='bbox 1387 4195 1423 4259; x_wconf 91' lang='lat' dir='ltr'>in</span> 
     </span>
     <span class='ocr_line' id='line_1_37' title="bbox 296 4287 1423 4371; baseline 0.005 -23"><span class='ocrx_word' id='word_1_292' title='bbox 296 4287 457 4350; x_wconf 86' lang='lat' dir='ltr'>universo</span> <span class='ocrx_word' id='word_1_293' title='bbox 473 4295 640 4352; x_wconf 84' lang='lat' dir='ltr'>terrarum</span> <span class='ocrx_word' id='word_1_294' title='bbox 657 4288 761 4368; x_wconf 88' lang='lat' dir='ltr'>orbe;</span> <span class='ocrx_word' id='word_1_295' title='bbox 785 4306 865 4352; x_wconf 88' lang='lat' dir='ltr'>nam</span> <span class='ocrx_word' id='word_1_296' title='bbox 881 4287 1029 4352; x_wconf 91' lang='lat' dir='ltr'>ecclesia</span> <span class='ocrx_word' id='word_1_297' title='bbox 1045 4287 1134 4370; x_wconf 86' lang='lat' dir='ltr'>apud</span> <span class='ocrx_word' id='word_1_298' title='bbox 1150 4299 1292 4371; x_wconf 84' lang='lat' dir='ltr'>gentem</span> <span class='ocrx_word' id='word_1_299' title='bbox 1312 4290 1423 4354; x_wconf 86' lang='lat' dir='ltr'>Israe-</span> 
     </span>
     <span class='ocr_line' id='line_1_38' title="bbox 295 4380 1423 4470; baseline 0.006 -25"><span class='ocrx_word' id='word_1_300' title='bbox 295 4380 427 4446; x_wconf 87' lang='lat' dir='ltr'>-liticam</span> <span class='ocrx_word' id='word_1_301' title='bbox 456 4394 492 4447; x_wconf 92' lang='lat' dir='ltr'>et</span> <span class='ocrx_word' id='word_1_302' title='bbox 524 4383 703 4466; x_wconf 86' lang='lat' dir='ltr'>Judsicam</span> <span class='ocrx_word' id='word_1_303' title='bbox 731 4385 893 4450; x_wconf 88' lang='lat' dir='ltr'>instituta</span> <span class='ocrx_word' id='word_1_304' title='bbox 922 4384 984 4449; x_wconf 83' lang='lat' dir='ltr'>luit</span> <span class='ocrx_word' id='word_1_305' title='bbox 1011 4383 1160 4450; x_wconf 86' lang='lat' dir='ltr'>ecclesia</span> <span class='ocrx_word' id='word_1_306' title='bbox 1182 4396 1423 4470; x_wconf 88' lang='lat' dir='ltr'>repraesenta·</span> 
     </span>
     <span class='ocr_line' id='line_1_39' title="bbox 297 4479 1424 4566; baseline 0.007 -24"><span class='ocrx_word' id='word_1_307' title='bbox 297 4479 389 4558; x_wconf 85' lang='lat' dir='ltr'>tiva;</span> <span class='ocrx_word' id='word_1_308' title='bbox 424 4500 528 4562; x_wconf 88' lang='lat' dir='ltr'>quare</span> <span class='ocrx_word' id='word_1_309' title='bbox 554 4483 670 4548; x_wconf 88' lang='lat' dir='ltr'>omnia</span> <span class='ocrx_word' id='word_1_310' title='bbox 697 4482 823 4566; x_wconf 86' lang='lat' dir='ltr'>judicia</span> <span class='ocrx_word' id='word_1_311' title='bbox 845 4494 882 4549; x_wconf 92' lang='lat' dir='ltr'>et</span> <span class='ocrx_word' id='word_1_312' title='bbox 906 4493 1039 4548; x_wconf 87' lang='lat' dir='ltr'>statuta</span> <span class='ocrx_word' id='word_1_313' title='bbox 1061 4481 1151 4548; x_wconf 89' lang='lat' dir='ltr'>illius</span> <span class='ocrx_word' id='word_1_314' title='bbox 1178 4485 1346 4549; x_wconf 88' lang='lat' dir='ltr'>ecclesiae</span> <span class='ocrx_word' id='word_1_315' title='bbox 1369 4503 1424 4550; x_wconf 91' lang='lat' dir='ltr'>re·</span> 
     </span>
     <span class='ocr_line' id='line_1_40' title="bbox 297 4577 1422 4664; baseline 0.005 -26"><span class='ocrx_word' id='word_1_316' title='bbox 297 4577 569 4657; x_wconf 87' lang='lat' dir='ltr'>praesentabant</span> <span class='ocrx_word' id='word_1_317' title='bbox 585 4580 776 4660; x_wconf 88' lang='lat' dir='ltr'>spiritualia</span> <span class='ocrx_word' id='word_1_318' title='bbox 791 4580 970 4657; x_wconf 86' lang='lat' dir='ltr'>ecclesiae,</span> <span class='ocrx_word' id='word_1_319' title='bbox 983 4597 1070 4664; x_wconf 89' lang='lat' dir='ltr'>quae</span> <span class='ocrx_word' id='word_1_320' title='bbox 1086 4590 1166 4645; x_wconf 89' lang='lat' dir='ltr'>sunt</span> <span class='ocrx_word' id='word_1_321' title='bbox 1180 4582 1315 4645; x_wconf 88' lang='lat' dir='ltr'>interna</span> <span class='ocrx_word' id='word_1_322' title='bbox 1331 4580 1422 4664; x_wconf 86' lang='lat' dir='ltr'>ejus;</span> 
     </span>
     <span class='ocr_line' id='line_1_41' title="bbox 298 4668 1422 4754; baseline 0.006 -22"><span class='ocrx_word' id='word_1_323' title='bbox 298 4668 372 4752; x_wconf 89' lang='lat' dir='ltr'>ipse</span> <span class='ocrx_word' id='word_1_324' title='bbox 396 4671 541 4754; x_wconf 89' lang='lat' dir='ltr'>populus</span> <span class='ocrx_word' id='word_1_325' title='bbox 564 4673 758 4751; x_wconf 89' lang='lat' dir='ltr'>ecclesiam,</span> <span class='ocrx_word' id='word_1_326' title='bbox 784 4695 843 4740; x_wconf 89' lang='lat' dir='ltr'>rex</span> <span class='ocrx_word' id='word_1_327' title='bbox 873 4676 1071 4754; x_wconf 90' lang='lat' dir='ltr'>Dominum,</span> <span class='ocrx_word' id='word_1_328' title='bbox 1096 4675 1207 4741; x_wconf 90' lang='lat' dir='ltr'>David</span> <span class='ocrx_word' id='word_1_329' title='bbox 1235 4675 1422 4741; x_wconf 91' lang='lat' dir='ltr'>Dominum</span> 
     </span>
    </p>
   </div>
   <div class='ocr_carea' id='block_1_7' title="bbox 0 0 1727 5368">
    <p class='ocr_par' dir='ltr' id='par_1_8' title="bbox 0 0 1727 5368">
     <span class='ocr_line' id='line_1_42' title="bbox 0 0 1727 5368; baseline 0 0"><span class='ocrx_word' id='word_1_330' title='bbox 0 0 1727 5368; x_wconf 95' lang='lat' dir='ltr'> </span> 
     </span>
    </p>
   </div>
  </div>
 </body>
</html>
