3268 5380
318 651 359 731 98
668 667 870 717 smmum
895 668 1089 720 ANGELICA

316 836 477 919 pientiae,
504 837 553 898 ita
585 837 732 912 Domini,
760 847 863 901 esset.
918 837 983 903 Hic
1015 860 1102 904 nunc
1131 840 1436 906 demonstrandum

316 940 380 1002 est,
401 931 491 1012 quod
509 929 568 991 lux
593 929 779 1012 spiritualis
798 931 916 994 influat
935 952 995 1014 per
1014 942 1084 995 tres
1102 932 1181 996 illos
1201 933 1328 1016 gradus
1348 937 1436 1017 apud

315 1023 501 1094 hominem,
527 1023 587 1084 sed
612 1043 680 1085 non
705 1023 800 1085 calor
824 1024 1021 1105 spiritualis,
1047 1026 1110 1089 nisi
1142 1038 1308 1109 quantum
1333 1027 1437 1090 homo

315 1115 402 1196 sugit
421 1115 512 1177 mala
532 1126 568 1177 ut
589 1125 741 1196 peccata,
761 1125 795 1178 et
814 1114 949 1196 spectat
969 1117 1012 1179 ad
1033 1117 1241 1196 Dominum;
1265 1139 1325 1181 seu
1344 1121 1435 1202 quod

315 1207 417 1280 idem,
436 1208 527 1290 quod
545 1206 650 1270 homo
666 1209 817 1288 recipere
834 1209 943 1288 possit
961 1209 1166 1290 sapientiam
1184 1212 1346 1294 usquead
1366 1222 1434 1275 ter·

314 1301 400 1363 tium
425 1301 580 1382 gradum,
601 1300 660 1362 sed
686 1319 754 1362 non
778 1320 941 1373 amorem,
960 1302 1022 1364 nisi
1046 1301 1155 1384 fugiat
1179 1302 1269 1365 mala
1294 1313 1330 1366 ut
1354 1324 1431 1386 pec-

314 1402 403 1465 cata,
422 1403 457 1456 et
475 1389 608 1474 spectet
624 1392 667 1454 ad
686 1391 870 1455 Dominum
886 1414 893 1469 ;
918 1413 978 1456 seu
994 1394 1083 1475 quod
1101 1394 1212 1457 adhuc
1230 1395 1331 1470 idem,
1345 1397 1432 1478 quod

312 1482 510 1550 intellectus
534 1485 680 1547 hominis
704 1484 829 1546 elevari
853 1486 962 1565 possit
986 1485 1019 1547 in
1043 1487 1259 1567 sapientiam,
1284 1507 1352 1550 non
1375 1509 1431 1549 au·

313 1587 386 1642 tem
405 1576 565 1640 voluntas
584 1577 665 1657 ejus,
687 1577 750 1638 nisi
769 1587 933 1657 quantum
952 1577 1039 1658 fugit
1060 1578 1150 1640 mala
1169 1589 1206 1640 ut
1227 1590 1380 1658 peccata.

376 1684 474 1752 243·
499 1667 602 1750 Quod
618 1664 814 1732 intellectus
827 1671 936 1750 possit
950 1671 1076 1732 elevari
1093 1671 1126 1731 in
1139 1669 1251 1732 lucem
1264 1672 1361 1743 caeli,
1375 1691 1433 1734 seu

311 1763 346 1826 in
363 1763 567 1842 sapientiam
587 1760 792 1842 angelicam,
807 1772 842 1823 et
862 1761 951 1843 quod
966 1761 1126 1825 voluntas
1145 1761 1216 1844 ejus
1239 1783 1308 1825 non
1325 1764 1433 1844 possit

312 1855 440 1918 elevari
453 1855 485 1916 in
496 1854 646 1916 calorem
659 1854 745 1916 caeli
754 1874 813 1916 seu
824 1855 856 1914 in
870 1873 1022 1916 amorem
1035 1853 1241 1936 angelicum,
1251 1856 1314 1917 nisi
1326 1854 1433 1935 fugiat

312 1947 403 2010 mala
416 1958 453 2008 ut
466 1956 665 2026 peccata,et
679 1944 811 2026 spectet
822 1947 865 2008 ad
879 1946 1075 2020 Dominum,
1085 1947 1264 2010 evidenter
1277 1947 1356 2009 mihi
1373 1967 1432 2028 pa-

311 2040 377 2102 tuit
394 2039 439 2101 ab
450 2038 666 2120 experientia
679 2040 712 2101 in
724 2040 851 2101 mundo
867 2040 1043 2121 spirituali.
1080 2039 1207 2102 Pluries
1220 2039 1289 2101 vidi
1305 2049 1340 2102 et
1357 2059 1431 2120 per-

311 2131 397 2212 cepi,
411 2132 502 2212 quod
517 2133 654 2211 spiritus
668 2131 851 2214 simplices
866 2133 921 2214 qui
933 2132 1038 2194 modo
1049 2133 1222 2194 sciverunt
1232 2131 1322 2214 quod
1341 2131 1432 2193 Deus

310 2223 366 2298 sit,
382 2233 417 2286 et
433 2224 524 2305 quod
540 2223 706 2286 Dominus
730 2234 831 2286 natus
850 2225 893 2285 sit
915 2222 1041 2299 H0m0,
1059 2235 1094 2287 et
1114 2224 1172 2285 vix
1192 2223 1317 2305 aliquid
1335 2242 1430 2304 prae-

311 2324 416 2390 terea,
431 2336 556 2379 arcana
565 2318 754 2397 sapientiae
767 2316 946 2397 angelicae
954 2317 1055 2398 plene
1067 2315 1315 2389 intellexerint,
1325 2335 1431 2397 paene

310 2409 398 2472 sicut
418 2408 531 2488 angeli
547 2430 554 2484 ;
575 2429 637 2472 nec
655 2408 764 2472 solum
784 2408 843 2483 illi,
863 2408 924 2470 sed
943 2409 1049 2472 etiam
1068 2407 1181 2489 plures
1200 2427 1245 2470 ex
1264 2406 1432 2470 diabolica

310 2502 420 2565 turba.
463 2501 513 2564 At
541 2501 790 2564 intellexerunt
817 2501 955 2583 quando
979 2500 1194 2574 audiverunt,
1219 2519 1289 2562 non
1317 2510 1429 2563 autem

309 2593 448 2675 quando
464 2613 578 2655 secum
595 2594 856 2674 cogitaverunt;
877 2612 955 2655 nam
966 2611 1042 2656 cum
1058 2591 1270 2666 audiverunt,
1282 2591 1432 2654 intrabat

310 2684 369 2747 lux
382 2707 400 2746 a
411 2686 584 2766 superiori,
595 2704 670 2747 cum
681 2694 796 2748 autem
806 2704 922 2748 secum
936 2685 1186 2765 cogitaverunt,
1196 2693 1278 2746 ωηο
1287 2702 1355 2746 ηοη
1366 2683 1432 2746 alia

309 2777 369 2839 lux
395 2778 506 2857 potuit
530 2777 667 2850 intrare,
692 2796 794 2859 quam
817 2798 903 2860 quae
926 2776 1219 2858 correspondebat
1243 2775 1348 2838 calori
1371 2795 1430 2838 seu

309 2870 416 2932 amori
439 2868 585 2931 illorum,
624 2866 739 2949 Quare
758 2871 863 2932 etiam
880 2878 1059 2951 postquam
1079 2869 1282 2930 audiverunt
1300 2867 1360 2929 illa
1379 2888 1430 2930 ar-

309 2981 406 3032 cana,
419 2971 453 3023 et
467 2972 694 3041 perceperunt
708 2961 777 3036 illa,
789 2962 870 3024 dum
881 2971 1079 3024 averterunt
1090 2981 1197 3036 aures,
1210 2958 1292 3023 nihil
1303 2959 1429 3022 retinu-

309 3063 409 3117 erunt
422 3074 429 3130 ;
446 3054 550 3116 immo
563 3053 611 3116 illi
622 3055 677 3136 qui
687 3075 706 3117 e
716 3054 887 3117 diabolica
899 3054 1000 3117 turba
1009 3062 1118 3127 erant,
1131 3062 1214 3115 tunc
1231 3061 1430 3134 respuerunt

306 3145 410 3213 illaet
422 3166 557 3227 prorsus
570 3156 793 3228 negaverunt.
821 3145 932 3210 Causa
942 3155 1026 3217 erat,
1036 3143 1113 3228 quia
1123 3144 1213 3226 ignis
1223 3143 1430 3208 amorisillo·

308 3259 382 3302 rum
399 3250 434 3302 et
452 3239 512 3302 lux
529 3238 598 3321 ejus
615 3260 700 3322 quae
717 3239 810 3303 latua
829 3248 938 3313 erant,
956 3239 1166 3300 induxerunt
1186 3236 1358 3311 tenebras,
1373 3254 1431 3317 per

309 3351 393 3414 quas
413 3331 473 3393 lux
494 3331 653 3395 caelestis
673 3353 691 3394 e
711 3331 874 3414 superiori
893 3331 1024 3394 intrans
1043 3329 1342 3411 exstinguebatur.

373 3422 497 3506 ¹¹¹244.
530 3421 646 3487 Simile
663 3422 700 3487 fit
717 3425 750 3486 in
768 3424 906 3486 mundo.
952 3421 1067 3486 Homo
1083 3422 1138 3504 qui
1155 3441 1224 3484 non
1240 3420 1343 3502 plane
1359 3430 1429 3484 stu·

309 3515 408 3598 pidus
427 3525 491 3587 est,
512 3526 548 3577 et
567 3517 623 3598 qui
642 3535 710 3578 non
730 3537 774 3579 ex
794 3515 883 3579 lastu
903 3515 1057 3598 propriae
1076 3513 1328 3597 intelligentiae
1348 3533 1429 3576 con·

309 3606 504 3670 firmaverat
527 3606 612 3669 salsa
636 3607 725 3688 apud
749 3629 796 3681 se,
821 3608 878 3671 ille
903 3609 982 3670 dum
1006 3607 1100 3671 audit
1125 3606 1307 3688 loquentes
1330 3605 1373 3669 de
1396 3625 1430 3667 re

309 3699 444 3772 altiore,
464 3709 523 3762 aut
547 3700 627 3761 dum
647 3699 731 3779 legit
751 3699 844 3774 talia,
865 3702 892 3762 si
916 3701 949 3762 in
973 3699 1086 3782 aliqua
1104 3695 1283 3762 affectione
1303 3695 1431 3760 sciendi

309 3801 374 3865 est,
400 3799 481 3852 tunc
501 3789 665 3870 intelligit
683 3790 751 3864 illa,
773 3803 808 3855 et
832 3813 966 3874 quoque
989 3792 1126 3866 retinet,
1147 3801 1182 3854 et
1205 3799 1328 3874 postea
1352 3797 1428 3871 pot-

309 3893 363 3946 est
381 3881 581 3945 confirmare
598 3881 666 3945 illa.
713 3881 829 3946 Simile
843 3895 960 3965 potest
977 3895 1048 3948 tam
1068 3883 1177 3946 malus
1193 3902 1295 3966 quam
1311 3883 1429 3944 bonus.

309 3974 425 4038 Etiam
450 3975 569 4048 malus,
591 3977 730 4038 tametsi
756 3977 859 4039 corde
883 3987 988 4058 negat
1009 3976 1132 4039 Divina
1155 3996 1241 4058 quae
1264 3973 1431 4037 ecclesiae

309 4077 400 4140 sunt,
419 4087 524 4150 usque
541 4077 657 4148 potest
674 4069 868 4150 intelligere
884 4068 953 4142 illa,
974 4079 1009 4133 et
1026 4088 1159 4151 quoque
1176 4068 1268 4150 loqui
1284 4077 1319 4130 et
1336 4085 1430 4148 prae·

310 4159 423 4222 dicare
441 4158 508 4231 illa,
527 4170 599 4223 tum
618 4161 747 4244 scripto
763 4158 865 4225 docte
882 4161 1082 4225 confirmare
1099 4159 1177 4238 illa;
1202 4171 1238 4223 at
1255 4180 1337 4223 vero
1355 4175 1429 4222 cum

309 4251 373 4314 sibi
389 4249 526 4315 relictus
539 4253 682 4334 cogitat,
696 4275 741 4316 ex
757 4274 873 4318 amore
887 4274 947 4317 suo
962 4254 1115 4317 infernali
1128 4263 1249 4316 contra
1262 4251 1320 4316 illa
1336 4250 1428 4332 cogi·

309 4353 374 4416 tat,
399 4355 435 4406 et
465 4355 570 4427 negat
594 4344 661 4409 illa.
708 4344 764 4408 Ex
795 4367 861 4430 quo
884 4357 993 4429 patet,
1014 4346 1106 4428 quod
1129 4341 1326 4408 intellectus
1350 4362 1428 4423 pos-

309 4437 354 4497 sit
378 4437 411 4498 in
436 4435 510 4501 luce
529 4438 695 4518 spirituali
714 4459 800 4511 esse,
821 4441 960 4503 tametsi
984 4459 1052 4502 non
1074 4439 1237 4503 voluntas
1259 4439 1293 4500 in
1317 4435 1430 4499 calore

311 4527 488 4608 spirituali.
534 4529 589 4593 Ex
621 4551 688 4613 quo
712 4532 815 4594 etiam
839 4533 1001 4613 sequitur,
1026 4532 1116 4614 quod
1140 4527 1337 4595 intellectus
1361 4547 1429 4592 non

310 4621 415 4686 ducat
432 4621 658 4692 voluntatem.
677 4644 735 4687 seu
754 4625 844 4706 quod
864 4625 1033 4705 sapientia
1056 4645 1124 4688 non
1150 4625 1316 4707 producat
1335 4643 1429 4687 amo·

309 4733 394 4792 rem,
418 4715 480 4778 sed
510 4716 601 4796 quod
632 4714 742 4780 solum
766 4718 892 4784 doceat
922 4729 958 4784 et
988 4729 1160 4783 monstret
1183 4720 1293 4798 viam;
1326 4722 1430 4784 docet
