3410 5382
481 663 531 712 ua
555 662 694 713 n1v1un
717 662 1074 715 momorum-u.
1098 667 1166 732 133.
1362 649 1405 731 87

274 832 356 896 ciat.
404 831 490 897 Cum
506 833 617 898 solum
634 833 833 899 miraculum
849 835 980 900 inducit
999 836 1175 903 hominem
1192 835 1236 900 ad
1252 833 1405 918 agnitio·

276 949 367 1007 nem,
387 929 519 995 cultum
538 939 573 994 et
592 931 770 1012 pietatem,
791 932 865 1014 agit
885 933 944 997 ille
962 955 1008 998 ex
1028 933 1177 999 naturali
1195 932 1346 1008 homine,
1367 939 1406 996 et

276 1044 345 1088 non
362 1046 408 1090 ex
423 1025 613 1109 spirituali:
639 1046 718 1091 nam
734 1027 934 1092 miraculum
951 1029 1098 1094 infundit
1116 1029 1219 1094 fidem
1236 1027 1405 1112 perviam

275 1131 472 1198 externam,
490 1131 527 1187 et
552 1142 622 1186 non
645 1142 705 1205 per
729 1123 821 1187 viam
843 1124 1035 1204 internam;
1060 1127 1110 1190 ita
1131 1147 1177 1190 ex
1202 1123 1343 1201 mundo,
1367 1130 1407 1186 et

275 1235 346 1279 non
362 1239 406 1282 ex
424 1218 543 1298 caelo;
567 1230 603 1282 et
620 1217 788 1283 Dominus
804 1239 872 1284 non
889 1241 950 1304 per
965 1222 1068 1286 aliam
1082 1221 1172 1285 viam
1188 1221 1297 1284 intrat
1313 1217 1406 1302 apud

275 1312 450 1378 hominem
471 1333 573 1398 quam
592 1315 762 1398 perviam
781 1315 964 1392 internam,
982 1337 1069 1400 quae
1084 1326 1140 1382 est
1159 1336 1219 1399 per
1237 1314 1406 1390 Verbum,

276 1407 470 1474 doctrinam
500 1420 536 1475 et
567 1411 845 1492 praedicationes
875 1433 920 1476 ex
950 1412 1034 1493 illo;
1065 1424 1101 1478 et
1132 1412 1211 1495 quia
1241 1408 1407 1475 miracula

274 1504 440 1569 claudunt
457 1505 545 1570 hanc
562 1508 663 1582 viam,
681 1507 759 1571 ideo
774 1507 878 1571 hodie
894 1508 988 1572 nulla
1004 1508 1168 1572 miracula
1184 1505 1280 1570 fiunt.

339 1614 433 1685 132.
464 1600 566 1684 Quod
598 1601 762 1666 miracula
794 1602 881 1666 talia
913 1604 995 1680 sint,
1027 1603 1210 1668 manifeste
1243 1609 1408 1665 constare

276 1705 394 1778 potest
408 1718 454 1760 ex
471 1697 643 1762 miraculis
659 1694 756 1762 sadiis
775 1718 891 1764 coram
911 1700 1040 1783 populo
1054 1700 1198 1782 Judaico
1216 1705 1252 1762 et
1267 1695 1405 1761 Israeli·

276 1793 357 1856 tico.
403 1791 450 1856 Hi
469 1792 612 1857 tametsi
631 1793 792 1857 viderunt
810 1803 867 1858 tot
886 1794 1049 1858 miracula
1067 1797 1102 1859 in
1122 1804 1214 1858 terra
1233 1791 1406 1875 Aegypti,

276 1898 312 1951 et
336 1897 460 1968 postea
482 1887 526 1951 ad
550 1906 644 1953 mare
668 1886 773 1971 Suph,
792 1909 833 1953 ac
857 1891 891 1954 in
915 1891 1056 1954 deserto
1079 1890 1157 1966 alia,
1178 1909 1218 1954 ac
1238 1888 1409 1971 imprimrs

276 2003 377 2064 super
404 1993 524 2046 monte
548 1982 653 2058 Sinai,
678 2002 756 2048 cum
779 1985 1000 2068 promulgata
1028 1997 1082 2049 est
1109 1984 1198 2060 Lex,
1221 1992 1257 2048 et
1285 1993 1406 2048 tamen

276 2090 357 2162 post
377 2097 532 2142 mensem
556 2080 697 2154 dierum,
718 2099 795 2142 cum
820 2079 937 2144 Moses
957 2091 1112 2144 moratus
1136 2090 1191 2144 est
1216 2099 1318 2162 super
1344 2077 1408 2142 illo

278 2186 407 2251 monte,
426 2174 581 2238 lecerunt
598 2175 662 2237 sibi
680 2175 826 2238 vitulum
846 2196 995 2251 aureum,
1013 2187 1049 2240 et
1068 2185 1288 2258 agnoverunt
1307 2173 1403 2237 illum

276 2289 338 2351 pro
352 2269 509 2352 Jehovah
526 2271 583 2351 qui
598 2270 722 2334 eduxit
739 2269 817 2333 illos
833 2292 851 2332 e
869 2281 960 2335 terra
977 2273 1137 2354 Aegypti
1152 2269 1276 2354 (Exod.
1289 2270 1404 2333 xxxii.

274 2364 375 2448 4-6):
400 2374 473 2429 tum
504 2367 609 2428 etiam
640 2387 685 2428 ex
713 2365 885 2430 miraculis
914 2376 1039 2449 postea
1063 2369 1097 2431 in
1125 2377 1218 2432 terra
1239 2365 1404 2432 Canaane

274 2456 374 2524 sactis
385 2479 394 2538 ;
413 2467 583 2523 ettamen
603 2459 742 2522 totiesa
757 2457 850 2521 cultu
870 2458 1037 2522 mandato
1052 2467 1287 2522 recesserunt:
1312 2458 1405 2541 pari·

276 2563 331 2618 ter
352 2575 398 2618 ex
422 2553 604 2628 miraculis,
625 2574 712 2635 quae
736 2553 915 2628 Dominus,
936 2573 1013 2615 cum
1035 2552 1097 2617 luit
1120 2554 1154 2616 in
1177 2553 1317 2630 mundo,
1342 2573 1405 2620 co·

275 2649 435 2716 camillis
454 2650 552 2726 secit;
577 2659 613 2713 et
636 2659 754 2712 tamen
774 2649 1016 2713 crucifixerunt
1038 2649 1163 2732 Ipsum.
1210 2657 1268 2717 [2.]
1299 2647 1405 2732 Quod

274 2742 439 2808 miracula
460 2743 550 2826 apud
573 2742 652 2808 illos
675 2739 766 2805 sacta
786 2741 923 2818 fuerint,
947 2752 1022 2807 erat
1045 2763 1160 2818 causa,
1181 2743 1260 2826 quia
1280 2741 1401 2824 Judaei

274 2849 310 2904 et
330 2839 510 2903 Israelitae
528 2848 628 2903 erant
647 2858 785 2921 prorsus
808 2839 945 2902 externi
968 2837 1139 2912 homines,
1160 2858 1198 2902 ac
1218 2839 1252 2901 in
1272 2847 1401 2900 terram

274 2933 471 3000 Canaanem
484 2931 669 2998 introducti
687 2943 777 3008 sunt,
793 2944 829 2998 ut
845 2933 957 2997 solum
970 2943 1271 3015 repraesentarent
1288 2930 1402 2995 eccle·

273 3031 360 3094 siam
381 3051 420 3093 ac
440 3033 576 3094 interna
595 3029 667 3111 ejus
687 3050 746 3111 per
764 3041 913 3092 externa
936 3029 1059 3105 cultus,
1080 3038 1116 3093 et
1141 3037 1404 3111 repraesentare

274 3136 390 3208 potest
409 3147 517 3208 aeque
534 3125 644 3189 malus
661 3125 766 3188 homo
785 3144 887 3207 quam
903 3127 1034 3204 bonus;
1059 3145 1139 3188 nam
1156 3134 1304 3189 externa
1319 3132 1402 3185 sunt

273 3222 421 3298 ritualia,
439 3242 526 3305 quae
545 3223 662 3285 omnia
681 3222 771 3304 apud
791 3221 870 3284 illos
889 3220 1132 3304 significabant
1156 3216 1346 3303 spiritualia
1364 3226 1402 3280 et

274 3318 460 3383 caelestia:
486 3319 592 3382 immo
607 3317 765 3391 Aharon,
782 3318 923 3380 tametsi
938 3317 1019 3380 fecit
1031 3316 1176 3380 vitulum
1192 3330 1344 3388 aureum,
1360 3333 1402 3377 ac

274 3414 452 3479 mandavit
468 3414 599 3479 cultum
617 3413 687 3496 ejus
708 3411 832 3494 (Exod,
849 3413 962 3475 xxxii.
978 3426 1051 3494 2-5,
1072 3409 1140 3494 35),
1161 3429 1268 3492 usque
1286 3408 1406 3492 potuit

273 3521 531 3593 repraesentare
562 3510 749 3573 Dominum
780 3516 817 3570 et
843 3527 929 3588 opus
956 3506 1159 3571 salvationis
1186 3504 1306 3588 Ipsius.
1352 3502 1401 3568 Et

274 3607 353 3688 quia
382 3627 442 3690 per
472 3608 609 3671 interna
639 3605 753 3669 cultus
788 3623 857 3668 non
892 3613 1075 3685 potuerunt
1106 3602 1231 3666 adduci
1265 3599 1309 3664 ad
1342 3598 1405 3663 illa

275 3702 576 3783 repraesentanda,
605 3701 683 3765 ideo
714 3720 773 3783 per
799 3697 964 3762 miracula
989 3699 1033 3762 ad
1063 3699 1097 3764 id
1127 3696 1403 3770 adducebantur,

273 3797 380 3861 immo
392 3798 622 3880 adigebantur
633 3807 670 3862 et
681 3797 907 3879 cogebantur.
947 3806 1004 3868 [³.]
1027 3792 1129 3877 Quod
1143 3815 1211 3857 non
1225 3791 1404 3876 potuerint

274 3894 399 3958 adduci
422 3914 482 3975 per
505 3895 642 3958 interna
662 3892 785 3966 cultus,
806 3902 880 3956 erat
905 3911 1019 3966 causa,
1040 3893 1118 3974 quia
1138 3911 1207 3954 non
1230 3908 1400 3970 agnosce-

274 3987 360 4052 bant
386 3990 582 4066 Dominum,
607 3989 748 4053 tametsi
771 3998 885 4052 totum
906 3987 1072 4061 Verbum,
1093 3985 1184 4068 quod
1208 3984 1297 4066 apud
1322 3983 1403 4048 illos

274 4094 361 4160 erat,
386 4085 429 4149 de
454 4085 535 4168 lpso
558 4085 634 4150 solo
658 4085 752 4166 agit;
777 4084 892 4166 etqui
916 4102 985 4145 non
1013 4082 1173 4164 agnoscit
1200 4079 1399 4152 Dominum,

273 4178 332 4243 ille
348 4200 416 4245 non
434 4191 552 4264 potest
569 4182 720 4264 recipere
733 4177 872 4263 aliquod
889 4179 1061 4242 internum
1074 4175 1196 4240 cultus.
1234 4174 1286 4238 At
1303 4184 1403 4255 post·

274 4295 376 4358 quam
397 4277 565 4341 Dominus
581 4276 625 4342 Se
642 4275 888 4348 manifestavit,
906 4295 946 4337 ac
962 4283 1123 4354 receptus
1140 4281 1176 4334 et
1192 4270 1330 4352 agnitus
1346 4278 1404 4333 est

275 4393 336 4456 pro
357 4373 432 4437 Deo
451 4385 596 4438 aeterno
614 4375 647 4438 in
668 4372 834 4446 ecclesiis,
853 4379 1076 4434 cessaverunt
1093 4366 1265 4429 miracula.

339 4484 435 4553 133.
464 4467 532 4533 Sed
557 4469 644 4533 alius
667 4465 806 4531 effertus
832 4465 1072 4529 miraculorum
1099 4472 1155 4526 est
1177 4461 1266 4542 apud
1290 4459 1405 4522 bonos

274 4583 376 4645 quam
393 4565 482 4647 apud
500 4564 620 4628 malos.
659 4563 746 4626 Boni
763 4583 832 4625 non
849 4563 970 4625 volunt
986 4559 1163 4632 miracula,
1179 4556 1239 4620 sed
1256 4555 1405 4620 credunt

273 4660 438 4723 miracula
460 4681 547 4742 quae
570 4661 603 4722 in
623 4659 741 4722 Verbo
769 4667 859 4722 sunt.
912 4657 959 4720 Et
984 4657 1011 4719 si
1041 4656 1184 4718 audiunt
1208 4651 1335 4734 aliquid
1359 4649 1405 4713 de
