3358 5384
437 697 487 747 na
511 694 648 746 u1v1uo
672 693 814 754 anona,
836 691 928 742 raus
951 690 1070 742 11.-N.
1093 675 1159 758 163.
1317 673 1358 755 63

236 888 297 931 sua
316 866 433 951 quiete
453 865 619 928 subsistit.
666 863 750 927 Inde
767 870 877 945 patet,
895 861 986 945 quod
1005 859 1119 944 spatia
1135 859 1204 922 sint
1223 859 1361 941 propria

238 972 403 1039 naturae;
431 970 467 1024 et
491 961 570 1043 quia
588 960 700 1042 spatia
719 959 764 1022 ibi
788 979 856 1022 non
880 966 960 1021 sunt
983 955 1206 1040 apparentiae
1229 955 1360 1037 spatio·

237 1077 310 1120 rurn
326 1055 514 1120 secundum
531 1065 643 1118 status
659 1055 762 1130 vitae,
777 1063 814 1117 ut
833 1055 866 1117 in
884 1053 1011 1116 mundo
1025 1049 1200 1136 spirituali,
1215 1059 1361 1132 possunt

237 1151 297 1215 illa
315 1152 421 1216 etiam
440 1153 554 1216 vocari
575 1159 719 1214 mortua.

306 1247 400 1312 161.
433 1244 606 1328 Quoniam
619 1255 784 1328 tempora
800 1244 959 1308 similiter
982 1253 1076 1309 stata
1100 1258 1136 1312 et
1161 1247 1362 1314 constantia

236 1351 330 1416 sunt,
348 1342 453 1405 etiam
473 1340 532 1404 illa
549 1350 629 1404 sunt
646 1341 781 1422 propria
798 1350 951 1416 naturae,
970 1351 1204 1426 namtempus
1221 1345 1287 1407 diei
1306 1351 1360 1406 est

237 1446 442 1502 constanter
465 1436 587 1518 viginti
611 1446 757 1519 quatuor
779 1435 950 1511 horarum,
975 1446 1010 1500 et
1042 1445 1179 1521 tempus
1202 1440 1283 1502 anni
1305 1446 1360 1502 est

236 1542 443 1598 constanter
471 1529 733 1596 ¹¹¹trecentorum
764 1532 950 1614 sexaginta
980 1531 1128 1614 quinque
1158 1533 1289 1597 dierum
1319 1552 1359 1596 ac

236 1638 379 1712 quartae
398 1629 504 1710 partis
524 1628 600 1690 diei.
648 1625 717 1707 ipsi
740 1635 852 1689 status
875 1624 959 1690 lucis
980 1638 1015 1690 et
1032 1627 1183 1704 umbrae,
1205 1649 1243 1692 ac
1264 1628 1358 1692 calo·

236 1723 282 1787 ris
315 1732 351 1786 et
384 1723 529 1805 frigoris,
564 1721 620 1804 qui
653 1721 787 1785 variant
820 1719 889 1796 illa,
925 1731 1129 1786 constanter
1162 1724 1268 1787 etiam
1304 1744 1358 1786 re·

238 1819 355 1883 deunt.
400 1815 521 1883 Status
545 1818 601 1901 qui
623 1817 769 1880 redeunt
792 1817 914 1900 quovis
936 1817 1001 1892 die,
1023 1827 1102 1881 sunt
1126 1838 1238 1895 mane,
1259 1819 1358 1883 meri·

237 1913 321 1989 dies,
346 1933 491 1996 vespera
510 1921 546 1975 et
570 1931 661 1990 nox3
692 1921 728 1975 et
754 1912 873 1994 quovis
902 1931 1004 1987 anno,
1030 1923 1110 1977 sunt
1137 1935 1206 1990 ver,
1230 1923 1357 1990 aestas,

237 2019 421 2073 autumnus
438 2016 474 2072 et
489 2005 609 2072 hiems.
654 2004 774 2070 Status
790 2007 870 2070 anni
887 2007 993 2070 etiam
1010 2017 1213 2073 constanter
1226 2011 1359 2072 variant

238 2113 351 2170 status
374 2103 516 2166 dierum.
559 2099 689 2166 Omnes
718 2101 753 2164 hi
783 2110 907 2177 status,
932 2104 1010 2185 quia
1040 2122 1109 2166 non
1136 2114 1216 2168 sunt
1245 2113 1359 2168 status

226 2195 341 2275 'vitae,
362 2208 400 2262 ut
426 2198 460 2261 in
484 2197 613 2261 mundo
635 2195 814 2280 spirituali,
839 2206 920 2260 sunt
942 2217 1076 2281 quoque
1096 2200 1244 2278 mortui;
1279 2219 1358 2262 nam

237 2293 271 2362 iu
295 2293 424 2358 mundo
447 2291 615 2376 spirituali
638 2301 692 2355 est
715 2291 880 2355 continua
903 2290 965 2354 lux
988 2301 1023 2355 et
1047 2294 1230 2358 continuus
1253 2293 1357 2370 calor,

237 2409 277 2454 ac
293 2387 354 2454 lux
370 2387 617 2471 correspondet
634 2387 740 2452 statui
756 2387 957 2470 sapientiae,
976 2396 1012 2451 et
1028 2387 1123 2452 calor
1138 2390 1244 2453 statui
1261 2409 1357 2454 amo·
1385 2383 1389 2393 “

240 2487 285 2549 ris
304 2485 395 2568 apud
414 2481 571 2566 angelos,
592 2504 637 2546 ex
657 2503 725 2566 quo
741 2483 863 2547 horum
882 2492 995 2547 status
1014 2493 1093 2547 sunt
1112 2484 1190 2547 vivi.

302 2579 397 2644 162.
426 2578 483 2644 Ex
507 2577 560 2642 his
579 2578 687 2642 videri
706 2588 824 2661 potest
843 2578 984 2641 fatuitas
1002 2577 1148 2654 illorum,
1169 2580 1225 2662 qui
1244 2581 1360 2645 omnia

239 2686 382 2740 naturae
394 2675 604 2739 adscribunt.
635 2673 691 2737 llli
704 2674 759 2757 qui
775 2694 837 2756 pro
850 2683 973 2737 natura
985 2694 1022 2738 se
1035 2673 1292 2750 confirmarunt,
1306 2677 1358 2739 in·

238 2771 412 2835 duxerunt
432 2770 496 2833 sibi
515 2779 657 2845 statum,
671 2779 709 2833 ut
729 2790 799 2833 non
818 2769 964 2851 amplius
979 2769 1087 2834 velint
1107 2769 1243 2835 elevare
1262 2790 1358 2835 men-

238 2875 311 2932 tem
334 2885 436 2948 supra
459 2873 639 2944 naturam;
673 2885 777 2948 quare
800 2883 898 2927 mens
924 2884 1041 2928 eorum
1065 2865 1235 2930 clauditur
1257 2887 1357 2950 supe-

237 2963 305 3027 rius
323 2970 359 3026 et
376 2961 526 3044 aperitur
541 2959 689 3034 inferius,
704 2969 740 3023 et
759 2960 807 3024 sic
824 2959 862 3024 fit
875 2959 979 3023 homo
992 2961 1158 3025 naturalis
1177 2962 1357 3037 sensualis,

238 3058 294 3140 qui
305 3065 359 3120 est
371 3054 595 3138 spiritualiter
607 3065 783 3134 mortuus;
804 3064 839 3118 et
860 3056 938 3138 quia
957 3066 1038 3119 tunc
1056 3075 1126 3120 non
1143 3059 1277 3140 cogitat
1294 3058 1358 3122 nisi

237 3171 340 3236 quam
352 3173 397 3216 ex
410 3151 538 3215 talibus
549 3170 637 3234 quae
648 3149 810 3214 hauserat
823 3171 869 3214 ex
883 3151 1039 3215 sensibus
1052 3153 1214 3235 corporis,
1229 3173 1288 3216 seu
1299 3173 1359 3236 per

237 3247 345 3311 illose
358 3247 497 3323 mundo,
508 3249 613 3311 etiam
623 3247 727 3310 corde
738 3256 843 3329 negat
854 3246 976 3310 Deum.
1001 3246 1097 3311 Tunc
1109 3249 1295 3331 quiarupta
1303 3258 1358 3313 est

237 3340 433 3424 conjunctio
446 3360 523 3405 cum
534 3341 642 3418 caelo,
654 3339 692 3405 fit
707 3339 902 3424 conjunctio
915 3361 991 3404 cum
1003 3341 1142 3418 inferno,
1157 3353 1358 3408 remanente

237 3434 349 3499 solum
372 3435 539 3500 facultate
558 3436 737 3518 cogitandi
755 3447 792 3501 et
811 3435 970 3513 volendi;
994 3436 1161 3500 facultate
1181 3439 1359 3520 cogitandi

237 3551 282 3594 ex
299 3530 547 3607 rationalitate,
565 3552 604 3596 ac
622 3531 789 3597 facultate
808 3531 947 3595 volendi
967 3552 1013 3595 ex
1033 3531 1151 3608 libero,
1165 3553 1251 3615 quae
1270 3533 1359 3598 duae

237 3624 422 3689 facultates
444 3636 524 3690 sunt
548 3627 654 3690 cuivis
680 3625 810 3692 homini
833 3647 853 3690 a
877 3626 1040 3702 Domino,
1065 3646 1128 3691 nec
1152 3627 1358 3692 auferuntur.

237 3719 323 3784 Illae
342 3721 429 3786 duae
447 3721 629 3786 facultates
649 3732 728 3786 sunt
747 3743 855 3806 aeque
874 3721 1021 3785 diabolis
1043 3741 1082 3785 ac
1101 3731 1181 3786 sunt
1202 3724 1358 3806 angelis;

236 3817 299 3881 sed
311 3817 440 3886 diaboli
450 3817 626 3900 applicant
638 3817 715 3882 illas
727 3818 770 3881 ad
783 3818 1021 3893 insaniendum
1035 3827 1070 3881 et
1083 3819 1126 3882 ad
1138 3818 1358 3883 malefacien-

238 3911 330 3987 dum,
348 3921 386 3976 at
404 3913 520 3995 angeli
538 3912 582 3976 ad
601 3913 854 3996 sapiendum-et
873 3913 917 3977 ad
936 3911 1229 3977 benefaciendum.

241 4193 356 4280 QUOD
379 4209 525 4276 nBsQUts
547 4209 641 4262 mtto
664 4209 769 4273 SOLE,
788 4210 869 4263 UNO
891 4210 983 4263 v1vo
1008 4211 1057 4263 ET
1080 4211 1235 4264 ALTERO
1258 4213 1360 4264 Mon·

524 4304 612 4366 Tuo,
637 4304 718 4356 NON
741 4306 871 4357 DETUR
894 4306 1073 4358 CREATIO.

302 4479 401 4562 163.
436 4477 643 4544 Universum
676 4451 719 4542 in
737 4499 865 4562 genere
894 4477 1093 4544 distintium
1123 4491 1177 4545 est
1210 4481 1244 4545 in
1272 4481 1359 4546 duos

242 4575 399 4650 mundos,
423 4575 633 4657 spiritualem
657 4586 693 4640 et
728 4577 929 4641 naturalem.
975 4576 1014 4640 In
1039 4579 1167 4642 mundo
1190 4578 1358 4661 spirituali

242 4682 320 4734 sunt
340 4671 457 4754 angeli
479 4681 515 4736 et
539 4672 697 4754 spiritus;
725 4673 758 4736 in
782 4673 910 4742 mundo
929 4674 1075 4737 naturali
1095 4684 1174 4738 sunt
1190 4674 1357 4738 homines.
