3352 5374
300 666 360 732 132
645 662 849 716 SAPIENTIA
871 664 1068 718 ANGELICA

295 835 430 901 latenus
446 836 693 920 comprehendi
710 837 842 919 possint
856 859 864 917 ;
888 847 924 902 et
940 839 1042 920 quod,
1056 839 1084 904 si
1101 860 1170 903 non
1186 852 1418 919 removentur,

295 950 364 993 non
382 930 490 1012 possit
509 928 608 1012 [lieri]
622 931 702 1013 quin
716 933 938 1012 apparentiae
952 931 1115 996 inducant
1132 931 1306 996 fallacias:
1330 955 1420 1017 quae

295 1030 413 1086 tamen
437 1042 505 1085 non
529 1023 643 1085 induci
669 1033 809 1106 queunt,
834 1022 914 1086 dum
937 1024 1112 1105 cogitatur
1134 1025 1226 1107 quod
1255 1025 1349 1089 Deus
1371 1027 1419 1090 sit

294 1115 405 1196 ipsum
425 1114 513 1178 Esse
532 1136 577 1178 ex
596 1136 664 1197 quo
683 1117 807 1179 omnia.

357 1221 457 1287 301.
488 1206 669 1270 Praeterea
692 1227 737 1270 ex
762 1207 926 1289 angelicis
952 1207 1048 1284 ideis,
1072 1229 1159 1291 quae
1185 1218 1264 1274 sunt
1288 1210 1419 1294 absque

295 1301 419 1381 spatio,
434 1300 614 1362 manifeste
631 1310 740 1382 patet,
752 1300 844 1382 quod
860 1301 894 1362 in
908 1302 1065 1364 universo
1078 1311 1197 1366 creato
1210 1301 1292 1364 nihil
1308 1303 1417 1379 vivat,

295 1411 396 1475 quam
416 1392 509 1456 solus
527 1389 620 1455 Deus
641 1390 768 1467 Homo,
788 1392 853 1456 hoc
873 1401 938 1468 est,
957 1393 1135 1468 Dominus,
1152 1395 1310 1477 quodque
1331 1394 1415 1458 nihil

295 1493 474 1548 moveatur
489 1504 590 1566 quam
607 1484 789 1566 pervitam
806 1484 849 1549 ab
868 1482 970 1566 Ipso;
994 1495 1030 1549 et
1048 1486 1138 1569 quod
1155 1485 1238 1550 nihil
1254 1487 1299 1550 sit
1315 1505 1417 1569 quam

294 1597 354 1660 per
367 1574 483 1641 Solem
500 1577 544 1640 ab
562 1576 661 1658 Ipso;
684 1577 734 1640 ita
749 1577 841 1659 quod
857 1579 985 1641 veritas
1001 1579 1057 1654 sit,
1071 1578 1162 1661 quod
1178 1579 1212 1640 in
1230 1578 1307 1642 Deo
1322 1580 1417 1641 viva·

295 1687 381 1744 mus,
402 1686 611 1744 moveamur,
632 1679 668 1732 et
686 1669 801 1732 simus.

296 1953 411 2038 QUOD
434 1969 759 2033 ATMOSPHAERAE,
784 1970 887 2035 QUAE
908 1971 1004 2022 TRES
1030 1970 1128 2023 SUNT
1161 1971 1203 2022 IN
1232 1971 1419 2036 UTROQUss

423 2061 572 2123 NUNDO,
605 2061 821 2114 SPIRITUALI
855 2063 905 2112 ET
942 2062 1153 2125 NATURALI,
1185 2064 1227 2114 IN
1260 2062 1418 2116 ULTIMIS

422 2153 503 2206 SUIS
533 2153 729 2205 DESINANT
759 2155 802 2206 IN
835 2153 1091 2206 SUBSTANTIAS
1124 2154 1173 2205 ET
1206 2155 1416 2218 MATERIA&

422 2245 571 2310 QUALES
593 2245 692 2298 SUNT
715 2245 757 2296 IN
777 2246 925 2298 TERRIS.

357 2430 458 2502 302·
488 2415 590 2499 Quod
609 2425 679 2481 tres
695 2417 959 2499 atmosphaerae
979 2419 1012 2482 in
1030 2427 1174 2502 utroque
1191 2419 1330 2496 mundo,
1348 2421 1416 2501 spi·

295 2510 408 2575 rituali
432 2519 468 2572 et
499 2509 656 2584 naturali,
678 2510 757 2584 sint,
778 2530 865 2592 quae
894 2511 984 2574 inter
1013 2531 1049 2574 se
1078 2511 1266 2574 secundum
1290 2513 1418 2594 gradus

295 2604 488 2669 altitudInis
508 2599 692 2664 distinttae
712 2613 803 2676 sunt,
824 2613 859 2667 et
878 2624 965 2686 quae
981 2624 1098 2667 versus
1117 2604 1274 2667 inferiora
1294 2623 1415 2667 secun-

294 2696 376 2759 dum
406 2695 533 2776 gradus
564 2694 754 2758 latitudinis
788 2696 821 2759 in
851 2697 1104 2779 progrediendo
1134 2697 1349 2772 decrescunt,
1380 2697 1414 2759 in

295 2786 396 2853 Parte
414 2786 533 2850 Tertia
559 2784 606 2868 (n.
635 2785 794 2870 173-176)
815 2797 991 2851 ostensum
1010 2798 1073 2851 est.
1122 2787 1167 2850 Et
1188 2789 1266 2870 quia
1285 2798 1416 2852 atmos-

294 2878 443 2961 phaerae
458 2899 576 2941 versus
592 2879 749 2942 inferiora
765 2881 1016 2962 progrediendo
1032 2881 1247 2956 decrescunt,
1265 2881 1419 2962 sequitur

294 2971 387 3054 quod
404 2971 567 3034 continue
580 2973 844 3052 compressiores
860 2993 899 3035 ac
917 2973 1096 3036 inertiores
1112 2971 1206 3047 fiant,
1221 2983 1257 3036 et
1274 2972 1417 3036 tandem

293 3065 328 3128 in
351 3062 480 3126 ultimis
502 3064 552 3125 ita
574 3083 792 3145 compressae
819 3073 855 3127 et
886 3066 1024 3140 inertes,
1050 3075 1087 3128 ut
1117 3085 1186 3128 non
1210 3066 1279 3128 sint
1302 3075 1413 3128 atmo-

293 3155 460 3239 sphaerae
489 3156 646 3237 amplius,
671 3157 732 3220 sed
762 3157 977 3220 substantiae
1000 3158 1133 3239 quietis,
1158 3167 1193 3220 et
1223 3157 1257 3220 in
1288 3157 1418 3220 mundo

295 3249 442 3314 naturali
460 3249 561 3326 fixae,
583 3250 701 3334 quales
717 3260 797 3313 sunt
816 3251 850 3312 in
870 3250 980 3324 terris,
1001 3261 1036 3313 et
1056 3250 1220 3313 materiae
1240 3259 1416 3312 vocantur.

295 3341 352 3406 Ex
365 3364 431 3426 qua
447 3344 715 3407 substantiarum
732 3353 768 3406 et
785 3343 1003 3405 materiarum
1020 3343 1162 3423 origine,
1176 3341 1328 3423 sequitur
1338 3340 1416 3422 pri·

294 3455 393 3510 mum,
413 3437 506 3518 quod
525 3436 739 3498 substantiae
762 3444 798 3496 et
822 3434 985 3497 materiae
1005 3433 1083 3497 illae
1102 3434 1206 3497 etiam
1226 3434 1295 3496 sint
1315 3433 1416 3496 trium

295 3526 485 3608 graduum;
512 3527 665 3601 alterum,
695 3526 786 3610 quod
816 3527 1058 3590 contineantur
1086 3527 1120 3589 in
1145 3545 1238 3589 nexu
1260 3526 1351 3588 inter
1379 3543 1417 3588 se

294 3619 338 3681 ab
354 3619 605 3700 atmosphaeris
624 3619 876 3694 ambientibus;
901 3619 1047 3692 tertium,
1064 3619 1154 3701 quod
1173 3616 1418 3682 accommoda·

294 3719 352 3774 tae
371 3712 440 3775 sint
460 3711 503 3774 ad
523 3710 781 3792 producendum
800 3730 920 3774 omnes
939 3731 1017 3773 usus
1036 3712 1069 3774 in
1089 3712 1158 3774 suis
1175 3710 1302 3773 formis.

357 3815 461 3884 3⁰3.
492 3801 593 3885 Quod
617 3803 831 3866 substantiae
855 3825 914 3866 seu
941 3805 1106 3867 materiae
1128 3802 1248 3885 quales
1272 3812 1353 3869 sunt
1381 3803 1416 3866 in

295 3896 404 3968 terris,
430 3916 450 3958 a
473 3894 546 3958 sole
570 3915 630 3976 per
651 3895 914 3976 atmosphaeras
937 3893 1006 3976 ejus
1030 3893 1215 3976 promeae
1238 3895 1318 3970 sint,
1342 3895 1419 3978 quis

296 4007 365 4050 non
385 3985 543 4062 affirmat,
561 3989 617 4070 qui
637 3988 770 4069 cogitat
790 3987 881 4070 quod
900 3997 1086 4069 perpetuae
1103 3987 1331 4050 mediationes
1347 3987 1417 4052 sint

295 4081 447 4162 aprimo
470 4080 513 4142 ad
544 4080 687 4157 ultima;
719 4089 754 4144 et
778 4080 869 4162 quod
893 4079 976 4142 nihil
999 4080 1107 4161 possit
1131 4080 1282 4142 existere
1305 4080 1369 4143 nisi
1397 4098 1419 4142 a

295 4173 396 4252 priori
420 4193 467 4246 se,
493 4182 527 4236 et
547 4173 689 4236 tandem
719 4193 739 4235 a
763 4173 890 4254 prim0;
914 4193 955 4235 ac
979 4173 1121 4254 primurn
1142 4180 1197 4235 est
1221 4167 1281 4235 Sol
1300 4170 1417 4234 mundi

295 4264 489 4346 spiritualis,
508 4284 547 4328 ac
568 4264 714 4328 Primum
731 4265 820 4328 illius
840 4263 929 4328 Solis
945 4272 999 4327 est
1019 4263 1112 4326 Deus
1134 4262 1250 4326 Homo
1266 4284 1327 4327 seu
1344 4262 1416 4327 Do·

297 4357 430 4419 minus?
479 4356 578 4421 Nunc
606 4359 683 4441 quia
710 4357 975 4440 atmosphaerae
1002 4366 1081 4419 sunt
1111 4355 1171 4419 illa
1201 4357 1325 4438 priora,
1357 4374 1418 4438 per

296 4469 383 4531 quae
407 4447 465 4512 Sol
486 4448 597 4512 illese
617 4451 709 4514 sistit
727 4451 759 4513 in
780 4450 919 4524 ultimis,
937 4456 972 4512 et
992 4448 1071 4531 quia
1090 4449 1203 4530 priora
1223 4448 1283 4512 illa
1299 4445 1418 4512 activi·

297 4549 373 4604 tate
392 4550 428 4603 et
452 4543 666 4622 expansione
686 4543 849 4606 continue
868 4541 1072 4604 decrescunt
1092 4560 1198 4622 usque
1217 4541 1260 4603 ad
1285 4540 1416 4614 ultima,

297 4634 451 4715 sequitur
473 4633 565 4715 quod
589 4654 665 4698 cum
689 4633 815 4698 desinit
838 4629 997 4696 activitas
1024 4640 1060 4696 et
1092 4632 1261 4714 expansio
1284 4630 1418 4694 illarum
