<?xml version="1.0" encoding="UTF-8"?>
<!DOCTYPE html PUBLIC "-//W3C//DTD XHTML 1.0 Transitional//EN"
    "http://www.w3.org/TR/xhtml1/DTD/xhtml1-transitional.dtd">
<html xmlns="http://www.w3.org/1999/xhtml" xml:lang="en" lang="en">
 <head>
  <title>
</title>
<meta http-equiv="Content-Type" content="text/html;charset=utf-8" />
  <meta name='ocr-system' content='tesseract 3.04.00' />
  <meta name='ocr-capabilities' content='ocr_page ocr_carea ocr_par ocr_line ocrx_word'/>
</head>
<body>
  <div class='ocr_page' id='page_1' title='image "./sapientaangelic01swedgoog_0053.png"; bbox 0 0 3358 5384; ppageno 0'>
   <div class='ocr_carea' id='block_1_1' title="bbox 271 657 1107 737">
    <p class='ocr_par' dir='ltr' id='par_1_1' title="bbox 271 657 1107 737">
     <span class='ocr_line' id='line_1_1' title="bbox 271 657 1107 737; baseline 0.007 -17"><span class='ocrx_word' id='word_1_1' title='bbox 271 661 281 678; x_wconf 88' lang='lat'><strong>·</strong></span> <span class='ocrx_word' id='word_1_2' title='bbox 330 657 370 737; x_wconf 85' lang='lat'><strong>38</strong></span> <span class='ocrx_word' id='word_1_3' title='bbox 684 669 888 723; x_wconf 70' lang='lat' dir='ltr'><strong>sansana</strong></span> <span class='ocrx_word' id='word_1_4' title='bbox 911 672 1107 726; x_wconf 75' lang='lat' dir='ltr'><strong>xxosuca</strong></span> 
     </span>
    </p>
   </div>
   <div class='ocr_carea' id='block_1_2' title="bbox 329 927 1455 1194">
    <p class='ocr_par' dir='ltr' id='par_1_2' title="bbox 329 927 1455 1194">
     <span class='ocr_line' id='line_1_2' title="bbox 329 927 1455 1014; baseline 0.009 -18"><span class='ocrx_word' id='word_1_5' title='bbox 329 927 443 1014; x_wconf 83' lang='lat' dir='ltr'><strong>Quon</strong></span> <span class='ocrx_word' id='word_1_6' title='bbox 460 929 535 996; x_wconf 79' lang='lat' dir='ltr'><strong>Sos</strong></span> <span class='ocrx_word' id='word_1_7' title='bbox 552 946 641 996; x_wconf 78' lang='lat' dir='ltr'><strong>nnn</strong></span> <span class='ocrx_word' id='word_1_8' title='bbox 657 944 738 996; x_wconf 79' lang='lat' dir='ltr'><strong>nou</strong></span> <span class='ocrx_word' id='word_1_9' title='bbox 755 933 1025 1011; x_wconf 77' lang='lat' dir='ltr'><strong>S1rDs1JS,sau</strong></span> <span class='ocrx_word' id='word_1_10' title='bbox 1042 947 1218 1014; x_wconf 80' lang='lat' dir='ltr'><strong>Quons1r</strong></span> <span class='ocrx_word' id='word_1_11' title='bbox 1230 950 1455 1006; x_wconf 73' lang='lat' dir='ltr'><strong>ruocsnaus</strong></span> 
     </span>
     <span class='ocr_line' id='line_1_3' title="bbox 456 1026 1455 1100; baseline 0.011 -11"><span class='ocrx_word' id='word_1_12' title='bbox 456 1039 507 1090; x_wconf 78' lang='lat' dir='ltr'><strong>ax</strong></span> <span class='ocrx_word' id='word_1_13' title='bbox 524 1026 667 1092; x_wconf 76' lang='lat' dir='ltr'><strong>Drvnto</strong></span> <span class='ocrx_word' id='word_1_14' title='bbox 682 1027 828 1092; x_wconf 82' lang='lat' dir='ltr'><strong>Auoxa</strong></span> <span class='ocrx_word' id='word_1_15' title='bbox 840 1041 889 1092; x_wconf 76' lang='lat' dir='ltr'><strong>ss</strong></span> <span class='ocrx_word' id='word_1_16' title='bbox 902 1028 1269 1097; x_wconf 76' lang='lat' dir='ltr'><strong>D1V1nnst1aur1A</strong></span> <span class='ocrx_word' id='word_1_17' title='bbox 1286 1033 1358 1099; x_wconf 78' lang='lat' dir='ltr'><strong>Dar</strong></span> <span class='ocrx_word' id='word_1_18' title='bbox 1375 1036 1455 1100; x_wconf 91' lang='lat' dir='ltr'><strong>Ho-</strong></span> 
     </span>
     <span class='ocr_line' id='line_1_4' title="bbox 455 1121 1423 1194; baseline 0.009 -9"><span class='ocrx_word' id='word_1_19' title='bbox 455 1134 583 1186; x_wconf 82' lang='lat' dir='ltr'><strong>u1u1s:</strong></span> <span class='ocrx_word' id='word_1_20' title='bbox 605 1135 802 1187; x_wconf 77' lang='lat' dir='ltr'><strong>S1u1n1cna</strong></span> <span class='ocrx_word' id='word_1_21' title='bbox 819 1121 954 1189; x_wconf 73' lang='lat' dir='ltr'><strong>Canon</strong></span> <span class='ocrx_word' id='word_1_22' title='bbox 971 1139 1020 1188; x_wconf 80' lang='lat' dir='ltr'><strong>sc</strong></span> <span class='ocrx_word' id='word_1_23' title='bbox 1036 1125 1119 1191; x_wconf 86' lang='lat' dir='ltr'><strong>Lux</strong></span> <span class='ocrx_word' id='word_1_24' title='bbox 1136 1139 1186 1191; x_wconf 82' lang='lat' dir='ltr'><strong>ax</strong></span> <span class='ocrx_word' id='word_1_25' title='bbox 1203 1141 1294 1193; x_wconf 77' lang='lat' dir='ltr'><strong>nno</strong></span> <span class='ocrx_word' id='word_1_26' title='bbox 1310 1127 1423 1194; x_wconf 70' lang='lat' dir='ltr'><strong>Sota.</strong></span> 
     </span>
    </p>
   </div>
   <div class='ocr_carea' id='block_1_3' title="bbox 262 1296 1455 4724">
    <p class='ocr_par' dir='ltr' id='par_1_3' title="bbox 391 1296 1455 1388">
     <span class='ocr_line' id='line_1_5' title="bbox 391 1296 1455 1388; baseline 0.003 -22"><span class='ocrx_word' id='word_1_27' title='bbox 391 1313 464 1382; x_wconf 81' lang='lat'><strong>93·</strong></span> <span class='ocrx_word' id='word_1_28' title='bbox 495 1299 559 1363; x_wconf 91' lang='lat' dir='ltr'><strong>Per</strong></span> <span class='ocrx_word' id='word_1_29' title='bbox 600 1296 717 1363; x_wconf 88' lang='lat' dir='ltr'><strong>Solem</strong></span> <span class='ocrx_word' id='word_1_30' title='bbox 748 1298 846 1362; x_wconf 91' lang='lat' dir='ltr'><strong>illum</strong></span> <span class='ocrx_word' id='word_1_31' title='bbox 874 1301 1096 1383; x_wconf 89' lang='lat' dir='ltr'><strong>conspicuum</strong></span> <span class='ocrx_word' id='word_1_32' title='bbox 1127 1302 1273 1384; x_wconf 84' lang='lat' dir='ltr'><strong>angelis,</strong></span> <span class='ocrx_word' id='word_1_33' title='bbox 1306 1323 1352 1368; x_wconf 89' lang='lat' dir='ltr'><strong>ex</strong></span> <span class='ocrx_word' id='word_1_34' title='bbox 1386 1326 1455 1388; x_wconf 93' lang='lat' dir='ltr'><strong>quo</strong></span> 
     </span>
    </p>

    <p class='ocr_par' dir='ltr' id='par_1_4' title="bbox 262 1393 1453 3291">
     <span class='ocr_line' id='line_1_6' title="bbox 325 1393 1453 1479; baseline 0.006 -22"><span class='ocrx_word' id='word_1_35' title='bbox 325 1393 394 1458; x_wconf 90' lang='lat' dir='ltr'><strong>illis</strong></span> <span class='ocrx_word' id='word_1_36' title='bbox 418 1403 472 1458; x_wconf 92' lang='lat' dir='ltr'><strong>est</strong></span> <span class='ocrx_word' id='word_1_37' title='bbox 496 1393 591 1458; x_wconf 91' lang='lat' dir='ltr'><strong>calor</strong></span> <span class='ocrx_word' id='word_1_38' title='bbox 612 1403 650 1458; x_wconf 91' lang='lat' dir='ltr'><strong>et</strong></span> <span class='ocrx_word' id='word_1_39' title='bbox 675 1393 746 1469; x_wconf 90' lang='lat' dir='ltr'><strong>lux,</strong></span> <span class='ocrx_word' id='word_1_40' title='bbox 767 1413 836 1458; x_wconf 91' lang='lat' dir='ltr'><strong>non</strong></span> <span class='ocrx_word' id='word_1_41' title='bbox 856 1395 1065 1477; x_wconf 86' lang='lat' dir='ltr'><strong>intelligitur</strong></span> <span class='ocrx_word' id='word_1_42' title='bbox 1089 1395 1168 1479; x_wconf 91' lang='lat' dir='ltr'><strong>Ipse</strong></span> <span class='ocrx_word' id='word_1_43' title='bbox 1192 1397 1372 1474; x_wconf 86' lang='lat' dir='ltr'><strong>Dominus,</strong></span> <span class='ocrx_word' id='word_1_44' title='bbox 1393 1399 1453 1465; x_wconf 93' lang='lat' dir='ltr'><strong>sed</strong></span> 
     </span>
     <span class='ocr_line' id='line_1_7' title="bbox 325 1489 1452 1574; baseline 0.005 -22"><span class='ocrx_word' id='word_1_45' title='bbox 325 1489 530 1572; x_wconf 84' lang='lat' dir='ltr'><strong>intelligitur</strong></span> <span class='ocrx_word' id='word_1_46' title='bbox 548 1490 693 1572; x_wconf 90' lang='lat' dir='ltr'><strong>primurn</strong></span> <span class='ocrx_word' id='word_1_47' title='bbox 713 1491 904 1571; x_wconf 84' lang='lat' dir='ltr'>procedens</span> <span class='ocrx_word' id='word_1_48' title='bbox 923 1489 968 1553; x_wconf 92' lang='lat' dir='ltr'><strong>ab</strong></span> <span class='ocrx_word' id='word_1_49' title='bbox 987 1489 1079 1572; x_wconf 91' lang='lat' dir='ltr'><strong>Ipso,</strong></span> <span class='ocrx_word' id='word_1_50' title='bbox 1099 1492 1191 1574; x_wconf 92' lang='lat' dir='ltr'><strong>quod</strong></span> <span class='ocrx_word' id='word_1_51' title='bbox 1210 1503 1264 1556; x_wconf 91' lang='lat' dir='ltr'><strong>est</strong></span> <span class='ocrx_word' id='word_1_52' title='bbox 1283 1512 1452 1560; x_wconf 87' lang='lat' dir='ltr'><strong>summum</strong></span> 
     </span>
     <span class='ocr_line' id='line_1_8' title="bbox 324 1582 1453 1673; baseline 0.004 -25"><span class='ocrx_word' id='word_1_53' title='bbox 324 1586 449 1649; x_wconf 90' lang='lat' dir='ltr'><strong>caloris</strong></span> <span class='ocrx_word' id='word_1_54' title='bbox 473 1584 670 1669; x_wconf 89' lang='lat' dir='ltr'><strong>spiritualis.</strong></span> <span class='ocrx_word' id='word_1_55' title='bbox 717 1582 894 1649; x_wconf 89' lang='lat' dir='ltr'><strong>Summum</strong></span> <span class='ocrx_word' id='word_1_56' title='bbox 918 1585 1043 1648; x_wconf 91' lang='lat' dir='ltr'><strong>caloris</strong></span> <span class='ocrx_word' id='word_1_57' title='bbox 1067 1587 1253 1668; x_wconf 90' lang='lat' dir='ltr'><strong>spiritualis</strong></span> <span class='ocrx_word' id='word_1_58' title='bbox 1276 1599 1330 1652; x_wconf 89' lang='lat' dir='ltr'><strong>est</strong></span> <span class='ocrx_word' id='word_1_59' title='bbox 1354 1591 1453 1673; x_wconf 90' lang='lat' dir='ltr'><strong>spiri·</strong></span> 
     </span>
     <span class='ocr_line' id='line_1_9' title="bbox 325 1679 1453 1766; baseline 0.004 -23"><span class='ocrx_word' id='word_1_60' title='bbox 325 1681 428 1745; x_wconf 92' lang='lat' dir='ltr'><strong>tualis</strong></span> <span class='ocrx_word' id='word_1_61' title='bbox 443 1681 544 1763; x_wconf 91' lang='lat' dir='ltr'><strong>ignis,</strong></span> <span class='ocrx_word' id='word_1_62' title='bbox 562 1681 618 1763; x_wconf 93' lang='lat' dir='ltr'><strong>qui</strong></span> <span class='ocrx_word' id='word_1_63' title='bbox 642 1691 696 1744; x_wconf 93' lang='lat' dir='ltr'><strong>est</strong></span> <span class='ocrx_word' id='word_1_64' title='bbox 716 1680 860 1743; x_wconf 92' lang='lat' dir='ltr'><strong>Divinus</strong></span> <span class='ocrx_word' id='word_1_65' title='bbox 877 1679 989 1744; x_wconf 90' lang='lat' dir='ltr'><strong>Amor</strong></span> <span class='ocrx_word' id='word_1_66' title='bbox 1012 1690 1049 1745; x_wconf 88' lang='lat' dir='ltr'><strong>et</strong></span> <span class='ocrx_word' id='word_1_67' title='bbox 1072 1681 1199 1747; x_wconf 90' lang='lat' dir='ltr'><strong>Divina</strong></span> <span class='ocrx_word' id='word_1_68' title='bbox 1218 1680 1397 1766; x_wconf 88' lang='lat' dir='ltr'><strong>Sapientia</strong></span> <span class='ocrx_word' id='word_1_69' title='bbox 1419 1686 1453 1748; x_wconf 92' lang='lat' dir='ltr'><strong>in</strong></span> 
     </span>
     <span class='ocr_line' id='line_1_10' title="bbox 325 1774 1452 1862; baseline 0.004 -24"><span class='ocrx_word' id='word_1_70' title='bbox 325 1795 386 1840; x_wconf 91' lang='lat' dir='ltr'><strong>sua</strong></span> <span class='ocrx_word' id='word_1_71' title='bbox 405 1777 513 1857; x_wconf 90' lang='lat' dir='ltr'><strong>prima</strong></span> <span class='ocrx_word' id='word_1_72' title='bbox 529 1774 847 1858; x_wconf 88' lang='lat' dir='ltr'><strong>correspondentia.</strong></span> <span class='ocrx_word' id='word_1_73' title='bbox 894 1775 979 1839; x_wconf 92' lang='lat' dir='ltr'><strong>Inde</strong></span> <span class='ocrx_word' id='word_1_74' title='bbox 998 1786 1063 1852; x_wconf 90' lang='lat' dir='ltr'><strong>est,</strong></span> <span class='ocrx_word' id='word_1_75' title='bbox 1078 1778 1169 1860; x_wconf 93' lang='lat' dir='ltr'><strong>quod</strong></span> <span class='ocrx_word' id='word_1_76' title='bbox 1190 1776 1249 1842; x_wconf 91' lang='lat' dir='ltr'><strong>Sol</strong></span> <span class='ocrx_word' id='word_1_77' title='bbox 1269 1779 1326 1842; x_wconf 91' lang='lat' dir='ltr'><strong>ille</strong></span> <span class='ocrx_word' id='word_1_78' title='bbox 1344 1799 1452 1862; x_wconf 88' lang='lat' dir='ltr'><strong>appa·</strong></span> 
     </span>
     <span class='ocr_line' id='line_1_11' title="bbox 324 1871 1452 1956; baseline 0.003 -22"><span class='ocrx_word' id='word_1_79' title='bbox 324 1880 399 1934; x_wconf 87' lang='lat' dir='ltr'><strong>reat</strong></span> <span class='ocrx_word' id='word_1_80' title='bbox 421 1871 554 1953; x_wconf 88' lang='lat' dir='ltr'><strong>igneus,</strong></span> <span class='ocrx_word' id='word_1_81' title='bbox 578 1881 615 1934; x_wconf 88' lang='lat' dir='ltr'><strong>et</strong></span> <span class='ocrx_word' id='word_1_82' title='bbox 641 1891 776 1954; x_wconf 91' lang='lat' dir='ltr'><strong>quoque</strong></span> <span class='ocrx_word' id='word_1_83' title='bbox 800 1871 891 1954; x_wconf 92' lang='lat' dir='ltr'><strong>quod</strong></span> <span class='ocrx_word' id='word_1_84' title='bbox 915 1873 959 1934; x_wconf 91' lang='lat' dir='ltr'><strong>sit</strong></span> <span class='ocrx_word' id='word_1_85' title='bbox 983 1872 1104 1953; x_wconf 89' lang='lat' dir='ltr'><strong>igneus</strong></span> <span class='ocrx_word' id='word_1_86' title='bbox 1127 1873 1273 1956; x_wconf 84' lang='lat' dir='ltr'><strong>angelis,</strong></span> <span class='ocrx_word' id='word_1_87' title='bbox 1298 1875 1358 1937; x_wconf 92' lang='lat' dir='ltr'><strong>sed</strong></span> <span class='ocrx_word' id='word_1_88' title='bbox 1383 1895 1452 1938; x_wconf 90' lang='lat' dir='ltr'><strong>non</strong></span> 
     </span>
     <span class='ocr_line' id='line_1_12' title="bbox 323 1965 1451 2051; baseline 0.003 -22"><span class='ocrx_word' id='word_1_89' title='bbox 323 1966 529 2029; x_wconf 86' lang='lat' dir='ltr'><strong>horninibus.</strong></span> <span class='ocrx_word' id='word_1_90' title='bbox 575 1965 670 2047; x_wconf 89' lang='lat' dir='ltr'><strong>Ignis</strong></span> <span class='ocrx_word' id='word_1_91' title='bbox 689 1967 747 2048; x_wconf 89' lang='lat' dir='ltr'><strong>qui</strong></span> <span class='ocrx_word' id='word_1_92' title='bbox 769 1965 859 2048; x_wconf 90' lang='lat' dir='ltr'><strong>ignis</strong></span> <span class='ocrx_word' id='word_1_93' title='bbox 875 1965 1069 2030; x_wconf 90' lang='lat' dir='ltr'><strong>hominibus</strong></span> <span class='ocrx_word' id='word_1_94' title='bbox 1088 1987 1157 2031; x_wconf 90' lang='lat' dir='ltr'><strong>non</strong></span> <span class='ocrx_word' id='word_1_95' title='bbox 1177 1978 1231 2032; x_wconf 89' lang='lat' dir='ltr'><strong>est</strong></span> <span class='ocrx_word' id='word_1_96' title='bbox 1254 1969 1451 2051; x_wconf 89' lang='lat' dir='ltr'><strong>spiritualis,</strong></span> 
     </span>
     <span class='ocr_line' id='line_1_13' title="bbox 324 2060 1453 2144; baseline 0.004 -20"><span class='ocrx_word' id='word_1_97' title='bbox 324 2060 386 2124; x_wconf 91' lang='lat' dir='ltr'><strong>sed</strong></span> <span class='ocrx_word' id='word_1_98' title='bbox 414 2070 468 2125; x_wconf 89' lang='lat' dir='ltr'><strong>est</strong></span> <span class='ocrx_word' id='word_1_99' title='bbox 492 2060 679 2138; x_wconf 89' lang='lat' dir='ltr'><strong>naturalis;</strong></span> <span class='ocrx_word' id='word_1_100' title='bbox 716 2063 807 2125; x_wconf 89' lang='lat' dir='ltr'><strong>inter</strong></span> <span class='ocrx_word' id='word_1_101' title='bbox 836 2081 922 2144; x_wconf 90' lang='lat' dir='ltr'><strong>quos</strong></span> <span class='ocrx_word' id='word_1_102' title='bbox 945 2063 1129 2127; x_wconf 86' lang='lat' dir='ltr'><strong>discrimen</strong></span> <span class='ocrx_word' id='word_1_103' title='bbox 1160 2072 1214 2128; x_wconf 89' lang='lat' dir='ltr'><strong>est</strong></span> <span class='ocrx_word' id='word_1_104' title='bbox 1248 2065 1338 2127; x_wconf 91' lang='lat' dir='ltr'><strong>sicut</strong></span> <span class='ocrx_word' id='word_1_105' title='bbox 1362 2066 1453 2128; x_wconf 91' lang='lat' dir='ltr'><strong>inter</strong></span> 
     </span>
     <span class='ocr_line' id='line_1_14' title="bbox 324 2153 1451 2242; baseline 0.003 -23"><span class='ocrx_word' id='word_1_106' title='bbox 324 2157 440 2220; x_wconf 86' lang='lat' dir='ltr'><strong>vivum</strong></span> <span class='ocrx_word' id='word_1_107' title='bbox 471 2165 508 2221; x_wconf 89' lang='lat' dir='ltr'><strong>et</strong></span> <span class='ocrx_word' id='word_1_108' title='bbox 539 2167 724 2220; x_wconf 86' lang='lat' dir='ltr'><strong>mortuum.</strong></span> <span class='ocrx_word' id='word_1_109' title='bbox 768 2153 885 2239; x_wconf 84' lang='lat' dir='ltr'><strong>Quare</strong></span> <span class='ocrx_word' id='word_1_110' title='bbox 908 2155 968 2221; x_wconf 90' lang='lat' dir='ltr'><strong>Sol</strong></span> <span class='ocrx_word' id='word_1_111' title='bbox 990 2158 1177 2240; x_wconf 87' lang='lat' dir='ltr'><strong>spiritualis</strong></span> <span class='ocrx_word' id='word_1_112' title='bbox 1210 2178 1271 2242; x_wconf 83' lang='lat' dir='ltr'><strong>per</strong></span> <span class='ocrx_word' id='word_1_113' title='bbox 1299 2158 1451 2223; x_wconf 89' lang='lat' dir='ltr'><strong>calorem</strong></span> 
     </span>
     <span class='ocr_line' id='line_1_15' title="bbox 323 2251 1450 2337; baseline 0.004 -21"><span class='ocrx_word' id='word_1_114' title='bbox 323 2251 474 2317; x_wconf 89' lang='lat' dir='ltr'><strong>vivificat</strong></span> <span class='ocrx_word' id='word_1_115' title='bbox 492 2252 699 2336; x_wconf 84' lang='lat' dir='ltr'><strong>spirituales,</strong></span> <span class='ocrx_word' id='word_1_116' title='bbox 720 2260 757 2316; x_wconf 90' lang='lat' dir='ltr'><strong>et</strong></span> <span class='ocrx_word' id='word_1_117' title='bbox 781 2252 995 2336; x_wconf 89' lang='lat' dir='ltr'><strong>redintegrat</strong></span> <span class='ocrx_word' id='word_1_118' title='bbox 1015 2253 1224 2337; x_wconf 87' lang='lat' dir='ltr'><strong>spiritualia:</strong></span> <span class='ocrx_word' id='word_1_119' title='bbox 1255 2254 1308 2318; x_wconf 92' lang='lat' dir='ltr'><strong>sol</strong></span> <span class='ocrx_word' id='word_1_120' title='bbox 1332 2265 1450 2321; x_wconf 89' lang='lat' dir='ltr'><strong>autern</strong></span> 
     </span>
     <span class='ocr_line' id='line_1_16' title="bbox 323 2348 1450 2433; baseline 0.004 -22"><span class='ocrx_word' id='word_1_121' title='bbox 323 2349 489 2412; x_wconf 89' lang='lat' dir='ltr'><strong>naturalis</strong></span> <span class='ocrx_word' id='word_1_122' title='bbox 507 2349 646 2433; x_wconf 86' lang='lat' dir='ltr'><strong>quidem</strong></span> <span class='ocrx_word' id='word_1_123' title='bbox 665 2348 822 2412; x_wconf 88' lang='lat' dir='ltr'><strong>similiter</strong></span> <span class='ocrx_word' id='word_1_124' title='bbox 840 2348 1017 2413; x_wconf 87' lang='lat' dir='ltr'><strong>naturales</strong></span> <span class='ocrx_word' id='word_1_125' title='bbox 1040 2361 1075 2414; x_wconf 89' lang='lat' dir='ltr'><strong>et</strong></span> <span class='ocrx_word' id='word_1_126' title='bbox 1099 2349 1279 2427; x_wconf 89' lang='lat' dir='ltr'><strong>naturalia,</strong></span> <span class='ocrx_word' id='word_1_127' title='bbox 1300 2351 1361 2414; x_wconf 90' lang='lat' dir='ltr'><strong>sed</strong></span> <span class='ocrx_word' id='word_1_128' title='bbox 1381 2371 1450 2415; x_wconf 90' lang='lat' dir='ltr'><strong>non</strong></span> 
     </span>
     <span class='ocr_line' id='line_1_17' title="bbox 323 2443 1449 2528; baseline 0.001 -18"><span class='ocrx_word' id='word_1_129' title='bbox 323 2466 368 2510; x_wconf 90' lang='lat' dir='ltr'><strong>ex</strong></span> <span class='ocrx_word' id='word_1_130' title='bbox 388 2465 436 2520; x_wconf 92' lang='lat' dir='ltr'><strong>se,</strong></span> <span class='ocrx_word' id='word_1_131' title='bbox 453 2465 572 2510; x_wconf 86' lang='lat' dir='ltr'><strong>verum</strong></span> <span class='ocrx_word' id='word_1_132' title='bbox 588 2465 649 2528; x_wconf 90' lang='lat' dir='ltr'><strong>per</strong></span> <span class='ocrx_word' id='word_1_133' title='bbox 666 2443 832 2509; x_wconf 89' lang='lat' dir='ltr'><strong>influxum</strong></span> <span class='ocrx_word' id='word_1_134' title='bbox 845 2444 968 2509; x_wconf 90' lang='lat' dir='ltr'><strong>caloris</strong></span> <span class='ocrx_word' id='word_1_135' title='bbox 984 2445 1182 2528; x_wconf 89' lang='lat' dir='ltr'><strong>spiritualis,</strong></span> <span class='ocrx_word' id='word_1_136' title='bbox 1194 2448 1248 2510; x_wconf 92' lang='lat' dir='ltr'><strong>cui</strong></span> <span class='ocrx_word' id='word_1_137' title='bbox 1265 2458 1449 2512; x_wconf 90' lang='lat' dir='ltr'><strong>succentu-</strong></span> 
     </span>
     <span class='ocr_line' id='line_1_18' title="bbox 322 2540 662 2623; baseline -0.006 -18"><span class='ocrx_word' id='word_1_138' title='bbox 322 2542 446 2606; x_wconf 88' lang='lat' dir='ltr'><strong>riatam</strong></span> <span class='ocrx_word' id='word_1_139' title='bbox 465 2559 567 2623; x_wconf 88' lang='lat' dir='ltr'><strong>opem</strong></span> <span class='ocrx_word' id='word_1_140' title='bbox 585 2540 662 2604; x_wconf 82' lang='lat' dir='ltr'><strong>sert.</strong></span> 
     </span>
     <span class='ocr_line' id='line_1_19' title="bbox 262 2635 1451 2720; baseline 0.003 -20"><span class='ocrx_word' id='word_1_141' title='bbox 262 2703 272 2718; x_wconf 51' lang='grc'><em>,</em></span> <span class='ocrx_word' id='word_1_142' title='bbox 386 2651 461 2720; x_wconf 79' lang='grc'><strong>94.</strong></span> <span class='ocrx_word' id='word_1_143' title='bbox 492 2635 557 2701; x_wconf 90' lang='lat' dir='ltr'><strong>Ille</strong></span> <span class='ocrx_word' id='word_1_144' title='bbox 575 2636 666 2719; x_wconf 90' lang='lat' dir='ltr'><strong>ignis</strong></span> <span class='ocrx_word' id='word_1_145' title='bbox 685 2635 884 2717; x_wconf 91' lang='lat' dir='ltr'><strong>spiritualis,</strong></span> <span class='ocrx_word' id='word_1_146' title='bbox 904 2636 938 2699; x_wconf 91' lang='lat' dir='ltr'><strong>in</strong></span> <span class='ocrx_word' id='word_1_147' title='bbox 957 2655 1025 2719; x_wconf 90' lang='lat' dir='ltr'><strong>quo</strong></span> <span class='ocrx_word' id='word_1_148' title='bbox 1045 2637 1150 2701; x_wconf 89' lang='lat' dir='ltr'><strong>etiam</strong></span> <span class='ocrx_word' id='word_1_149' title='bbox 1170 2636 1231 2701; x_wconf 89' lang='lat' dir='ltr'><strong>lux</strong></span> <span class='ocrx_word' id='word_1_150' title='bbox 1254 2648 1308 2703; x_wconf 90' lang='lat' dir='ltr'><strong>est</strong></span> <span class='ocrx_word' id='word_1_151' title='bbox 1331 2639 1366 2703; x_wconf 92' lang='lat' dir='ltr'><strong>in</strong></span> <span class='ocrx_word' id='word_1_152' title='bbox 1388 2659 1451 2704; x_wconf 90' lang='lat' dir='ltr'><strong>sua</strong></span> 
     </span>
     <span class='ocr_line' id='line_1_20' title="bbox 323 2730 1449 2818; baseline 0 -20"><span class='ocrx_word' id='word_1_153' title='bbox 323 2734 466 2815; x_wconf 90' lang='lat' dir='ltr'><strong>origine,</strong></span> <span class='ocrx_word' id='word_1_154' title='bbox 483 2731 521 2796; x_wconf 88' lang='lat' dir='ltr'><strong>fit</strong></span> <span class='ocrx_word' id='word_1_155' title='bbox 540 2731 636 2796; x_wconf 87' lang='lat' dir='ltr'><strong>calor</strong></span> <span class='ocrx_word' id='word_1_156' title='bbox 650 2741 686 2795; x_wconf 91' lang='lat' dir='ltr'><strong>et</strong></span> <span class='ocrx_word' id='word_1_157' title='bbox 703 2730 765 2794; x_wconf 90' lang='lat' dir='ltr'><strong>lux</strong></span> <span class='ocrx_word' id='word_1_158' title='bbox 781 2731 978 2814; x_wconf 90' lang='lat' dir='ltr'><strong>spiritualis,</strong></span> <span class='ocrx_word' id='word_1_159' title='bbox 992 2751 1079 2814; x_wconf 87' lang='lat' dir='ltr'><strong>quae</strong></span> <span class='ocrx_word' id='word_1_160' title='bbox 1095 2731 1302 2798; x_wconf 88' lang='lat' dir='ltr'><strong>decrescunt</strong></span> <span class='ocrx_word' id='word_1_161' title='bbox 1318 2734 1352 2797; x_wconf 91' lang='lat' dir='ltr'><strong>in</strong></span> <span class='ocrx_word' id='word_1_162' title='bbox 1369 2755 1449 2818; x_wconf 93' lang='lat' dir='ltr'><strong>pro·</strong></span> 
     </span>
     <span class='ocr_line' id='line_1_21' title="bbox 321 2825 1448 2912; baseline 0.001 -20"><span class='ocrx_word' id='word_1_163' title='bbox 321 2828 501 2905; x_wconf 89' lang='lat' dir='ltr'><strong>cedendo;</strong></span> <span class='ocrx_word' id='word_1_164' title='bbox 534 2838 571 2891; x_wconf 92' lang='lat' dir='ltr'><strong>et</strong></span> <span class='ocrx_word' id='word_1_165' title='bbox 601 2828 838 2892; x_wconf 88' lang='lat' dir='ltr'><strong>decrescentia</strong></span> <span class='ocrx_word' id='word_1_166' title='bbox 868 2825 905 2890; x_wconf 87' lang='lat' dir='ltr'><strong>fit</strong></span> <span class='ocrx_word' id='word_1_167' title='bbox 936 2847 997 2909; x_wconf 91' lang='lat' dir='ltr'><strong>per</strong></span> <span class='ocrx_word' id='word_1_168' title='bbox 1025 2827 1164 2910; x_wconf 91' lang='lat' dir='ltr'><strong>gradus,</strong></span> <span class='ocrx_word' id='word_1_169' title='bbox 1188 2829 1231 2892; x_wconf 91' lang='lat' dir='ltr'><strong>de</strong></span> <span class='ocrx_word' id='word_1_170' title='bbox 1262 2829 1384 2912; x_wconf 92' lang='lat' dir='ltr'><strong>quibus</strong></span> <span class='ocrx_word' id='word_1_171' title='bbox 1413 2831 1448 2893; x_wconf 90' lang='lat' dir='ltr'><strong>in</strong></span> 
     </span>
     <span class='ocr_line' id='line_1_22' title="bbox 321 2921 1448 3007; baseline 0.001 -20"><span class='ocrx_word' id='word_1_172' title='bbox 321 2925 554 3006; x_wconf 89' lang='lat' dir='ltr'><strong>sequentibus.</strong></span> <span class='ocrx_word' id='word_1_173' title='bbox 602 2922 679 2986; x_wconf 88' lang='lat' dir='ltr'><strong>Hoc</strong></span> <span class='ocrx_word' id='word_1_174' title='bbox 697 2921 741 2987; x_wconf 90' lang='lat' dir='ltr'><strong>ab</strong></span> <span class='ocrx_word' id='word_1_175' title='bbox 756 2923 907 3005; x_wconf 85' lang='lat' dir='ltr'><strong>antiquis</strong></span> <span class='ocrx_word' id='word_1_176' title='bbox 923 2933 1219 3005; x_wconf 88' lang='lat' dir='ltr'><strong>repraesentatum</strong></span> <span class='ocrx_word' id='word_1_177' title='bbox 1236 2934 1290 2988; x_wconf 90' lang='lat' dir='ltr'><strong>est</strong></span> <span class='ocrx_word' id='word_1_178' title='bbox 1306 2944 1367 3007; x_wconf 90' lang='lat' dir='ltr'><strong>per</strong></span> <span class='ocrx_word' id='word_1_179' title='bbox 1383 2925 1448 2989; x_wconf 91' lang='lat' dir='ltr'><strong>cir·</strong></span> 
     </span>
     <span class='ocr_line' id='line_1_23' title="bbox 321 3017 1448 3102; baseline 0 -19"><span class='ocrx_word' id='word_1_180' title='bbox 321 3019 418 3084; x_wconf 87' lang='lat' dir='ltr'><strong>culos</strong></span> <span class='ocrx_word' id='word_1_181' title='bbox 436 3040 482 3083; x_wconf 92' lang='lat' dir='ltr'><strong>ex</strong></span> <span class='ocrx_word' id='word_1_182' title='bbox 501 3021 582 3100; x_wconf 91' lang='lat' dir='ltr'><strong>igne</strong></span> <span class='ocrx_word' id='word_1_183' title='bbox 600 3019 723 3083; x_wconf 89' lang='lat' dir='ltr'><strong>rutilos</strong></span> <span class='ocrx_word' id='word_1_184' title='bbox 742 3027 841 3082; x_wconf 88' lang='lat' dir='ltr'><strong>etex</strong></span> <span class='ocrx_word' id='word_1_185' title='bbox 861 3018 938 3082; x_wconf 90' lang='lat' dir='ltr'><strong>luce</strong></span> <span class='ocrx_word' id='word_1_186' title='bbox 954 3017 1182 3101; x_wconf 89' lang='lat' dir='ltr'><strong>splendentes</strong></span> <span class='ocrx_word' id='word_1_187' title='bbox 1198 3019 1326 3083; x_wconf 86' lang='lat' dir='ltr'><strong>circum</strong></span> <span class='ocrx_word' id='word_1_188' title='bbox 1341 3027 1448 3102; x_wconf 92' lang='lat' dir='ltr'><strong>caput</strong></span> 
     </span>
     <span class='ocr_line' id='line_1_24' title="bbox 321 3112 1447 3198; baseline 0 -20"><span class='ocrx_word' id='word_1_189' title='bbox 321 3114 409 3193; x_wconf 89' lang='lat' dir='ltr'><strong>Dei;</strong></span> <span class='ocrx_word' id='word_1_190' title='bbox 430 3135 516 3198; x_wconf 92' lang='lat' dir='ltr'><strong>quae</strong></span> <span class='ocrx_word' id='word_1_191' title='bbox 535 3114 810 3196; x_wconf 86' lang='lat' dir='ltr'><strong>repraesentatio</strong></span> <span class='ocrx_word' id='word_1_192' title='bbox 829 3113 934 3177; x_wconf 89' lang='lat' dir='ltr'><strong>etiam</strong></span> <span class='ocrx_word' id='word_1_193' title='bbox 953 3112 1058 3177; x_wconf 89' lang='lat' dir='ltr'><strong>hodie</strong></span> <span class='ocrx_word' id='word_1_194' title='bbox 1074 3115 1266 3178; x_wconf 88' lang='lat' dir='ltr'><strong>communis</strong></span> <span class='ocrx_word' id='word_1_195' title='bbox 1285 3123 1351 3190; x_wconf 88' lang='lat' dir='ltr'><strong>est,</strong></span> <span class='ocrx_word' id='word_1_196' title='bbox 1368 3132 1447 3178; x_wconf 89' lang='lat' dir='ltr'><strong>cum</strong></span> 
     </span>
     <span class='ocr_line' id='line_1_25' title="bbox 321 3206 984 3291; baseline -0.005 -16"><span class='ocrx_word' id='word_1_197' title='bbox 321 3212 455 3275; x_wconf 89' lang='lat' dir='ltr'><strong>sistitur</strong></span> <span class='ocrx_word' id='word_1_198' title='bbox 474 3210 567 3273; x_wconf 89' lang='lat' dir='ltr'><strong>Deus</strong></span> <span class='ocrx_word' id='word_1_199' title='bbox 586 3219 624 3274; x_wconf 92' lang='lat' dir='ltr'><strong>ut</strong></span> <span class='ocrx_word' id='word_1_200' title='bbox 645 3208 762 3274; x_wconf 89' lang='lat' dir='ltr'>Homo</span> <span class='ocrx_word' id='word_1_201' title='bbox 780 3210 815 3273; x_wconf 91' lang='lat' dir='ltr'><strong>in</strong></span> <span class='ocrx_word' id='word_1_202' title='bbox 834 3206 984 3291; x_wconf 74' lang='lat' dir='ltr'><strong>pitiuris.</strong></span> 
     </span>
    </p>

    <p class='ocr_par' dir='ltr' id='par_1_5' title="bbox 319 3303 1447 4342">
     <span class='ocr_line' id='line_1_26' title="bbox 383 3303 1447 3391; baseline -0.001 -21"><span class='ocrx_word' id='word_1_203' title='bbox 383 3322 457 3391; x_wconf 72' lang='lat'><strong>95·</strong></span> <span class='ocrx_word' id='word_1_204' title='bbox 487 3303 590 3388; x_wconf 84' lang='lat' dir='ltr'><strong>Quod</strong></span> <span class='ocrx_word' id='word_1_205' title='bbox 606 3323 704 3369; x_wconf 89' lang='lat' dir='ltr'><strong>arnor</strong></span> <span class='ocrx_word' id='word_1_206' title='bbox 719 3305 890 3387; x_wconf 86' lang='lat' dir='ltr'><strong>producat</strong></span> <span class='ocrx_word' id='word_1_207' title='bbox 905 3303 1068 3380; x_wconf 89' lang='lat' dir='ltr'><strong>calorem,</strong></span> <span class='ocrx_word' id='word_1_208' title='bbox 1086 3312 1121 3368; x_wconf 91' lang='lat' dir='ltr'><strong>et</strong></span> <span class='ocrx_word' id='word_1_209' title='bbox 1141 3305 1310 3386; x_wconf 89' lang='lat' dir='ltr'><strong>sapientia</strong></span> <span class='ocrx_word' id='word_1_210' title='bbox 1322 3305 1447 3382; x_wconf 86' lang='lat' dir='ltr'><strong>lucem,</strong></span> 
     </span>
     <span class='ocr_line' id='line_1_27' title="bbox 320 3398 1447 3483; baseline -0.003 -16"><span class='ocrx_word' id='word_1_211' title='bbox 320 3402 540 3467; x_wconf 80' lang='lat' dir='ltr'><strong>manifestum</strong></span> <span class='ocrx_word' id='word_1_212' title='bbox 571 3411 625 3466; x_wconf 91' lang='lat' dir='ltr'><strong>est</strong></span> <span class='ocrx_word' id='word_1_213' title='bbox 656 3421 702 3464; x_wconf 89' lang='lat' dir='ltr'><strong>ex</strong></span> <span class='ocrx_word' id='word_1_214' title='bbox 733 3401 806 3483; x_wconf 90' lang='lat' dir='ltr'><strong>ipsa</strong></span> <span class='ocrx_word' id='word_1_215' title='bbox 832 3401 1070 3481; x_wconf 87' lang='lat' dir='ltr'><strong>experientia:</strong></span> <span class='ocrx_word' id='word_1_216' title='bbox 1103 3399 1209 3463; x_wconf 87' lang='lat' dir='ltr'><strong>homo</strong></span> <span class='ocrx_word' id='word_1_217' title='bbox 1239 3398 1321 3463; x_wconf 90' lang='lat' dir='ltr'><strong>dum</strong></span> <span class='ocrx_word' id='word_1_218' title='bbox 1351 3409 1447 3464; x_wconf 91' lang='lat' dir='ltr'><strong>amat</strong></span> 
     </span>
     <span class='ocr_line' id='line_1_28' title="bbox 319 3494 1446 3578; baseline -0.003 -17"><span class='ocrx_word' id='word_1_219' title='bbox 319 3497 512 3572; x_wconf 88' lang='lat' dir='ltr'><strong>incalescit,</strong></span> <span class='ocrx_word' id='word_1_220' title='bbox 533 3506 569 3561; x_wconf 91' lang='lat' dir='ltr'><strong>et</strong></span> <span class='ocrx_word' id='word_1_221' title='bbox 588 3515 666 3560; x_wconf 90' lang='lat' dir='ltr'><strong>cum</strong></span> <span class='ocrx_word' id='word_1_222' title='bbox 690 3517 736 3560; x_wconf 92' lang='lat' dir='ltr'><strong>ex</strong></span> <span class='ocrx_word' id='word_1_223' title='bbox 760 3496 932 3578; x_wconf 91' lang='lat' dir='ltr'><strong>sapientia</strong></span> <span class='ocrx_word' id='word_1_224' title='bbox 949 3496 1084 3577; x_wconf 90' lang='lat' dir='ltr'><strong>cogitat</strong></span> <span class='ocrx_word' id='word_1_225' title='bbox 1102 3494 1200 3559; x_wconf 90' lang='lat' dir='ltr'><strong>videt</strong></span> <span class='ocrx_word' id='word_1_226' title='bbox 1218 3515 1273 3558; x_wconf 92' lang='lat' dir='ltr'><strong>res</strong></span> <span class='ocrx_word' id='word_1_227' title='bbox 1292 3497 1388 3577; x_wconf 92' lang='lat' dir='ltr'><strong>quasi</strong></span> <span class='ocrx_word' id='word_1_228' title='bbox 1411 3496 1446 3558; x_wconf 93' lang='lat' dir='ltr'><strong>in</strong></span> 
     </span>
     <span class='ocr_line' id='line_1_29' title="bbox 321 3590 1446 3674; baseline -0.002 -19"><span class='ocrx_word' id='word_1_229' title='bbox 321 3592 418 3670; x_wconf 86' lang='lat' dir='ltr'><strong>luce;</strong></span> <span class='ocrx_word' id='word_1_230' title='bbox 449 3612 495 3655; x_wconf 94' lang='lat' dir='ltr'><strong>ex</strong></span> <span class='ocrx_word' id='word_1_231' title='bbox 522 3611 591 3674; x_wconf 91' lang='lat' dir='ltr'><strong>quo</strong></span> <span class='ocrx_word' id='word_1_232' title='bbox 613 3600 724 3673; x_wconf 90' lang='lat' dir='ltr'><strong>patet,</strong></span> <span class='ocrx_word' id='word_1_233' title='bbox 750 3590 843 3674; x_wconf 93' lang='lat' dir='ltr'><strong>quod</strong></span> <span class='ocrx_word' id='word_1_234' title='bbox 866 3591 1010 3673; x_wconf 91' lang='lat' dir='ltr'><strong>primurn</strong></span> <span class='ocrx_word' id='word_1_235' title='bbox 1035 3591 1228 3670; x_wconf 91' lang='lat' dir='ltr'><strong>procedens</strong></span> <span class='ocrx_word' id='word_1_236' title='bbox 1251 3592 1377 3654; x_wconf 89' lang='lat' dir='ltr'><strong>amoris</strong></span> <span class='ocrx_word' id='word_1_237' title='bbox 1400 3591 1446 3653; x_wconf 90' lang='lat' dir='ltr'><strong>sit</strong></span> 
     </span>
     <span class='ocr_line' id='line_1_30' title="bbox 320 3681 1445 3769; baseline -0.004 -19"><span class='ocrx_word' id='word_1_238' title='bbox 320 3686 425 3761; x_wconf 86' lang='lat' dir='ltr'><strong>calor,</strong></span> <span class='ocrx_word' id='word_1_239' title='bbox 439 3695 475 3750; x_wconf 92' lang='lat' dir='ltr'><strong>et</strong></span> <span class='ocrx_word' id='word_1_240' title='bbox 492 3687 637 3769; x_wconf 89' lang='lat' dir='ltr'><strong>primurn</strong></span> <span class='ocrx_word' id='word_1_241' title='bbox 654 3687 846 3768; x_wconf 89' lang='lat' dir='ltr'><strong>procedens</strong></span> <span class='ocrx_word' id='word_1_242' title='bbox 862 3686 1052 3767; x_wconf 88' lang='lat' dir='ltr'><strong>sapientiae</strong></span> <span class='ocrx_word' id='word_1_243' title='bbox 1069 3685 1114 3747; x_wconf 92' lang='lat' dir='ltr'><strong>sit</strong></span> <span class='ocrx_word' id='word_1_244' title='bbox 1131 3684 1202 3747; x_wconf 90' lang='lat' dir='ltr'><strong>lux.</strong></span> <span class='ocrx_word' id='word_1_245' title='bbox 1249 3681 1351 3766; x_wconf 91' lang='lat' dir='ltr'><strong>Quod</strong></span> <span class='ocrx_word' id='word_1_246' title='bbox 1368 3703 1445 3746; x_wconf 91' lang='lat' dir='ltr'><strong>cor·</strong></span> 
     </span>
     <span class='ocr_line' id='line_1_31' title="bbox 319 3779 1445 3864; baseline -0.002 -20"><span class='ocrx_word' id='word_1_247' title='bbox 319 3781 587 3864; x_wconf 90' lang='lat' dir='ltr'><strong>respondentiae</strong></span> <span class='ocrx_word' id='word_1_248' title='bbox 606 3781 675 3844; x_wconf 90' lang='lat' dir='ltr'><strong>sint</strong></span> <span class='ocrx_word' id='word_1_249' title='bbox 692 3781 809 3855; x_wconf 91' lang='lat' dir='ltr'><strong>etiam,</strong></span> <span class='ocrx_word' id='word_1_250' title='bbox 827 3790 945 3862; x_wconf 91' lang='lat' dir='ltr'><strong>patet;</strong></span> <span class='ocrx_word' id='word_1_251' title='bbox 970 3798 1048 3842; x_wconf 90' lang='lat' dir='ltr'><strong>narn</strong></span> <span class='ocrx_word' id='word_1_252' title='bbox 1066 3779 1160 3842; x_wconf 91' lang='lat' dir='ltr'><strong>calor</strong></span> <span class='ocrx_word' id='word_1_253' title='bbox 1179 3799 1249 3842; x_wconf 90' lang='lat' dir='ltr'><strong>non</strong></span> <span class='ocrx_word' id='word_1_254' title='bbox 1268 3781 1391 3842; x_wconf 88' lang='lat' dir='ltr'><strong>existit</strong></span> <span class='ocrx_word' id='word_1_255' title='bbox 1411 3781 1445 3842; x_wconf 92' lang='lat' dir='ltr'><strong>in</strong></span> 
     </span>
     <span class='ocr_line' id='line_1_32' title="bbox 319 3876 1446 3958; baseline -0.002 -18"><span class='ocrx_word' id='word_1_256' title='bbox 319 3876 396 3958; x_wconf 91' lang='lat' dir='ltr'><strong>ipso</strong></span> <span class='ocrx_word' id='word_1_257' title='bbox 414 3895 542 3952; x_wconf 90' lang='lat' dir='ltr'><strong>amore,</strong></span> <span class='ocrx_word' id='word_1_258' title='bbox 562 3876 622 3940; x_wconf 89' lang='lat' dir='ltr'><strong>sed</strong></span> <span class='ocrx_word' id='word_1_259' title='bbox 646 3899 691 3941; x_wconf 91' lang='lat' dir='ltr'><strong>ex</strong></span> <span class='ocrx_word' id='word_1_260' title='bbox 714 3877 775 3940; x_wconf 93' lang='lat' dir='ltr'><strong>illo</strong></span> <span class='ocrx_word' id='word_1_261' title='bbox 798 3877 830 3939; x_wconf 92' lang='lat' dir='ltr'><strong>in</strong></span> <span class='ocrx_word' id='word_1_262' title='bbox 854 3877 1035 3939; x_wconf 91' lang='lat' dir='ltr'><strong>voluntate</strong></span> <span class='ocrx_word' id='word_1_263' title='bbox 1060 3885 1095 3939; x_wconf 92' lang='lat' dir='ltr'><strong>et</strong></span> <span class='ocrx_word' id='word_1_264' title='bbox 1119 3876 1198 3939; x_wconf 91' lang='lat' dir='ltr'><strong>inde</strong></span> <span class='ocrx_word' id='word_1_265' title='bbox 1222 3877 1256 3937; x_wconf 90' lang='lat' dir='ltr'><strong>in</strong></span> <span class='ocrx_word' id='word_1_266' title='bbox 1280 3895 1446 3958; x_wconf 77' lang='lat' dir='ltr'><strong>corpore3</strong></span> 
     </span>
     <span class='ocr_line' id='line_1_33' title="bbox 320 3967 1444 4054; baseline -0.002 -18"><span class='ocrx_word' id='word_1_267' title='bbox 320 3983 357 4036; x_wconf 92' lang='lat' dir='ltr'><strong>et</strong></span> <span class='ocrx_word' id='word_1_268' title='bbox 376 3972 436 4036; x_wconf 90' lang='lat' dir='ltr'><strong>lux</strong></span> <span class='ocrx_word' id='word_1_269' title='bbox 457 3993 526 4036; x_wconf 91' lang='lat' dir='ltr'><strong>non</strong></span> <span class='ocrx_word' id='word_1_270' title='bbox 545 3974 667 4037; x_wconf 85' lang='lat' dir='ltr'><strong>existit</strong></span> <span class='ocrx_word' id='word_1_271' title='bbox 690 3974 724 4036; x_wconf 94' lang='lat' dir='ltr'><strong>in</strong></span> <span class='ocrx_word' id='word_1_272' title='bbox 748 3973 928 4054; x_wconf 88' lang='lat' dir='ltr'><strong>sapientia,</strong></span> <span class='ocrx_word' id='word_1_273' title='bbox 950 3972 1009 4034; x_wconf 89' lang='lat' dir='ltr'><strong>sed</strong></span> <span class='ocrx_word' id='word_1_274' title='bbox 1034 3972 1067 4034; x_wconf 93' lang='lat' dir='ltr'><strong>in</strong></span> <span class='ocrx_word' id='word_1_275' title='bbox 1092 3967 1290 4034; x_wconf 72' lang='lat' dir='ltr'><strong>intellettus</strong></span> <span class='ocrx_word' id='word_1_276' title='bbox 1309 3971 1444 4053; x_wconf 88' lang='lat' dir='ltr'><strong>cogita·</strong></span> 
     </span>
     <span class='ocr_line' id='line_1_34' title="bbox 320 4065 1445 4151; baseline -0.001 -20"><span class='ocrx_word' id='word_1_277' title='bbox 320 4069 416 4132; x_wconf 92' lang='lat' dir='ltr'><strong>tione</strong></span> <span class='ocrx_word' id='word_1_278' title='bbox 439 4076 476 4132; x_wconf 92' lang='lat' dir='ltr'><strong>et</strong></span> <span class='ocrx_word' id='word_1_279' title='bbox 499 4069 578 4131; x_wconf 89' lang='lat' dir='ltr'><strong>inde</strong></span> <span class='ocrx_word' id='word_1_280' title='bbox 601 4069 634 4131; x_wconf 93' lang='lat' dir='ltr'><strong>in</strong></span> <span class='ocrx_word' id='word_1_281' title='bbox 659 4068 806 4151; x_wconf 89' lang='lat' dir='ltr'><strong>loquela.</strong></span> <span class='ocrx_word' id='word_1_282' title='bbox 853 4065 967 4149; x_wconf 85' lang='lat' dir='ltr'><strong>Quare</strong></span> <span class='ocrx_word' id='word_1_283' title='bbox 990 4086 1087 4130; x_wconf 91' lang='lat' dir='ltr'><strong>amor</strong></span> <span class='ocrx_word' id='word_1_284' title='bbox 1110 4076 1146 4128; x_wconf 91' lang='lat' dir='ltr'><strong>et</strong></span> <span class='ocrx_word' id='word_1_285' title='bbox 1173 4067 1342 4148; x_wconf 88' lang='lat' dir='ltr'><strong>sapientia</strong></span> <span class='ocrx_word' id='word_1_286' title='bbox 1365 4075 1445 4130; x_wconf 92' lang='lat' dir='ltr'><strong>sunt</strong></span> 
     </span>
     <span class='ocr_line' id='line_1_35' title="bbox 321 4158 1444 4243; baseline -0.004 -16"><span class='ocrx_word' id='word_1_287' title='bbox 321 4165 473 4228; x_wconf 88' lang='lat' dir='ltr'><strong>essentia</strong></span> <span class='ocrx_word' id='word_1_288' title='bbox 485 4173 521 4227; x_wconf 92' lang='lat' dir='ltr'><strong>et</strong></span> <span class='ocrx_word' id='word_1_289' title='bbox 532 4163 604 4226; x_wconf 91' lang='lat' dir='ltr'><strong>vita</strong></span> <span class='ocrx_word' id='word_1_290' title='bbox 616 4162 740 4226; x_wconf 89' lang='lat' dir='ltr'><strong>caloris</strong></span> <span class='ocrx_word' id='word_1_291' title='bbox 752 4173 787 4226; x_wconf 91' lang='lat' dir='ltr'><strong>et</strong></span> <span class='ocrx_word' id='word_1_292' title='bbox 796 4162 899 4225; x_wconf 90' lang='lat' dir='ltr'><strong>lucis:</strong></span> <span class='ocrx_word' id='word_1_293' title='bbox 925 4161 1019 4224; x_wconf 91' lang='lat' dir='ltr'><strong>calor</strong></span> <span class='ocrx_word' id='word_1_294' title='bbox 1032 4171 1067 4224; x_wconf 91' lang='lat' dir='ltr'><strong>et</strong></span> <span class='ocrx_word' id='word_1_295' title='bbox 1081 4158 1141 4223; x_wconf 92' lang='lat' dir='ltr'><strong>lux</strong></span> <span class='ocrx_word' id='word_1_296' title='bbox 1158 4170 1237 4223; x_wconf 90' lang='lat' dir='ltr'><strong>sunt</strong></span> <span class='ocrx_word' id='word_1_297' title='bbox 1253 4161 1444 4243; x_wconf 91' lang='lat' dir='ltr'><strong>proceden-</strong></span> 
     </span>
     <span class='ocr_line' id='line_1_36' title="bbox 321 4255 1446 4342; baseline -0.004 -19"><span class='ocrx_word' id='word_1_298' title='bbox 321 4259 371 4323; x_wconf 90' lang='lat' dir='ltr'><strong>tia</strong></span> <span class='ocrx_word' id='word_1_299' title='bbox 383 4280 391 4336; x_wconf 87' lang='lat'>;</span> <span class='ocrx_word' id='word_1_300' title='bbox 415 4269 451 4322; x_wconf 91' lang='lat' dir='ltr'><strong>et</strong></span> <span class='ocrx_word' id='word_1_301' title='bbox 467 4259 545 4342; x_wconf 89' lang='lat' dir='ltr'><strong>quia</strong></span> <span class='ocrx_word' id='word_1_302' title='bbox 558 4268 636 4322; x_wconf 89' lang='lat' dir='ltr'><strong>sunt</strong></span> <span class='ocrx_word' id='word_1_303' title='bbox 650 4259 883 4341; x_wconf 89' lang='lat' dir='ltr'><strong>procedentia,</strong></span> <span class='ocrx_word' id='word_1_304' title='bbox 896 4268 975 4320; x_wconf 91' lang='lat' dir='ltr'><strong>sunt</strong></span> <span class='ocrx_word' id='word_1_305' title='bbox 988 4257 1093 4319; x_wconf 91' lang='lat' dir='ltr'><strong>etiam</strong></span> <span class='ocrx_word' id='word_1_306' title='bbox 1107 4255 1446 4338; x_wconf 90' lang='lat' dir='ltr'><strong>correspondentiae.</strong></span> 
     </span>
    </p>

    <p class='ocr_par' dir='ltr' id='par_1_6' title="bbox 321 4347 1448 4724">
     <span class='ocr_line' id='line_1_37' title="bbox 385 4347 1447 4436; baseline -0.001 -20"><span class='ocrx_word' id='word_1_307' title='bbox 385 4352 460 4434; x_wconf 80' lang='lat'><strong>96·</strong></span> <span class='ocrx_word' id='word_1_308' title='bbox 491 4351 592 4435; x_wconf 85' lang='lat' dir='ltr'><strong>Quod</strong></span> <span class='ocrx_word' id='word_1_309' title='bbox 617 4353 677 4417; x_wconf 92' lang='lat' dir='ltr'><strong>lux</strong></span> <span class='ocrx_word' id='word_1_310' title='bbox 701 4355 886 4436; x_wconf 90' lang='lat' dir='ltr'><strong>spiritualis</strong></span> <span class='ocrx_word' id='word_1_311' title='bbox 909 4353 953 4417; x_wconf 90' lang='lat' dir='ltr'><strong>sit</strong></span> <span class='ocrx_word' id='word_1_312' title='bbox 977 4372 1116 4434; x_wconf 91' lang='lat' dir='ltr'><strong>prorsus</strong></span> <span class='ocrx_word' id='word_1_313' title='bbox 1140 4347 1303 4416; x_wconf 64' lang='lat' dir='ltr'><strong>distincta</strong></span> <span class='ocrx_word' id='word_1_314' title='bbox 1325 4371 1345 4414; x_wconf 91' lang='lat' dir='ltr'><strong>a</strong></span> <span class='ocrx_word' id='word_1_315' title='bbox 1369 4350 1447 4415; x_wconf 87' lang='lat' dir='ltr'><strong>luce</strong></span> 
     </span>
     <span class='ocr_line' id='line_1_38' title="bbox 322 4447 1448 4532; baseline -0.001 -23"><span class='ocrx_word' id='word_1_316' title='bbox 322 4448 480 4522; x_wconf 90' lang='lat' dir='ltr'><strong>naturali,</strong></span> <span class='ocrx_word' id='word_1_317' title='bbox 491 4459 610 4532; x_wconf 92' lang='lat' dir='ltr'><strong>potest</strong></span> <span class='ocrx_word' id='word_1_318' title='bbox 621 4449 763 4532; x_wconf 92' lang='lat' dir='ltr'><strong>quisque</strong></span> <span class='ocrx_word' id='word_1_319' title='bbox 775 4450 873 4522; x_wconf 88' lang='lat' dir='ltr'><strong>scire,</strong></span> <span class='ocrx_word' id='word_1_320' title='bbox 887 4449 915 4512; x_wconf 92' lang='lat' dir='ltr'><strong>si</strong></span> <span class='ocrx_word' id='word_1_321' title='bbox 925 4449 967 4512; x_wconf 92' lang='lat' dir='ltr'><strong>ad</strong></span> <span class='ocrx_word' id='word_1_322' title='bbox 982 4449 1108 4511; x_wconf 88' lang='lat' dir='ltr'><strong>mentis</strong></span> <span class='ocrx_word' id='word_1_323' title='bbox 1121 4467 1200 4510; x_wconf 91' lang='lat' dir='ltr'><strong>suae</strong></span> <span class='ocrx_word' id='word_1_324' title='bbox 1213 4447 1448 4529; x_wconf 83' lang='lat' dir='ltr'><strong>cogitationes</strong></span> 
     </span>
     <span class='ocr_line' id='line_1_39' title="bbox 321 4539 1446 4626; baseline -0.003 -19"><span class='ocrx_word' id='word_1_325' title='bbox 321 4545 485 4608; x_wconf 91' lang='lat' dir='ltr'><strong>attendit.</strong></span> <span class='ocrx_word' id='word_1_326' title='bbox 515 4543 616 4608; x_wconf 92' lang='lat' dir='ltr'><strong>Mens</strong></span> <span class='ocrx_word' id='word_1_327' title='bbox 629 4544 720 4607; x_wconf 89' lang='lat' dir='ltr'><strong>enim</strong></span> <span class='ocrx_word' id='word_1_328' title='bbox 734 4564 810 4607; x_wconf 90' lang='lat' dir='ltr'><strong>cum</strong></span> <span class='ocrx_word' id='word_1_329' title='bbox 824 4544 968 4626; x_wconf 87' lang='lat' dir='ltr'><strong>cogitat,</strong></span> <span class='ocrx_word' id='word_1_330' title='bbox 979 4544 1074 4606; x_wconf 91' lang='lat' dir='ltr'><strong>videt</strong></span> <span class='ocrx_word' id='word_1_331' title='bbox 1088 4539 1222 4624; x_wconf 65' lang='lat' dir='ltr'><strong>objedta</strong></span> <span class='ocrx_word' id='word_1_332' title='bbox 1234 4563 1294 4605; x_wconf 91' lang='lat' dir='ltr'><strong>sua</strong></span> <span class='ocrx_word' id='word_1_333' title='bbox 1310 4543 1343 4605; x_wconf 91' lang='lat' dir='ltr'><strong>in</strong></span> <span class='ocrx_word' id='word_1_334' title='bbox 1357 4541 1446 4618; x_wconf 89' lang='lat' dir='ltr'><strong>luce,</strong></span> 
     </span>
     <span class='ocr_line' id='line_1_40' title="bbox 321 4637 1446 4724; baseline -0.003 -21"><span class='ocrx_word' id='word_1_335' title='bbox 321 4648 360 4703; x_wconf 91' lang='lat' dir='ltr'><strong>et</strong></span> <span class='ocrx_word' id='word_1_336' title='bbox 371 4638 422 4702; x_wconf 93' lang='lat' dir='ltr'><strong>illi</strong></span> <span class='ocrx_word' id='word_1_337' title='bbox 431 4640 487 4724; x_wconf 93' lang='lat' dir='ltr'><strong>qui</strong></span> <span class='ocrx_word' id='word_1_338' title='bbox 500 4638 724 4722; x_wconf 89' lang='lat' dir='ltr'><strong>spiritualiter</strong></span> <span class='ocrx_word' id='word_1_339' title='bbox 736 4640 903 4721; x_wconf 87' lang='lat' dir='ltr'><strong>cogitant,</strong></span> <span class='ocrx_word' id='word_1_340' title='bbox 913 4640 1034 4703; x_wconf 87' lang='lat' dir='ltr'><strong>vident</strong></span> <span class='ocrx_word' id='word_1_341' title='bbox 1048 4660 1139 4712; x_wconf 90' lang='lat' dir='ltr'><strong>vera,</strong></span> <span class='ocrx_word' id='word_1_342' title='bbox 1154 4648 1190 4703; x_wconf 93' lang='lat' dir='ltr'><strong>et</strong></span> <span class='ocrx_word' id='word_1_343' title='bbox 1203 4637 1268 4702; x_wconf 92' lang='lat' dir='ltr'><strong>hoc</strong></span> <span class='ocrx_word' id='word_1_344' title='bbox 1282 4639 1315 4700; x_wconf 93' lang='lat' dir='ltr'><strong>in</strong></span> <span class='ocrx_word' id='word_1_345' title='bbox 1332 4637 1446 4701; x_wconf 89' lang='lat' dir='ltr'><strong>media</strong></span> 
     </span>
    </p>
   </div>
   <div class='ocr_carea' id='block_1_4' title="bbox 0 0 1684 5384">
    <p class='ocr_par' dir='ltr' id='par_1_7' title="bbox 0 0 1684 5384">
     <span class='ocr_line' id='line_1_41' title="bbox 0 0 1684 5384; baseline 0 2"><span class='ocrx_word' id='word_1_346' title='bbox 0 0 1684 5384; x_wconf 95' lang='lat' dir='ltr'><strong> </strong></span> 
     </span>
    </p>
   </div>
  </div>
 </body>
</html>
