3418 5370
352 639 413 707 ²52
716 635 921 688 seersum
944 638 1140 690 nuestus

417 827 522 896 3⁰4.
550 812 708 896 Jueunda
722 810 793 887 illa,
814 811 893 896 quia
911 811 1040 876 faciunt
1058 813 1166 877 vitam
1182 813 1330 896 cujusvis
1352 812 1386 877 in
1409 813 1483 877 sin·

353 907 474 992 gulari,
495 919 530 972 et
550 911 701 972 omnium
722 909 755 971 in
773 909 957 983 communi,
975 929 1043 972 non
1062 909 1259 971 sentiuntur
1277 909 1320 971 ab
1338 909 1405 971 illis
1425 908 1485 992 qui

352 1004 386 1067 in
401 1003 467 1066 illis
480 1014 571 1080 sunt,
585 1004 646 1067 sed
659 1005 821 1087 opposita
833 1004 1029 1068 sentiuntur
1039 1004 1178 1086 quando
1189 1005 1482 1087 appropinquant,

353 1100 519 1183 imprimis
536 1119 613 1162 cum
633 1111 815 1163 vertuntur
830 1099 864 1162 in
883 1100 1031 1179 odores;
1055 1098 1235 1182 quodlibet
1253 1101 1344 1163 enim
1358 1098 1482 1182 jucun·

354 1195 435 1258 dum
459 1195 708 1276 correspondet
732 1194 840 1271 odori,
864 1214 904 1258 ac
934 1195 968 1258 in
995 1193 1164 1276 spirituali
1187 1195 1315 1258 mundo
1338 1195 1372 1258 in
1395 1193 1482 1257 illud

353 1289 510 1354 converti
533 1300 671 1371 potest;
703 1299 740 1354 et
764 1301 845 1354 tunc
865 1291 1014 1354 sentitur
1033 1310 1216 1354 commune
1235 1289 1421 1372 jucundum
1445 1290 1482 1354 in

353 1385 462 1460 caelo,
480 1387 568 1449 sicut
588 1385 674 1450 odor
688 1385 791 1462 horti,
808 1405 887 1449 cum
903 1385 1074 1449 varietate
1090 1385 1277 1449 secundum
1294 1385 1483 1467 fragrantia

353 1481 399 1544 ibi
422 1502 467 1544 ex
487 1480 624 1544 floribus
643 1491 679 1544 et
699 1479 882 1559 fructibus;
905 1489 942 1544 et
963 1500 1144 1544 commune
1160 1479 1345 1562 jucundum
1369 1482 1402 1543 in
1426 1483 1481 1543 in·

353 1576 449 1639 ferno
469 1577 616 1639 sentitur
636 1577 725 1640 sicut
744 1585 908 1658 stagnata
924 1597 1014 1658 aqua
1032 1576 1066 1638 in
1086 1595 1188 1659 quam
1209 1573 1383 1657 conjedtae
1399 1586 1482 1640 sunt

353 1671 510 1734 diversae
530 1672 661 1746 sordes,
680 1691 756 1734 cum
779 1673 951 1734 varietate
970 1671 1161 1734 secundum
1184 1670 1408 1732 maleolentia
1432 1693 1480 1734 ex

354 1767 511 1848 putribus
536 1776 572 1830 et
596 1766 766 1830 nidorosis
795 1767 889 1830 inibi.
934 1763 1121 1848 Quomodo
1149 1775 1265 1828 autem
1291 1763 1481 1847 jucundum

353 1859 498 1943 cujusvis
511 1859 700 1925 affeiiionis
713 1861 793 1925 boni
810 1863 843 1924 in
860 1860 969 1936 caelo,
984 1871 1019 1925 et
1032 1860 1220 1944 jucundum
1233 1863 1482 1942 concupiscen-

353 1957 424 2020 tiae
446 1957 528 2020 mali
550 1959 585 2020 in
609 1957 752 2032 inferno,
772 1957 932 2032 sentitur,
952 1956 1074 2020 datum
1093 1957 1200 2020 etiam
1223 1963 1278 2019 est
1300 1957 1397 2032 scire,
1418 1955 1483 2020 sed

351 2050 525 2135 prolixum
545 2052 633 2116 soret
652 2053 706 2116 hic
727 2051 812 2116 illud
831 2072 1018 2135 exponere.

416 2161 519 2230 3⁰5·
553 2146 682 2211 Audivi
712 2148 827 2230 plures
856 2149 1009 2210 advenas
1041 2168 1061 2211 e
1095 2148 1224 2211 mundo
1254 2159 1479 2230 conquestos,

352 2242 444 2326 quod
462 2262 531 2306 non
549 2243 711 2306 sciverint
728 2243 819 2325 quod
835 2263 910 2307 sors
926 2244 1018 2306 vitae
1034 2242 1169 2306 illorum
1186 2245 1273 2307 foret
1290 2245 1480 2308 secundum

351 2336 550 2404 affectiones
569 2340 695 2401 amoris
715 2338 871 2416 illorum;
899 2339 1056 2402 dicentes
1080 2339 1172 2422 quod
1198 2340 1233 2403 in
1257 2339 1385 2402 mundo
1408 2359 1480 2402 non

352 2436 396 2499 de
425 2434 491 2497 illis
515 2435 757 2515 cogitaverint,
782 2436 894 2497 minus
916 2433 960 2497 de
985 2433 1144 2517 jucundis
1166 2433 1314 2508 illorum,
1339 2436 1417 2516 quia
1443 2433 1479 2497 id

352 2540 554 2594 amaverunt
574 2530 664 2612 quod
680 2528 867 2612 jucundum
887 2528 953 2593 illis
972 2530 1055 2608 fuit;
1078 2541 1114 2593 et
1133 2531 1225 2613 quod
1241 2529 1351 2592 solum
1367 2531 1479 2593 credi-

353 2627 477 2702 derint,
502 2625 593 2707 quod
618 2625 724 2687 cuivis
748 2645 822 2688 sors
844 2635 939 2688 esset
963 2625 1151 2687 secundum
1175 2625 1408 2706 cogitationes
1431 2644 1478 2688 ex

352 2720 596 2802 intelligentia,
617 2721 783 2800 imprimis
799 2719 990 2784 secundum
1007 2721 1242 2802 cogitationes
1264 2741 1309 2783 ex
1334 2721 1477 2800 pietate,

352 2826 388 2880 et
411 2838 546 2899 quoque
574 2837 620 2880 ex
651 2815 727 2879 lide.
772 2813 841 2880 Sed
871 2815 939 2879 illis
962 2836 1163 2899 responsum
1186 2827 1252 2890 est,
1276 2817 1367 2900 quod
1390 2818 1478 2880 scire

352 2913 528 2995 potuerint
555 2912 583 2974 si
616 2911 799 2986 voluerint,
828 2911 919 2994 quod
949 2911 1078 2974 malum
1106 2913 1200 2975 vitae
1230 2913 1275 2975 sit
1303 2913 1476 2993 ingratum

353 3007 450 3070 caelo
466 3017 502 3071 et
521 3006 741 3088 injucundum
761 3007 848 3082 De0,
865 3027 904 3070 ac
923 3017 1061 3088 gratum
1078 3006 1211 3070 inferno
1230 3027 1269 3069 ac
1289 3005 1476 3089 jucundum

352 3103 511 3182 diabolo;
536 3115 571 3166 et
595 3103 756 3177 vicissim,
777 3103 868 3186 quod
887 3102 1016 3164 bonum
1034 3103 1128 3165 vitae
1151 3104 1197 3166 sit
1221 3113 1358 3185 gratum
1378 3104 1478 3168 caelo

351 3219 390 3262 ac
406 3198 592 3280 jucundum
610 3199 697 3273 Deo,
714 3218 753 3262 ac
774 3199 947 3279 ingratum
962 3198 1095 3262 inferno
1110 3208 1146 3262 et
1165 3197 1384 3280 injucundum
1401 3201 1475 3263 dia·

351 3295 443 3372 bolo,
464 3305 499 3359 et
520 3296 598 3358 inde
617 3315 752 3377 quoque
771 3295 863 3378 quod
882 3292 1010 3356 malum
1029 3293 1063 3357 in
1082 3315 1119 3358 se
1138 3304 1270 3376 puteat,
1290 3313 1329 3356 ac
1347 3295 1475 3359 bonum

350 3391 383 3454 in
404 3414 441 3456 se
460 3391 609 3472 fragret:
634 3401 670 3454 et
690 3409 767 3454 cum
786 3390 819 3452 id
840 3399 1025 3471 potuerunt
1044 3391 1129 3453 scire
1152 3389 1181 3452 si
1202 3389 1396 3460 voluerunt,
1417 3411 1477 3455 cur

352 3508 420 3551 non
442 3487 603 3569 fugerunt
627 3486 718 3549 mala
738 3494 774 3548 ut
796 3485 975 3549 infernalia
998 3495 1034 3548 et
1058 3485 1239 3559 diabolica,
1264 3494 1299 3548 et
1323 3505 1381 3548 cur
1408 3485 1476 3550 illis

350 3584 506 3647 faverunt
530 3605 575 3645 ex
600 3583 699 3646 unica
723 3601 827 3644 causa
849 3582 928 3664 quia
947 3579 1098 3662 jucunda
1119 3579 1277 3644 fuerunt?
1321 3579 1367 3644 Et
1395 3583 1476 3662 quia

352 3700 440 3744 nunc
465 3679 577 3742 sciunt
601 3679 693 3762 quod
713 3677 863 3759 jucunda
886 3675 967 3738 mali
997 3686 1070 3739 tam
1097 3684 1189 3740 tetre
1212 3674 1343 3751 oleant,
1367 3678 1474 3742 etiam

351 3777 437 3839 scire
461 3785 606 3858 possunt
631 3774 721 3857 quod
751 3774 801 3836 ita
830 3780 1010 3834 scatentes
1037 3790 1107 3833 non
1139 3771 1173 3834 in
1200 3770 1333 3835 caelum
1356 3774 1475 3836 venire

352 3873 494 3952 possint.
541 3871 623 3934 Post
646 3869 711 3933 hoc
732 3886 934 3951 responsum
954 3866 1176 3930 contulerunt
1197 3886 1235 3930 se
1259 3867 1303 3930 ad
1321 3865 1398 3930 illos
1417 3865 1475 3951 qui

351 3969 383 4031 in
404 3969 569 4032 similibus
585 3966 744 4051 jucundis
762 3974 873 4041 erant,
893 3963 973 4047 quia
988 3962 1035 4026 ibi
1057 3970 1093 4026 et
1117 3981 1186 4025 non
1205 3961 1287 4026 alibi
1305 3962 1474 4045 respirare

351 4075 547 4147 potuerunt.

414 4163 519 4247 306.
549 4162 607 4227 Ex
623 4163 701 4226 idea
718 4159 804 4225 caeli
823 4170 860 4224 et
875 4156 996 4222 inferni
1013 4174 1101 4219 nunc
1118 4154 1202 4218 data
1217 4163 1379 4218 constare
1395 4164 1475 4236 pot·

350 4269 404 4325 est
427 4258 537 4342 qualis
559 4269 613 4322 est
637 4278 735 4322 mens
758 4256 928 4333 hominis;
961 4271 1051 4328 nam,
1077 4259 1114 4314 ut
1139 4245 1267 4313 dietum
1290 4258 1354 4324 est,
1375 4267 1475 4315 mens

350 4377 410 4420 seu
429 4355 567 4438 spiritus
586 4354 735 4418 hominis
758 4361 811 4416 est
834 4353 869 4414 in
892 4352 1032 4415 minima
1052 4347 1159 4411 forma
1182 4343 1237 4408 vel
1260 4344 1394 4408 caelum
1417 4341 1475 4410 vel

349 4452 538 4528 infernum;
562 4449 653 4533 quod
674 4469 799 4532 nempe
818 4448 981 4511 interiora
1003 4443 1074 4528 ejus
1097 4441 1166 4506 sint
1188 4459 1302 4504 merae
1321 4437 1473 4504 affeEiio-

351 4569 412 4610 nes
431 4556 467 4611 et
491 4545 570 4610 inde
590 4545 833 4626 cogitationes,
853 4540 1038 4606 distinctae
1061 4541 1095 4604 in
1119 4560 1247 4624 genera
1269 4547 1305 4602 et
1329 4539 1473 4621 species,

350 4645 438 4706 sicut
462 4642 494 4704 in
519 4641 709 4704 societates
732 4637 879 4720 majores
903 4648 938 4701 et
963 4639 1121 4712 minores,
1148 4658 1188 4700 ac
1211 4631 1413 4715 conjunitae
1436 4640 1476 4696 ut
