3424 5368
501 691 552 740 nn
575 689 712 741 mvnvs
735 688 1090 740 momorum-u.
1110 691 1181 755 233.
1347 673 1403 738 181

276 873 381 945 caput
401 861 554 926 omnium
571 860 749 935 malorum,
770 858 964 943 praepollet
982 858 1057 921 aliis
1073 857 1248 922 amoribus
1266 856 1407 940 ingenio

275 958 497 1026 adulterandi
515 959 606 1022 bona
622 968 658 1021 et
678 955 882 1020 falsificandi
899 977 991 1030 vera,
1009 966 1045 1018 et
1065 955 1129 1018 hoc
1146 954 1228 1020 facit
1246 975 1306 1037 per
1322 954 1405 1016 abu·

277 1075 351 1120 sum
367 1053 625 1128 rationalitatis,
641 1073 728 1136 quae
745 1052 851 1114 cuivis
864 1051 994 1114 homini
1007 1062 1079 1114 tam
1094 1050 1186 1114 malo
1198 1069 1301 1133 quam
1313 1049 1406 1112 bono

275 1173 298 1217 a
317 1153 468 1217 Domino
484 1162 559 1215 est:
584 1150 691 1213 immo
710 1157 830 1232 potest
850 1169 910 1231 per
929 1145 1209 1211 confirmationes
1224 1146 1347 1220 facere,
1368 1153 1407 1210 ut

276 1249 406 1314 malurn
427 1269 565 1331 prorsus
581 1257 747 1330 appareat
771 1245 860 1308 sicut
879 1243 1019 1319 bonum,
1039 1263 1080 1307 ac
1100 1242 1222 1307 falsum
1238 1244 1327 1306 sicut
1345 1262 1406 1306 ve·

275 1364 361 1410 rum.
409 1343 500 1427 Quid
520 1364 588 1408 non
606 1352 730 1425 potest,
749 1360 827 1404 curn
847 1349 965 1423 potest
985 1339 1078 1403 mille
1094 1339 1306 1421 argumentis
1322 1358 1408 1402 con·

277 1440 422 1515 firmare,
444 1441 535 1524 quod
553 1451 677 1503 natura
697 1459 733 1502 se
754 1439 864 1520 ipsam
884 1438 1065 1511 creaverit,
1084 1445 1120 1500 et
1139 1435 1232 1518 quod
1251 1434 1309 1498 illa
1328 1435 1407 1498 dein

275 1539 445 1602 creaverit
469 1537 638 1610 homines,
662 1537 792 1600 bestias
817 1545 853 1598 et
877 1532 1089 1616 vegetabilia
1111 1532 1224 1594 omnis
1248 1530 1407 1613 generis;

279 1644 353 1698 tum
373 1632 464 1715 quod
484 1652 544 1714 per
563 1630 729 1695 influxum
755 1651 802 1695 ex
825 1629 979 1692 interiori
1002 1649 1039 1691 se
1062 1626 1167 1691 saciat
1189 1637 1227 1690 ut
1251 1626 1408 1689 homines

276 1733 408 1805 vivant,
422 1730 596 1811 analytice
613 1730 782 1811 cogitent,
797 1739 833 1792 et
853 1728 1029 1808 sapienter
1043 1724 1266 1808 intelligant?
1304 1721 1407 1805 Quod

277 1847 375 1892 amor
403 1828 455 1889 sui
484 1825 700 1909 praepolleat
724 1827 863 1907 ingenio
888 1823 1114 1888 confirmandi
1136 1821 1296 1906 quicquid
1319 1818 1406 1896 vult,

278 1936 332 1988 est
356 1923 434 2006 quia
458 1921 614 1985 ultimam
638 1921 853 2004 superficiem
877 1919 950 2002 ejus
976 1921 1058 1984 iacit
1082 1919 1221 2004 quidam
1244 1914 1409 1998 splendor

278 2019 364 2082 lucis
380 2019 414 2080 in
430 2018 543 2080 varios
556 2017 690 2082 colores
704 2019 911 2100 variegatae.
958 2015 1025 2080 Hic
1037 2013 1203 2097 splendor
1214 2021 1269 2076 est
1282 2010 1408 2074 amoris

278 2114 378 2178 istius
390 2111 501 2195 gloria
513 2114 680 2197 sapiendi,
694 2123 732 2177 et
748 2114 795 2177 sic
810 2133 943 2196 quoque
958 2111 1133 2174 eminendi
1144 2119 1181 2173 et
1197 2103 1407 2171 dominandi.

279 2212 352 2274 [la-l
385 2206 437 2270 At
460 2227 537 2271 cum
560 2227 658 2272 amor
680 2208 739 2273 ille
763 2209 848 2272 talia
871 2206 1149 2280 confirmaverat,
1169 2213 1251 2268 tunc
1275 2201 1408 2266 littam

279 2318 414 2376 caecus,
436 2311 473 2366 ut
497 2323 568 2366 non
592 2304 709 2367 videat
733 2303 835 2367 aliter
858 2321 961 2387 quam
984 2301 1076 2386 quod
1099 2299 1205 2363 homo
1228 2299 1273 2362 sit
1295 2295 1408 2360 bestia

278 2405 317 2462 et
328 2398 420 2481 quod
437 2401 595 2480 cogitent
612 2399 781 2474 similiter,
798 2401 904 2463 immo
922 2398 1059 2482 quodsi
1076 2395 1189 2460 bestia
1203 2412 1337 2478 quoque
1354 2390 1407 2455 lo·

278 2503 452 2576 queretur,
472 2494 561 2558 soret
581 2492 640 2557 illa
658 2494 764 2558 homo
782 2496 846 2558 sub
868 2492 936 2558 alia
954 2495 1073 2557 forma.
1120 2490 1156 2556 Si
1178 2490 1408 2554 adduceretur

278 2607 326 2652 ex
342 2591 490 2671 quadam
507 2591 729 2671 persuasione
742 2590 883 2655 credere
898 2591 989 2674 quod
1006 2588 1134 2673 aliquid
1150 2585 1298 2650 hominis
1312 2583 1408 2648 vivat

281 2695 360 2765 post
381 2695 540 2759 mortem,
561 2695 641 2749 tunc
662 2694 734 2749 tam
755 2705 878 2749 caecus
902 2695 967 2761 est,
989 2694 1027 2747 ut
1050 2683 1170 2748 credat
1189 2680 1281 2765 quod
1300 2678 1407 2742 etiam

280 2778 404 2852 bestia,
425 2791 461 2844 et
485 2782 576 2862 quod
597 2780 662 2843 hoc
683 2779 810 2864 aliquid
830 2782 950 2844 vivens
966 2791 1046 2864 post
1066 2791 1213 2845 mortem
1239 2781 1283 2844 sit
1301 2779 1406 2843 modo

279 2875 414 2938 subtilis
437 2878 531 2940 vitae
555 2876 694 2951 halitus,
715 2878 804 2941 sicut
826 2896 944 2959 vapor,
966 2879 1021 2960 qui
1046 2899 1151 2961 usque
1175 2878 1339 2942 relabitur
1361 2876 1407 2940 ad

280 2973 430 3035 cadaver
453 2993 571 3050 suum;
599 2972 655 3035 vel
679 2975 771 3057 quod
803 2973 848 3037 sit
873 2972 1011 3056 aliquod
1034 2975 1143 3038 vitale
1166 2974 1296 3057 absque
1320 2974 1405 3049 visu,

279 3067 398 3131 auditu
419 3077 455 3131 et
474 3068 622 3150 loquela,
640 3069 690 3131 ita
708 3088 861 3144 caecum,
879 3070 1017 3132 surdum
1037 3081 1074 3133 et
1093 3081 1236 3144 mutum,
1254 3069 1406 3132 volitans

279 3175 316 3226 et
346 3165 527 3245 cogitans;
561 3172 698 3246 praeter
724 3165 838 3246 plures
865 3166 1029 3240 insanias,
1056 3187 1141 3250 quas
1168 3167 1242 3247 ipsa
1272 3176 1405 3240 natura,

279 3280 367 3340 quae
388 3261 421 3322 in
436 3281 472 3324 se
493 3271 629 3324 mortua
645 3269 711 3336 est,
727 3261 931 3343 phantasiae
948 3260 1019 3341 ejus
1036 3263 1190 3344 inspirat.
1227 3260 1304 3324 Hoc
1316 3261 1406 3341 vfacit

281 3376 377 3418 amor
390 3359 452 3431 sui,
467 3357 523 3439 qui
539 3357 573 3419 in
590 3377 627 3420 se
644 3353 821 3438 speilatus
835 3367 888 3420 est
901 3376 998 3420 amor
1011 3358 1156 3439 proprii;
1181 3367 1216 3421 et
1233 3357 1407 3439 proprium

279 3450 428 3514 hominis
452 3454 566 3535 quoad
594 3449 805 3527 afled'tiones,
830 3473 917 3536 quae
951 3471 1073 3517 omnes
1107 3464 1187 3516 sunt
1219 3451 1405 3528 naturales,

281 3567 349 3609 non
363 3557 417 3611 est
435 3548 592 3612 absimile
609 3550 701 3612 vitae
718 3549 862 3624 bestiae,
874 3560 910 3612 et
926 3548 1039 3631 quoad
1058 3549 1310 3632 perceptiones,
1328 3550 1407 3632 quia

279 3661 325 3705 ex
338 3641 406 3705 illis
418 3641 653 3708 affectionibus
663 3655 756 3722 sunt,
770 3668 839 3711 non
853 3647 1008 3711 absimile
1022 3660 1076 3712 est
1089 3645 1246 3713 noituae.
1291 3645 1407 3729 Quare

278 3741 337 3822 qui
355 3742 518 3804 continue
538 3742 713 3823 immergit
733 3745 966 3826 cogitationes
984 3747 1121 3826 proprio
1140 3767 1212 3820 suo,
1234 3764 1302 3806 non
1327 3755 1405 3824 pot·

279 3846 334 3899 est
354 3835 481 3899 elevari
505 3857 524 3899 e
544 3835 618 3900 luce
635 3841 782 3902 naturali
805 3841 838 3903 in
859 3840 969 3903 lucem
989 3841 1213 3923 spiritualem,
1234 3850 1271 3904 et
1289 3839 1407 3904 videre

279 3930 407 4013 aliquid
427 3931 503 4006 Dei,
524 3933 623 4006 caeli,
643 3945 678 3997 et
696 3937 788 3999 vitae
807 3946 982 4000 aeternae.
1028 3933 1118 4017 Quia
1136 3936 1190 4000 hic
1210 3955 1307 3998 amor
1325 3933 1408 3999 talis

278 4038 345 4102 est,
363 4039 399 4090 et
416 4047 521 4110 usque
538 4029 678 4110 ingenio
695 4031 920 4095 confirmandi
936 4033 1164 4116 quodcunque
1182 4031 1289 4102 lubet.
1307 4052 1406 4113 prae·

279 4123 402 4206 pollet,
428 4124 506 4187 ideo
533 4126 639 4189 etiarn
665 4127 766 4190 simili
790 4129 931 4209 ingenio
955 4138 1074 4211 potest
1097 4129 1291 4192 adulterare
1314 4129 1407 4191 bona

278 4218 398 4294 Verbi,
415 4230 452 4284 et
471 4219 651 4286 falsificare
668 4244 749 4288 vera
767 4223 849 4304 ejus,
868 4225 947 4286 dum
968 4247 1013 4289 ex
1033 4226 1180 4308 quadam
1197 4226 1406 4290 necessitate

278 4325 419 4378 tenetur
435 4315 591 4380 confiteri
607 4317 675 4382 illa.
708 4325 780 4384 lta]
808 4318 1020 4401 Septimum:
1049 4317 1146 4398 Quod
1156 4321 1228 4385 ideo
1243 4319 1406 4384 Dominus

277 4429 341 4471 non
357 4411 503 4476 interius
516 4413 680 4477 immittat
694 4413 857 4478 hominem
873 4415 908 4478 in
924 4438 1006 4479 vera
1017 4416 1203 4497 sapt'entiae
1219 4427 1251 4479 et
1268 4416 1303 4478 in
1323 4415 1406 4486 bona

277 4507 416 4582 amoris,
435 4507 506 4571 nisi
525 4519 688 4591 quantum
709 4508 805 4573 homo
827 4511 862 4574 in
884 4510 956 4575 illis
975 4522 1088 4594 potest
1106 4512 1215 4576 teneri
1229 4532 1332 4594 usque
1352 4510 1404 4575 ad

278 4601 376 4666 inem
391 4602 616 4669 vitam-Hoc
632 4605 714 4670 lacit
731 4605 911 4683 Dominus,
929 4627 972 4672 ne
988 4608 1094 4673 homo
1113 4610 1147 4672 in
1166 4608 1404 4690 gravissimum

277 4696 362 4762 illud
385 4719 496 4783 genus
520 4700 767 4784 profanationis
788 4701 909 4796 saniti,
934 4704 978 4770 de
1012 4725 1080 4788 quo
1107 4703 1142 4770 in
1169 4704 1235 4770 hoc
1259 4701 1406 4770 articulo
