3268 5380
352 705 412 774 154
698 703 900 754 SAPIENTIA
923 702 1117 754 ANGELICA

348 875 455 938 noxia
477 869 679 939 exoriuntur
707 896 767 957 per
793 874 959 939 influxum
982 874 1216 938 immediatum
1243 896 1289 939 ex
1322 877 1468 956 inferno,

346 991 453 1054 usque
473 979 596 1052 postea
615 971 766 1035 mediate
786 991 846 1052 per
864 971 1004 1045 semina,
1025 989 1091 1033 ova
1110 978 1169 1033 aut
1189 971 1369 1035 traducem
1388 993 1468 1054 pro·

347 1076 535 1148 pagentur:
560 1085 665 1149 quare
684 1067 800 1148 posito
818 1085 888 1129 uno
907 1084 976 1128 non
993 1063 1128 1128 tollitur
1147 1064 1305 1130 alterum.

409 1159 511 1242 348·
541 1158 643 1242 Quod
663 1181 783 1225 omnes
802 1181 882 1224 usus
906 1169 978 1224 tam
1001 1158 1084 1222 boni
1107 1179 1209 1243 quam
1229 1161 1399 1225 mali'sint
1423 1183 1469 1226 ex

346 1255 477 1338 origine
497 1255 674 1338 spirituali,
692 1258 740 1320 ita
759 1278 780 1320 a
798 1255 879 1321 Sole
898 1255 954 1319 ubi
970 1255 1150 1330 Dominus,
1168 1253 1330 1320 illustrari
1350 1266 1487 1338 potest·
1605 1337 1606 1348 ἵ

345 1351 517 1433 perhanc
542 1353 803 1434 experientiam.
850 1351 978 1415 Audivi
1001 1350 1093 1435 quod
1116 1349 1218 1413 bona»
1235 1360 1272 1414 et
1302 1373 1383 1415 vera
1407 1355 1467 1416 de·

345 1447 449 1510 missa
465 1447 534 1510 sint
550 1467 610 1530 per
623 1447 739 1511 caelos
755 1467 775 1511 a
795 1446 945 1510 Domino
961 1445 1005 1510 ad
1024 1445 1164 1520 inferna,
1182 1455 1218 1509 et
1238 1447 1329 1530 quod
1346 1449 1468 1512 eadem

344 1540 403 1605 illa
426 1551 567 1622 recepta
590 1562 650 1624 per
680 1542 807 1624 gradus
837 1542 880 1604 ad
911 1539 1115 1623 profundum
1139 1540 1185 1604 ibi
1212 1562 1311 1605 versa
1338 1544 1408 1606 sint
1433 1544 1468 1606 in

344 1636 435 1699 mala
454 1647 489 1701 et
508 1636 596 1700 lalsa
612 1636 713 1701 bonis
732 1647 768 1701 et
791 1637 880 1700 veris
899 1636 1056 1700 demissis
1076 1637 1247 1719 opposita.
1293 1635 1396 1719 Quod
1419 1639 1469 1703 ita

344 1729 470 1795 lactum
502 1733 557 1808 sit,
582 1732 643 1796 luit
673 1752 787 1807 causa,
812 1732 892 1815 quia
921 1727 1074 1813 subjecta
1103 1731 1304 1814 recipientia
1326 1743 1469 1798 vertunt

344 1827 460 1889 omnia
482 1847 569 1910 quae
588 1827 732 1891 influunt
756 1829 789 1891 in
814 1827 899 1892 talia
921 1846 1007 1908 quae
1029 1836 1224 1909 congruunt
1246 1827 1363 1891 formis
1387 1829 1467 1905 suis,

345 1941 483 2003 prorsus
506 1923 595 1986 sicut
614 1923 761 1986 candida
784 1921 845 1986 lux
865 1920 947 1984 solis
965 1922 1110 1986 vertitur
1133 1923 1166 1984 in
1190 1921 1323 1986 colores
1342 1935 1467 2001 tetros,

344 2026 380 2080 et
404 2017 437 2078 in
462 2017 607 2099 nigrum,
632 2017 666 2080 in
689 2014 832 2100 objectis
856 2036 999 2102 quorum
1023 2017 1240 2081 substantiae
1263 2018 1406 2082 interius
1432 2019 1467 2082 in

344 2111 406 2174 tali
436 2111 545 2176 forma
574 2122 654 2177 sunt
684 2124 722 2176 ut
750 2111 862 2176 lucem
890 2111 1058 2176 suffocent
1089 2122 1125 2176 et
1153 2115 1402 2196 exstinguant3
1433 2123 1468 2178 et

343 2208 435 2291 quod
458 2217 597 2290 stagna,
618 2217 772 2272 stercora
795 2218 831 2273 et
855 2207 1025 2271 cadavera
1047 2217 1187 2272 vertant
1210 2208 1361 2273 calorem
1385 2209 1468 2273 solis

342 2304 377 2367 in
394 2312 545 2386 putores.
590 2303 647 2366 Ex
663 2303 716 2368 his
732 2313 893 2368 constare
910 2312 1039 2384 potest,
1057 2303 1269 2385 quodetiam
1287 2304 1368 2367 mali
1387 2324 1468 2368 usus

298 2399 301 2406 '
344 2401 414 2463 sint
437 2421 457 2463 a
480 2398 561 2464 Sole
580 2399 760 2482 spirituali,
781 2400 842 2464 sed
861 2399 953 2481 quod
972 2398 1054 2462 boni
1072 2417 1152 2462 usus
1170 2399 1205 2463 in
1224 2399 1333 2463 malos
1356 2400 1391 2463 in
1415 2402 1468 2464 in*

342 2495 439 2560 serno
454 2504 713 2559 convertantur.
759 2495 844 2560 Inde
861 2503 972 2579 patet,
990 2494 1081 2578 quod
1098 2493 1266 2558 Dominus
1282 2515 1352 2558 non
1371 2516 1467 2560 crea-

342 2592 431 2656 verit
459 2601 495 2655 et
525 2600 620 2655 creet
643 2591 707 2654 nisi
730 2611 832 2675 quam
854 2590 965 2654 bonos
988 2610 1078 2664 usus,
1099 2590 1161 2654 sed
1184 2590 1277 2674 quod
1299 2591 1467 2656 infernum

343 2687 512 2769 producat
532 2685 653 2751 malos.

236 3005 239 3012 ·
343 2965 458 3052 QUOD
474 2981 655 3034 VISIBILIA
674 2981 717 3032 IN
731 2981 924 3035 UNIVERSO
940 2979 1095 3033 CREATO
1106 2980 1343 3044 TESTENTUR,
1361 2980 1466 3046 QUOD

471 3077 631 3130 NATURA
649 3077 764 3128 NIHIL
779 3075 1039 3140 PRODUXERI'I',
1057 3076 1106 3127 ΕΤ
1121 3074 1235 3126 NIHIL
1251 3074 1463 3140 PRODUCAT,

471 3173 541 3225 SED
565 3172 670 3238 QUOD
695 3172 821 3224 OMNIA
844 3157 1019 3225 DIVINUM
1042 3171 1093 3222 EX
1117 3171 1171 3235 SE,
1195 3171 1244 3222 ET
1267 3171 1340 3222 PER
1363 3171 1464 3225 MUN-

471 3269 555 3321 DUM
577 3267 845 3320 SPIRITUALEM.

406 3457 510 3526 349.
537 3443 692 3526 Plerique
705 3442 739 3505 in
753 3441 882 3504 mundo
894 3460 940 3503 ex
953 3440 1157 3522 apparentia
1169 3439 1363 3521 loquuntur,
1375 3439 1466 3523 quod

344 3537 397 3606 sol
424 3558 484 3621 per
502 3537 652 3602 calorem
677 3547 713 3600 et
741 3537 852 3600 lucem
880 3536 1048 3618 producat
1074 3533 1108 3597 id
1135 3534 1227 3617 quod
1257 3536 1468 3616 conspicitur

344 3636 379 3699 in
398 3633 539 3714 campis,
560 3633 663 3714 agris,
682 3631 793 3696 hortis
812 3642 848 3695 et
871 3630 986 3708 silvis3
1013 3639 1086 3694 tum
1106 3629 1198 3710 quod
1222 3629 1274 3692 sol
1294 3648 1356 3711 per
1373 3630 1467 3693 calo·

344 3747 416 3794 rem
436 3746 533 3791 suum
549 3748 594 3792 ex
612 3727 684 3790 ovis
701 3726 867 3789 excludat
883 3745 1029 3800 vermes,
1047 3734 1082 3788 et
1101 3725 1193 3806 quod
1209 3723 1341 3787 bestias
1356 3733 1468 3789 terrae

345 3834 382 3888 et
405 3842 486 3886 aves
509 3821 597 3885 caeli
626 3821 731 3884 iaciat
755 3819 955 3902 prolificare,
980 3821 1085 3884 immo
1108 3819 1215 3882 etiam
1238 3818 1331 3901 quod
1356 3818 1468 3883 homi·

345 3938 425 3982 nem
442 3915 602 3981 vivificet.
648 3915 703 3980 Illi
722 3916 778 3998 qui
805 3916 914 3978 solum
942 3937 987 3979 ex
1014 3913 1218 3996 apparentia
1247 3914 1297 3976 ita
1324 3914 1468 3997 loquun-

346 4024 410 4088 tur,
431 4022 575 4096 possunt
597 4011 647 4075 ita
669 4011 771 4092 loqui,
785 4019 942 4073 attamen
966 4030 1072 4092 usque
1096 4029 1165 4071 non
1188 4007 1247 4071 illa
1268 4008 1470 4073 adscribunt

346 4119 500 4183 naturae,
518 4128 587 4170 non
605 4108 695 4170 enim
713 4107 871 4188 cogitant
890 4107 934 4168 de
953 4125 1014 4168 eo:
1039 4105 1129 4167 sicut
1149 4105 1204 4186 qui
1224 4103 1411 4186 loquuntur
1427 4105 1470 4168 de

348 4205 432 4278 sole,
453 4203 545 4287 quod
564 4205 693 4266 oriatur
715 4211 751 4265 et
775 4201 922 4274 occidat,
943 4220 983 4262 ac
1007 4199 1112 4263 faciat
1133 4199 1207 4261 dies
1230 4208 1267 4262 et
1289 4218 1412 4273 annos,
1433 4208 1468 4263 et

347 4301 438 4385 quod
459 4319 548 4362 nunc
575 4298 609 4361 in
639 4297 697 4360 illa
721 4307 780 4360 aut
803 4295 863 4360 illa
882 4294 1067 4359 altitudine
1090 4295 1147 4370 sit,
1167 4293 1217 4357 illi
1240 4293 1399 4358 similiter
1424 4314 1470 4356 ex

347 4395 551 4479 apparentia
570 4394 765 4476 loquuntur,
786 4402 821 4454 et
845 4399 989 4474 possunt
1009 4391 1058 4453 ita
1081 4388 1186 4489 loqui,
1203 4398 1240 4452 et
1263 4396 1382 4452 tamen
1401 4407 1470 4452 non

347 4491 406 4554 illa
419 4490 617 4552 adscribunt
631 4487 714 4564 soli;
739 4507 808 4550 non
824 4488 914 4550 enim
932 4487 1090 4568 cogitant
1107 4484 1150 4549 de
1165 4483 1248 4547 solis
1264 4485 1418 4547 statione
1435 4493 1470 4547 et

348 4584 484 4649 telluris
504 4583 800 4646 circumversione.
844 4581 896 4645 At
919 4579 969 4644 illi
992 4581 1048 4662 qui
1071 4599 1108 4643 se
1128 4577 1333 4643 confirmant
1358 4579 1392 4641 in
1416 4599 1468 4653 eo,

349 4681 440 4764 quod
466 4680 517 4741 sol
542 4699 602 4760 per
621 4679 771 4740 calorem
794 4688 830 4740 et
854 4677 965 4740 lucem
985 4676 1154 4759 producat
1178 4674 1236 4736 illa
1259 4693 1346 4755 quae
1371 4693 1470 4754 super
