3344 5402
381 627 419 707 58
730 640 932 693 SAPIENTIA
955 642 1150 696 ANGELICA

376 810 437 875 lux
460 832 481 874 a
505 811 597 876 sole:
633 833 718 896 quae
742 815 847 878 etiam
871 835 973 879 causa
997 826 1062 892 est,
1083 818 1174 902 quod
1197 830 1364 903 quantum
1384 820 1498 905 angeli
1608 809 1609 816 ἵ

374 908 408 971 in
428 925 544 974 amore
568 917 603 973 et
627 910 797 993 sapientia
819 920 909 987 sunt,
930 920 1067 976 tantum
1087 914 1155 978 sint
1179 915 1213 978 in
1237 914 1365 981 Divino
1383 918 1498 982 calore

374 1015 410 1070 et
442 1005 568 1068 Divina
597 1005 682 1070 luce.
728 1006 872 1090 Absque
906 1009 1107 1090 cognitione
1138 1012 1229 1094 quod
1260 1012 1429 1078 Dominus
1464 1016 1496 1078 in

375 1101 502 1166 mundo
521 1101 689 1185 spirituali
708 1113 873 1186 appareat
893 1114 930 1168 ut
951 1102 1021 1182 Sol,
1042 1114 1077 1170 et
1094 1107 1185 1191 quod
1206 1106 1366 1174 Divinum
1388 1111 1498 1193 ipsius

372 1199 423 1261 ita
445 1198 624 1280 procedat,
650 1217 816 1282 nusquam
846 1199 967 1284 aliquis
992 1201 1078 1266 scire
1102 1212 1232 1285 potest,
1257 1205 1337 1288 quid
1366 1206 1493 1270 intelli-

371 1297 466 1378 gitur
489 1315 549 1378 per
571 1295 770 1379 procedere,
791 1305 829 1360 ut
852 1316 932 1359 num
956 1297 1067 1361 solum
1091 1300 1136 1363 sit
1161 1303 1413 1366 communicare
1436 1302 1495 1366 illa

371 1412 459 1475 quae
479 1391 589 1455 Patris
612 1401 648 1455 et
673 1391 751 1455 Filii
775 1401 864 1466 sunt,
885 1402 943 1456 aut
963 1392 1075 1457 solum
1094 1394 1267 1460 illustrare
1291 1407 1328 1461 et
1347 1400 1490 1463 docere:
1608 1399 1609 1402 ’

370 1489 431 1552 sed
456 1509 561 1570 usque
584 1487 632 1551 sic
657 1508 703 1552 ex
726 1487 860 1551 ratione
883 1487 1057 1553 illustrata
1080 1510 1147 1554 non
1172 1500 1225 1554 est
1249 1511 1439 1575 agnoscere
1459 1494 1491 1558 id

369 1604 431 1666 pro
449 1583 575 1648 Divino
591 1604 652 1667 per
668 1604 715 1660 se,
730 1592 765 1647 et
782 1602 907 1646 vocare
923 1582 1046 1658 Deum,
1060 1605 1100 1648 ac
1117 1586 1339 1669 distinguere,
1354 1592 1491 1672 quando

369 1680 473 1744 etiam
487 1688 609 1744 notum
624 1679 685 1743 suit
703 1679 794 1763 quod
809 1679 902 1742 Deus
915 1700 1000 1742 unus
1014 1681 1069 1754 sit,
1084 1691 1119 1744 et
1133 1680 1197 1744 Ille
1211 1685 1479 1766 omnipraesens.

431 1791 525 1860 147.
555 1774 664 1860 Supra
682 1785 859 1839 ostensum
875 1784 930 1838 est
948 1776 1039 1859 quod
1057 1776 1150 1840 Deus
1167 1798 1235 1841 non
1252 1779 1346 1842 sitin
1364 1785 1490 1864 spatio,

367 1881 403 1936 et
423 1872 514 1956 quod
537 1891 598 1955 per
619 1871 654 1934 id
678 1871 722 1934 sit
744 1870 1023 1952 omnipraesens;
1054 1881 1128 1936 tum
1151 1874 1243 1956 quod
1264 1874 1425 1940 Divinum
1445 1879 1489 1941 sit

366 1967 458 2031 idem
478 1968 597 2043 ubivis,
619 1967 680 2031 sed
703 1968 794 2051 quod
818 1987 987 2050 apparens
1005 1970 1136 2033 varium
1159 1969 1243 2051 Ejus
1266 1972 1362 2036 sitin
1382 1995 1487 2056 ange·

365 2062 407 2126 lis
426 2072 462 2126 et
478 2061 673 2127 hominibus
690 2083 736 2127 ex
748 2063 841 2127 varia
856 2063 1064 2146 receptione.
1111 2064 1210 2129 Nunc
1230 2069 1307 2150 quia
1327 2068 1487 2132 Divinum

365 2160 557 2244 procedens
576 2181 597 2223 a
615 2158 766 2224 Domino
786 2167 823 2224 ut
843 2156 924 2224 Sole
943 2169 997 2223 est
1015 2160 1050 2223 in
1070 2159 1147 2225 luce
1165 2172 1201 2227 et
1221 2161 1345 2240 calore,
1366 2184 1406 2228 ac
1427 2165 1486 2228 lux

364 2266 400 2320 et
417 2257 511 2321 calor
526 2255 670 2320 influunt
686 2255 832 2339 primum
851 2256 885 2319 in
903 2255 1108 2320 universalia
1123 2259 1333 2341 recipientia,
1350 2262 1486 2345 quaein

365 2355 493 2418 mundo
516 2362 684 2418 vocantur
713 2351 990 2434 atmosphaerae,
1014 2362 1050 2416 et
1080 2351 1146 2418 hae
1175 2365 1256 2418 sunt
1284 2357 1486 2438 recipientia

364 2450 526 2527 nubium;
553 2457 714 2513 constare
738 2457 869 2531 potest,
889 2447 980 2530 quod
999 2450 1289 2532 quemadmodum
1309 2453 1482 2530 interiora,

364 2565 451 2628 quae
471 2555 551 2608 sunt
571 2542 768 2609 intellectus
787 2543 878 2626 apud
896 2543 1071 2608 hominem
1088 2555 1146 2609 aut
1164 2546 1337 2628 angelum,
1358 2547 1487 2613 talibus

363 2641 509 2705 nubibus
538 2640 785 2704 circumvelata
810 2650 903 2716 sunt,
927 2641 978 2704 ita
1007 2640 1051 2704 sit
1081 2643 1338 2724 receptaculum
1369 2644 1484 2708 Divini

361 2738 593 2818 procedentis.
650 2737 714 2801 Per
743 2737 851 2800 nubes
881 2735 1121 2820 intelliguntur
1151 2739 1258 2802 nubes
1288 2740 1484 2822 spirituales

361 2852 448 2914 quae
467 2843 548 2898 sunt
567 2833 812 2916 cogitationes,
829 2853 916 2916 quae
939 2834 967 2897 si
986 2853 1032 2897 ex
1050 2833 1139 2896 veris
1157 2843 1249 2910 sunt,
1270 2837 1483 2902 concordant

361 2945 438 2991 cum
472 2927 597 2992 Divina
630 2926 819 3011 Sapientia,
843 2929 871 2992 si
901 2937 1016 2992 autem
1050 2949 1096 2992 ex
1129 2927 1233 3006 salsis,
1262 2931 1482 3013 discordaut;

359 3044 463 3107 quare
493 3025 598 3089 etiam
628 3025 861 3106 cogitationes
891 3045 937 3088 ex
960 3025 1049 3088 veris
1079 3025 1113 3088 in
1142 3026 1271 3091 mundo
1300 3027 1478 3109 spirituali,

250 3157 255 3169 ·
359 3121 497 3203 quando
516 3122 558 3184 ad
576 3121 685 3184 visum
700 3120 876 3196 sistuntur,
890 3130 1058 3202 apparent
1075 3121 1164 3185 sicut
1177 3122 1284 3186 nubes
1300 3124 1478 3201 candidae,

358 3227 395 3280 et
414 3217 648 3299 cogitationes
667 3235 712 3279 ex
732 3214 826 3280 falsis
849 3215 938 3280 sicut
961 3216 1068 3279 nubes
1091 3225 1199 3279 atrae.
1244 3217 1302 3282 Ex
1324 3217 1377 3281 his
1396 3239 1478 3283 con·

357 3322 450 3376 stare
470 3322 600 3394 potest,
617 3311 709 3396 quod
726 3310 889 3375 Divinum
906 3311 1096 3394 procedens
1116 3311 1160 3375 sit
1176 3312 1313 3394 quidem
1331 3313 1366 3376 in
1386 3315 1478 3378 omni

357 3405 506 3485 homine,
528 3410 588 3472 sed
609 3408 699 3492 quod
719 3407 764 3470 ab
786 3407 847 3471 illo
866 3410 958 3471 varie
977 3406 1168 3471 obveletur.

420 3504 517 3586 148.
548 3502 719 3585 Quoniam
742 3503 852 3585 ipsum
877 3502 1040 3567 Divinum
1060 3522 1119 3586 per
1139 3501 1290 3566 calorem
1308 3511 1345 3566 et
1365 3503 1475 3568 lucem

355 3598 568 3680 spiritualem
585 3599 618 3660 in
635 3597 762 3680 angelo
775 3608 810 3660 et
827 3601 860 3660 in
877 3597 1015 3663 homine
1032 3607 1085 3662 est
1105 3617 1279 3678 praesens,
1297 3599 1376 3663 ideo
1393 3600 1474 3663 dici·

356 3704 410 3756 tur
438 3693 480 3755 de
504 3693 571 3756 illis
598 3695 654 3775 qui
685 3693 830 3756 iuveris
861 3693 1005 3757 Divinae
1036 3691 1235 3774 Sapientiae
1259 3694 1353 3757 etin
1377 3693 1475 3758 bonis

355 3789 468 3853 Divini
493 3788 632 3852 Amoris
651 3796 739 3864 sunt,
761 3789 840 3850 dum
864 3788 1057 3853 afficiuntur
1079 3787 1157 3864 illis,
1178 3797 1278 3852 etex
1296 3785 1474 3853 affectione

353 3886 511 3966 cogitant
534 3905 579 3947 ex
603 3884 671 3947 illis
701 3884 744 3948 de
767 3882 845 3958 illis,
871 3885 961 3966 quod
991 3883 1193 3947 incalescant
1217 3883 1297 3958 Deo,
1321 3885 1413 3968 quod
1436 3883 1473 3947 fit

353 3981 457 4042 etiam
476 3979 680 4061 quandoque
696 3978 739 4040 ad
754 3979 1011 4061 perceptionem
1028 3987 1063 4041 et
1080 3979 1325 4053 sensationem,
1340 3987 1377 4040 ut
1394 3978 1474 4040 dum

353 4075 571 4158 praedicator
601 4096 646 4138 ex
670 4073 744 4137 zelo
768 4073 927 4156 loquitur.
972 4073 1025 4136 De
1053 4073 1174 4136 iisdem
1203 4074 1309 4136 etiam
1337 4072 1474 4147 dicitur,

352 4172 442 4253 quod
462 4169 675 4234 illustrentur
691 4192 714 4234 a
732 4169 809 4245 Dee,
829 4170 908 4252 quia
928 4167 1094 4231 Dominus
1114 4190 1173 4251 per
1193 4169 1354 4232 Divinum
1374 4187 1472 4232 suum

351 4267 542 4348 procedens
559 4285 627 4329 non
641 4265 745 4328 modo
762 4265 920 4328 accendit
937 4263 1153 4327 voluntatem
1165 4263 1278 4328 calore
1292 4263 1471 4346 spirituali,

350 4362 411 4424 sed
432 4362 538 4424 etiam
557 4361 706 4424 illustrat
727 4358 938 4424 intelledium
960 4359 1035 4423 luce
1052 4359 1230 4441 spirituali.

414 4468 512 4539 149.
549 4453 650 4536 Quod
670 4452 814 4536 Spiritus
835 4451 979 4518 Sanctus
996 4455 1041 4517 sit
1061 4454 1152 4517 idem
1168 4473 1245 4515 cum
1260 4452 1420 4528 Domino,
1435 4463 1471 4516 et

348 4552 439 4634 quod
459 4551 503 4613 sit
523 4551 597 4632 ipsa
609 4548 758 4626 Veritas,
776 4571 821 4613 ex
837 4570 903 4633 qua
922 4550 1052 4613 homini
1075 4561 1129 4612 est
1153 4548 1350 4622 illustratio,
1372 4558 1469 4631 patet

348 4668 394 4712 ex
414 4648 465 4710 his
485 4646 570 4710 locis
586 4647 620 4711 in
640 4644 777 4710 Verbo:
