3352 5374
417 685 468 735 us
492 685 627 734 nrvuuo
652 685 1065 750 Al10RE‚1³AR8111.—N.
1091 693 1162 740 220.
1310 681 1350 762 87

228 858 341 940 aliqua
360 858 519 940 potentia
538 867 591 921 est
615 857 648 921 in
673 857 748 922 solo
767 869 905 935 conatu,
927 881 989 924 nec
1013 863 1046 924 in
1070 861 1145 924 sola
1167 863 1212 938 vi,
1232 863 1292 926 sed
1317 865 1351 927 in

229 962 336 1026 motu,
356 951 413 1034 qui
437 958 491 1013 est
516 947 719 1032 produdtum
738 971 866 1015 eorum.
913 950 1014 1035 Quod
1034 954 1083 1016 ita
1102 955 1158 1029 sit,
1180 951 1352 1038 I¹¹apparet

228 1043 339 1107 adhuc
360 1043 449 1106 sicut
469 1062 608 1123 anceps,
629 1044 795 1126 quianon
819 1064 879 1126 per
898 1044 1150 1126 applicationes
1172 1046 1216 1109 ad
1244 1048 1352 1110 sensi·

228 1136 309 1199 bilia
326 1145 362 1199 et
379 1135 619 1218 perceptibilia
635 1135 668 1198 in
686 1145 809 1199 natura
822 1136 1031 1200 illustratum
1045 1159 1052 1216 ;
1074 1139 1134 1202 sed
1149 1159 1254 1222 usque
1271 1139 1352 1202 talis

228 1238 282 1292 est
300 1228 495 1309 progressio
512 1225 647 1291 illorum
667 1229 700 1291 in
720 1231 924 1310 potentiam.

291 1342 387 1409 219.
418 1325 486 1390 Sed
516 1327 561 1389 sit
591 1326 779 1409 applicatio
797 1327 933 1390 illorum
964 1328 1007 1392 ad
1038 1338 1200 1393 conatum
1224 1332 1351 1408 vivum,

230 1421 341 1503 adque
360 1421 428 1482 vim
448 1419 573 1494 vivum,
591 1430 627 1483 et
647 1419 690 1482 ad
711 1430 842 1483 motum
859 1421 983 1482 vivum.
1029 1419 1183 1486 Conatus
1202 1424 1299 1486 vivus
1318 1425 1351 1486 in

228 1512 379 1584 homine,
403 1513 459 1594 qui
482 1520 536 1574 est
556 1509 743 1593 subjectum
763 1513 889 1586 vivum,
910 1524 963 1576 est
988 1512 1058 1594 ejus
1077 1513 1238 1577 voluntas
1257 1517 1353 1579 unita

228 1601 442 1682 intelle&ui;
466 1605 556 1667 vires
575 1605 672 1668 vivae
696 1605 729 1667 in
749 1603 887 1666 homine
907 1614 986 1667 sunt
1006 1625 1093 1687 quae
1112 1607 1204 1668 intus
1223 1609 1351 1671 consti·

227 1707 329 1761 tuunt
349 1697 420 1777 ejus
440 1716 575 1779 corpus,
596 1697 629 1758 in
649 1697 769 1779 quibus
789 1696 947 1759 omnibus
967 1708 1047 1760 sunt
1066 1697 1169 1761 fibrae
1189 1701 1352 1763 motrices
1425 1707 1429 1716 '

228 1791 323 1852 vario
342 1790 446 1852 modo
463 1799 665 1866 consertae;
690 1808 730 1851 ac
750 1799 864 1851 motus
884 1791 980 1852 vivus
1003 1790 1035 1852 in
1059 1789 1197 1854 homine
1217 1801 1271 1856 est
1294 1811 1352 1854 ac·

228 1882 288 1956 tio,
306 1902 393 1964 quae
410 1881 608 1963 producitur
624 1900 684 1962 per
702 1880 778 1943 illas
794 1882 883 1943 vires
902 1902 922 1943 a
940 1882 1122 1945 voluntate
1138 1884 1233 1946 unita
1249 1883 1352 1946 intel-

229 1971 341 2038 lectur.
387 1973 557 2036 Interiora
572 1975 663 2036 enim
683 1992 770 2056 quae
782 1975 974 2037 voluntatis
990 1995 1029 2038 ac
1047 1971 1243 2038 intelledms
1260 1985 1350 2049 sunt,

227 2067 356 2130 faciunt
388 2067 532 2147 primum
562 2066 727 2146 gradum;
762 2065 926 2130 interiora
958 2087 1044 2149 quae
1078 2068 1229 2149 corporis
1260 2077 1351 2141 sunt,

226 2159 357 2222 faciunt
375 2159 584 2236 secundum;
611 2177 650 2220 ac
674 2167 788 2221 totum
808 2177 941 2239 corpus,
962 2159 1053 2241 quod
1072 2169 1126 2223 est
1149 2159 1353 2240 complexus

227 2270 357 2326 eorum,
378 2251 458 2314 lacit
478 2251 618 2313 tertium
637 2249 792 2332 gradum.
837 2249 940 2332 Quod
964 2253 1125 2314 interiora
1144 2272 1231 2334 quae
1255 2271 1351 2314 men·

228 2345 273 2407 tis
297 2354 387 2417 sunt,
412 2343 446 2406 in
466 2342 560 2406 nulla
584 2343 743 2423 potentia
765 2343 834 2406 sint
862 2343 926 2406 nisi
951 2363 1011 2424 per
1035 2347 1123 2406 vires
1142 2345 1175 2405 in
1196 2364 1350 2425 corpore,

227 2445 263 2500 et
282 2436 374 2518 quod
393 2436 482 2498 vires
501 2455 564 2498 nec
584 2435 617 2498 in
638 2435 796 2517 potentia
811 2436 881 2498 sint
900 2437 963 2498 nisi
982 2455 1041 2516 per
1060 2433 1231 2499 adtionem
1249 2436 1352 2516 ipsius

227 2529 390 2609 corporis,
408 2538 529 2591 notum
545 2535 610 2590 est.
657 2525 754 2590 Haec
770 2529 836 2591 tria
851 2546 920 2590 non
937 2538 1045 2608 agunt
1064 2547 1123 2608 per
1139 2529 1349 2603 continuum,

226 2622 287 2685 sed
313 2640 372 2701 per
390 2620 587 2694 discretum,
608 2628 644 2684 et
667 2638 771 2700 agere
795 2639 855 2700 per
878 2613 1063 2684 discretum
1087 2630 1142 2683 est
1164 2640 1268 2702 agere
1292 2641 1351 2703 per

226 2713 560 2794 correspondentias.
614 2710 784 2775 Interiora
813 2709 927 2794 ¹²¹quae
958 2714 1084 2775 mentis
1114 2724 1205 2788 sunt,
1237 2733 1350 2777 corre·

226 2805 400 2888 spondent
416 2803 633 2868 interioribus
649 2805 800 2886 corporis
818 2824 825 2882 ;
849 2815 885 2868 et
901 2805 1063 2868 interiora
1079 2803 1258 2886 fflcorporis
1274 2827 1349 2870 cor·

226 2898 442 2979 respondent
460 2897 691 2960 exterioribus
709 2893 791 2975 ejus,
812 2916 873 2978 per
894 2916 980 2979 quae
1001 2894 1153 2962 adtiones
1172 2900 1348 2963 existunt:

226 3011 330 3072 quare
350 2991 418 3054 duo
437 2987 578 3069 ¹⁴¹priora
593 3008 653 3069 per
672 2991 845 3053 exteriora
862 2991 1013 3072 corporis
1029 3001 1109 3054 sunt
1128 2991 1161 3053 in
1182 3001 1349 3072 potentia.

226 3081 347 3147 Videri
366 3091 498 3165 potest,
519 3083 607 3145 sicut
626 3092 772 3145 conatus
790 3091 827 3146 et
850 3083 939 3146 vires
961 3084 994 3145 in
1018 3081 1156 3145 homine
1180 3084 1212 3144 in
1236 3082 1351 3167 aliqua

226 3175 385 3257 potentia
407 3177 487 3250 sint,
512 3175 653 3238 tametsi
677 3194 745 3238 non
768 3185 822 3238 est
845 3172 945 3248 actio,
967 3185 1003 3238 ut
1026 3174 1061 3236 in
1085 3175 1215 3238 somnis
1248 3186 1283 3238 et
1314 3177 1348 3238 in

226 3269 376 3333 statibus
392 3268 526 3351 quietis,
541 3266 602 3330 sed
619 3287 725 3348 usque
741 3275 822 3329 tunc
841 3266 1147 3329 determinationes
1163 3277 1347 3331 conatuum

226 3371 263 3425 et
287 3363 405 3425 virium
429 3361 564 3423 suntin
590 3359 785 3422 communia
804 3358 957 3438 corporis
980 3359 1137 3432 motoria,
1159 3380 1245 3440 quae
1269 3371 1349 3425 sunt

227 3475 286 3518 cor
309 3465 344 3517 et
368 3453 509 3535 pulmo;
540 3463 576 3515 at
600 3462 760 3514 cessante
784 3449 904 3512 horum
927 3448 1061 3515 adtione
1081 3461 1219 3515 cessant
1242 3453 1348 3515 etiam

226 3549 326 3618 vires,
346 3557 477 3610 etcum
497 3545 622 3608 viribus
641 3553 794 3607 conatus.

290 3650 386 3700 22⁰·
417 3634 588 3719 Quoniam
620 3645 732 3699 totum
763 3655 823 3696 seu
852 3653 975 3715 corpus
997 3634 1240 3699 determinavit
1270 3657 1348 3700 suas

226 3731 403 3813 potentias
419 3731 599 3812 praecipue
616 3729 649 3790 in
666 3726 805 3790 brachia
820 3736 856 3791 et
872 3746 1003 3801 manus,
1018 3747 1103 3810 quae
1120 3738 1200 3790 sunt
1217 3727 1347 3807 ultima,

226 3823 306 3885 ideo
329 3842 389 3904 per
405 3827 425 3854 ‘⁴
438 3820 575 3885 brachia
585 3819 601 3844 ''
623 3832 659 3884 et
679 3819 852 3882 “manus''
868 3820 900 3882 in
919 3817 1037 3882 Verbo
1057 3819 1267 3901 significatur
1287 3841 1347 3902 po·

227 3915 349 3988 tentia,
362 3934 402 3976 ac
420 3934 480 3996 per
494 3913 684 3976 “dextram
692 3912 707 3936 ”
719 3913 875 3993 potentia
888 3913 1049 3993 superior.
1085 3909 1255 3994 Quoniam
1269 3914 1349 3977 talis

226 4018 281 4070 est
305 4005 459 4070 evolutio
481 4015 516 4068 et
539 4006 693 4068 exsertio
717 4006 882 4086 graduum
910 4005 943 4066 in
968 4006 1172 4086 potentiam,
1195 4005 1274 4069 ideo
1304 4026 1350 4069 ex

226 4099 302 4163 sola
324 4096 472 4174 ad'tione,
497 4118 584 4182 quae
614 4095 652 4161 lit
683 4117 742 4178 per
770 4117 899 4170 manus,
931 4096 975 4159 ab
1004 4095 1147 4178 angelis,
1176 4098 1232 4180 qui
1260 4097 1349 4181 apud

226 4191 402 4256 hominem
420 4199 511 4264 sunt,
533 4189 620 4254 etin
641 4189 946 4271 correspondentia
965 4189 1116 4253 omnium
1136 4187 1218 4270 ejus,
1238 4191 1350 4253 nosci·

226 4297 283 4349 tur
299 4283 408 4368 qualis
424 4282 529 4347 homo
545 4292 599 4345 est
615 4281 727 4365 quoad
742 4279 958 4344 intelledtum
976 4291 1011 4344 et
1030 4280 1257 4358 voluntatem,
1276 4293 1350 4346 tum

225 4377 340 4461 quoad
357 4377 562 4440 charitatem
579 4382 614 4438 et
631 4372 743 4449 fidem,
759 4374 808 4437 ita
824 4372 936 4457 quoad
953 4374 1060 4436 vitam
1077 4374 1246 4438 internam
1264 4395 1350 4458 quae

227 4471 354 4533 mentis
373 4468 444 4551 ejus
463 4477 528 4542 est,
549 4475 585 4532 et
604 4467 717 4549 quoad
737 4467 844 4530 vitam
863 4477 1044 4529 externam
1065 4485 1150 4547 quae
1171 4487 1215 4528 ex
1235 4467 1294 4530 illa
1317 4469 1351 4530 in

227 4581 372 4646 corpore
385 4570 449 4624 est.
494 4557 596 4642 Quod
610 4559 689 4622 talis
703 4560 857 4640 cognitio
870 4558 1002 4639 angelis
1015 4559 1059 4620 sit
1072 4579 1117 4620 ex
1131 4559 1204 4621 sola
1217 4555 1352 4624 adtione

228 4655 382 4737 corporis
405 4673 465 4735 per
488 4671 618 4726 manus,
639 4653 774 4732 saepius
793 4651 934 4714 miratus
953 4669 1048 4728 sum;
1080 4651 1140 4712 sed
1165 4671 1269 4734 usque
1294 4673 1353 4734 per
