3424 5368
357 655 419 722 174
710 653 914 703 SAPIENTIA
936 652 1134 704 ANGELICA

355 827 390 889 in
414 827 568 893 tenebris
590 828 657 893 illis
681 826 807 892 sedent
831 828 928 902 muti,
953 828 1102 909 impotes
1126 824 1300 910 loquendi,
1324 827 1489 894 volentes

353 921 489 986 effutire
513 924 568 1005 pia
591 933 626 987 et
649 921 780 997 sanita,
806 923 893 987 sicut
917 923 951 986 in
975 921 1114 997 mundo,
1135 923 1198 986 sed
1222 943 1292 986 non
1315 935 1487 1006 possunt:

355 1037 436 1082 nam
455 1019 487 1081 in
509 1021 637 1083 mundo
653 1018 822 1102 spirituali
840 1020 982 1103 quisque
1000 1017 1151 1100 adigitur
1167 1017 1260 1101 loqui
1278 1020 1369 1084 sicut
1389 1021 1488 1102 cogi·

353 1125 431 1194 tat;
464 1114 525 1180 sed
556 1115 738 1198 hypocrita
757 1115 832 1179 vult
856 1115 947 1198 loqui
971 1114 1074 1178 aliter
1091 1133 1194 1198 quam
1214 1116 1372 1198 cogitat3
1405 1116 1488 1180 inde

353 1213 531 1294 oppositio
560 1213 594 1274 in
624 1233 682 1275 ore
712 1212 846 1287 existit,
870 1231 916 1275 ex
945 1231 1012 1295 qua
1035 1220 1090 1274 est
1120 1210 1212 1295 quod
1236 1213 1348 1294 possit
1372 1211 1487 1276 solum

354 1309 491 1372 mutire.
536 1305 604 1372 Sed
634 1308 835 1391 hypocrises
864 1317 945 1371 sunt
975 1305 1122 1370 leviores
1148 1316 1185 1371 et
1211 1308 1400 1389 graviores,
1429 1329 1486 1372 se·

352 1404 505 1468 cundum
528 1403 808 1468 confirmationes
839 1414 960 1468 contra
984 1402 1107 1478 Deum,
1132 1414 1169 1469 et
1198 1405 1486 1468 ratiocinationes

353 1523 417 1584 pro
442 1500 518 1564 Deo
541 1502 706 1564 exterius.
752 1511 809 1574 [5.]
845 1497 1011 1582 Quintum
1035 1498 1284 1582 profanationis
1306 1521 1416 1582 genus
1439 1501 1487 1564 ab

354 1597 424 1660 illis
444 1607 511 1672 est,
531 1596 591 1678 qui
610 1595 738 1659 Divina
755 1595 824 1658 sibi
843 1594 1144 1659 attribuunt-lili
1168 1607 1249 1660 sunt
1273 1598 1329 1679 qui
1351 1596 1485 1660 intelli·

353 1701 484 1774 guntur
507 1711 568 1773 per
588 1691 810 1754 “Luciferum
819 1691 835 1715 ''
853 1691 942 1773 apud
966 1689 1109 1754 Esaiam
1132 1693 1210 1754 xiv:
1237 1713 1298 1776 per
1317 1691 1485 1757 “Lucife-

351 1807 428 1852 rum
439 1787 455 1814 '’
468 1788 515 1852 ibi
530 1786 736 1869 intelligitur
753 1786 870 1861 Babel,
885 1797 922 1850 ut
939 1797 1098 1851 constare
1115 1797 1234 1870 potest
1251 1807 1370 1852 avers.
1382 1804 1415 1865 4,
1429 1801 1483 1861 22,

352 1884 446 1948 illius
476 1884 611 1967 capitis,
640 1885 695 1946 ubi
722 1884 828 1947 etiam
855 1883 990 1946 illorum
1018 1903 1092 1947 sors
1122 1868 1346 1947 describitur:
1377 1882 1485 1946 iidem

352 1981 462 2043 etiam
486 1989 565 2042 sunt
588 1980 644 2062 qui
668 1979 908 2061 intelliguntur
931 1989 967 2042 et
990 1979 1230 2042 describuntur
1253 1999 1313 2062 per
1338 1983 1484 2042 “mere-

352 2078 477 2140 tricem
494 2075 675 2138 sedentem
693 2097 793 2156 super
809 2075 922 2138 bestia
937 2076 1110 2150 coccinea,
1128 2077 1162 2138 in
1177 2074 1388 2157 Apocalypsi
1398 2075 1485 2140 xvii.

354 2171 477 2236 Multis
500 2173 534 2235 in
554 2171 638 2234 locis
660 2171 694 2233 in
719 2171 836 2234 Verbo
859 2173 1055 2235 nominatur
1079 2171 1187 2235 Babel
1216 2181 1252 2236 et
1281 2170 1483 2252 Chaldaea;
1567 2250 1573 2259 Ι

352 2280 392 2335 et
417 2291 478 2354 per
498 2267 717 2332 “Babelem'’
734 2269 779 2331 ibi
798 2269 1004 2350 intelligitur
1027 2269 1222 2351 profanatio
1245 2269 1336 2344 boni,
1359 2280 1397 2334 et
1421 2289 1485 2350 per

356 2375 378 2400 ⁴⁶
391 2365 603 2431 Chaldaeam
616 2364 630 2389 ''
647 2363 842 2447 profanatio
857 2366 938 2438 veri,
959 2376 1102 2448 utraque
1122 2366 1213 2447 apud
1236 2365 1314 2429 illos
1336 2366 1394 2449 qui
1417 2366 1485 2430 sibi

356 2463 482 2527 Divina
505 2461 706 2526 attribuunt.
757 2475 814 2534 [o.]
845 2458 992 2524 Sextum
1022 2462 1268 2544 profanationis
1297 2481 1408 2543 genus
1437 2462 1485 2525 ab

351 2559 424 2623 illis
446 2570 512 2633 est,
532 2556 593 2640 qui
613 2553 754 2621 Verbum
777 2566 972 2637 agnoscunt,
992 2567 1144 2639 eiusque
1161 2557 1324 2621 Divinam
1344 2557 1488 2621 Domini

352 2665 487 2738 negant.
543 2654 589 2717 Hi
623 2655 657 2717 in
691 2653 820 2716 mundo
853 2664 1021 2717 vocantur
1053 2652 1237 2729 Sociniani,
1271 2666 1307 2718 et
1341 2657 1482 2737 quidam

353 2751 487 2815 Ariani.
526 2749 661 2813 Horum
674 2759 710 2813 et
728 2748 864 2812 illorum
877 2769 951 2812 sors
963 2759 1029 2825 est,
1043 2750 1134 2834 quod
1150 2752 1314 2814 invocent
1331 2749 1482 2824 Patrem,

351 2859 391 2911 et
408 2866 477 2910 non
495 2845 692 2921 Dominum,
706 2855 742 2910 et
760 2846 921 2910 continue
938 2856 1038 2911 orent
1055 2846 1202 2921 Patrem,
1220 2847 1358 2930 quidam
1375 2847 1483 2912 etiam

352 2954 498 3028 propter
528 2943 664 3020 Filium,
692 2954 730 3008 ut
756 2942 987 3007 admittantur
1017 2945 1050 3007 in
1078 2942 1224 3018 caelum,
1253 2943 1314 3006 sed
1344 2943 1482 3017 frustra,

353 3063 462 3124 usque
485 3042 566 3105 dum
586 3040 715 3124 absque
738 3060 799 3122 spe
823 3039 1026 3103 salvationis
1049 3039 1158 3118 fiunt;
1187 3049 1223 3104 et
1247 3048 1330 3102 tunc
1354 3038 1483 3104 demit·

352 3149 477 3203 tuntur
492 3139 527 3201 in
545 3137 712 3201 infernum
731 3139 822 3200 inter
840 3134 919 3200 illos
937 3137 994 3220 qui
1013 3147 1144 3219 negant
1165 3135 1288 3200 Deum.
1336 3133 1382 3198 Hi
1400 3147 1483 3202 sunt

350 3237 412 3320 qui
429 3235 670 3316 intelliguntur
689 3254 749 3316 per
766 3233 844 3297 illos

406 3381 459 3446 Qui
474 3381 662 3443 blasphemant
677 3379 804 3442 Spiritum
820 3377 957 3440 Sanctum,
972 3379 1068 3444 quibus
1084 3393 1138 3428 non
1154 3379 1305 3430 remittetur
1319 3379 1347 3428 in
1359 3377 1411 3429 hoe
1422 3394 1482 3430 sae·

488 3448 549 3496 culo
565 3461 615 3496 nec
629 3449 655 3495 in
671 3446 762 3496 futuro
774 3447 879 3508 (Mortis.
893 3448 937 3497 xii.
951 3445 1002 3508 32):

351 3621 459 3664 causa
478 3610 544 3676 est,
562 3602 640 3684 quia
657 3601 750 3665 Deus
769 3611 823 3665 est
840 3621 926 3664 unus
946 3601 1097 3664 Persona
1115 3609 1151 3664 et
1170 3598 1345 3676 Essentia,
1363 3599 1397 3662 in
1414 3619 1481 3682 quo

352 3696 519 3771 Trinitas,
534 3707 569 3760 et
586 3696 643 3760 ille
661 3696 754 3761 Deus
768 3708 821 3761 est
839 3695 1007 3760 Dominus
1022 3718 1029 3774 ;
1049 3706 1085 3759 et
1099 3696 1177 3780 quia
1194 3696 1361 3759 Dominus
1377 3697 1481 3760 etiam

352 3803 409 3855 est
429 3791 583 3866 Caelum,
601 3802 637 3856 et
653 3793 732 3856 inde
751 3792 800 3855 illi
819 3794 875 3875 qui
895 3793 927 3855 in
948 3792 1045 3857 caelo
1065 3801 1145 3855 sunt
1165 3793 1198 3855 in
1218 3791 1369 3856 Domino
1388 3801 1480 3865 sunt,

351 3887 432 3951 ideo
451 3888 500 3952 illi
519 3888 575 3972 qui
595 3898 725 3970 negant
746 3887 906 3951 Divinum
924 3887 1074 3962 Domini,
1093 3909 1162 3951 non
1179 3898 1325 3970 possunt
1344 3885 1482 3950 admitti

351 3984 388 4047 in
408 3984 553 4060 caelum,
570 4004 610 4047 ac
628 3985 662 4047 in
681 3983 830 4049 Domino
846 4005 943 4048 esse:
968 3986 1059 4068 quod
1078 3984 1246 4047 Dominus
1262 3985 1307 4048 sit
1326 3979 1485 4057 Caelum,

351 4091 391 4144 et
407 4081 499 4164 quod
519 4082 598 4146 inde
617 4081 667 4145 illi
687 4082 742 4164 qui
767 4083 799 4144 in
823 4081 921 4145 caelo
944 4092 1036 4156 sunt,
1056 4081 1089 4145 in
1111 4081 1261 4145 Domino
1280 4081 1361 4155 sint,
1380 4098 1482 4160 supra

351 4187 534 4241 ostensum
553 4188 617 4242 est.
664 4190 722 4252 [⁷.]
753 4176 944 4260 Septimum
961 4178 1209 4261 profanationis
1227 4197 1336 4259 genus
1356 4174 1482 4238 abillis

352 4285 421 4349 est,
435 4273 496 4356 qui
503 4275 653 4355 primum
669 4283 856 4357 agnoscunt
870 4273 997 4338 Daoino
1013 4296 1103 4348 vera,
1117 4295 1156 4338 ac
1169 4274 1291 4337 vivunt
1305 4271 1482 4335 secundum

352 4369 427 4442 illa,
462 4391 501 4435 ac
525 4381 644 4453 postea
673 4370 828 4433 recedunt
855 4381 887 4434 et
916 4381 1039 4452 negant
1067 4369 1263 4434 illa—Hoc
1295 4369 1480 4451 pessimum

353 4487 464 4547 genus
485 4465 732 4548 profanationis
751 4475 817 4540 est,
836 4486 880 4528 ex
900 4486 1003 4529 causa
1022 4467 1100 4549 quia
1117 4466 1346 4530 commiscent
1362 4459 1482 4526 sanita

353 4563 514 4644 profanis,
528 4582 634 4645 usque
651 4562 739 4626 adeo
756 4572 793 4626 ut
810 4563 960 4645 separari
977 4571 1150 4645 nequeant
1164 4583 1171 4640 ;
1195 4570 1231 4625 et
1247 4570 1366 4625 tamen
1383 4578 1483 4641 sepa·

350 4657 461 4720 randa
477 4667 569 4734 sunt,
587 4668 625 4722 ut
640 4658 710 4722 sint
727 4657 783 4722 vel
799 4658 833 4721 in
852 4657 949 4721 caelo
968 4657 1023 4722 vel
1041 4658 1075 4720 in
1091 4657 1225 4722 inferno
1239 4677 1247 4732 ;
1271 4665 1307 4720 et
1323 4654 1484 4732 quiahoc
