3448 5374
316 675 354 738 18
667 682 871 734 5ΑΡΙΕΝΤΙΑ
894 681 1091 733 ANGELICA

309 859 449 934 Judicio
473 856 521 941 (n.
546 856 684 942 14-27);
709 867 745 921 et
769 857 803 920 in
826 853 1082 921 Contr'nuatr'one
1099 854 1141 920 de
1164 854 1288 920 Ultimo
1305 853 1454 931 Judicio

308 968 342 1021 et
359 955 400 1020 de
416 955 545 1018 Mundo
564 953 753 1037 Spirituali
769 952 805 1036 (a
824 953 991 1035 principio
1009 953 1052 1015 ad
1074 951 1205 1035 finem).
1252 964 1310 1029 [2.]
1342 949 1445 1016 Nunc

309 1054 390 1136 quia
406 1052 539 1116 caelum
560 1072 604 1115 ex
624 1051 776 1114 humano
792 1070 921 1133 genere
938 1059 1003 1124 est,
1022 1058 1057 1113 et
1074 1048 1208 1112 caelum
1228 1056 1281 1112 est
1301 1046 1445 1112 cohabi-

310 1150 400 1212 tatio
418 1167 495 1212 cum
516 1146 667 1211 Domino
685 1147 718 1209 in
740 1155 931 1222 aeternum,
953 1145 1107 1228 sequitur
1125 1143 1217 1227 quod
1237 1141 1321 1222 illud
1341 1142 1445 1209 fuerit

311 1242 462 1308 Domino
486 1242 561 1306 finis
585 1242 790 1321 creationis;
826 1249 861 1305 et
884 1240 961 1324 quia
983 1239 1046 1304 suit
1069 1237 1144 1302 finis
1168 1239 1365 1316 creationis,
1390 1247 1447 1304 est

309 1339 396 1403 illud
431 1339 506 1403 finis
540 1338 687 1402 Divinae
722 1337 833 1421 Ipsius
867 1335 1121 1401 Providentiae.
1168 1335 1338 1400 Dominus
1372 1356 1443 1402 non

309 1437 442 1500 creavit
462 1437 655 1500 universum
680 1445 822 1518 propter
840 1431 896 1510 Se,
917 1433 979 1497 sed
1000 1441 1145 1514 propter
1166 1431 1246 1496 illos
1269 1450 1347 1495 curn
1367 1433 1442 1516 qui·

309 1532 373 1595 bus
392 1533 427 1595 in
445 1531 544 1596 caelo
562 1533 646 1610 erit;
678 1529 866 1611 spiritualis
886 1529 976 1594 enim
996 1547 1094 1592 amor
1112 1527 1193 1592 talis
1212 1537 1278 1604 est,
1299 1537 1337 1592 ut
1355 1528 1445 1594 velit

309 1627 392 1690 dare
411 1628 512 1692 alteri
531 1646 650 1706 suum;
685 1635 721 1690 et
741 1635 907 1710 quantum
926 1625 960 1688 id
980 1635 1110 1708 potest,
1131 1623 1238 1688 estin
1258 1644 1321 1688 suo
1339 1623 1442 1702 Esse,

309 1722 344 1786 in
363 1743 425 1786 sua
443 1741 540 1804 pace,
561 1733 596 1786 et
616 1723 650 1785 in
670 1741 732 1784 suo
750 1721 867 1785 beato.
913 1718 991 1784 Hoc
1012 1720 1119 1784 trahit
1139 1739 1236 1784 amor
1254 1719 1444 1802 spiritualis

309 1838 356 1880 ex
376 1817 502 1882 Divino
522 1817 654 1881 Amore
674 1816 823 1892 Domini,
846 1816 903 1901 qui
926 1815 1061 1880 infinite
1084 1815 1166 1881 talis
1189 1825 1253 1879 est.
1299 1813 1444 1880 Exinde

309 1914 472 1996 sequitur,
492 1912 584 1996 quod
605 1912 750 1975 Divinus
769 1912 891 1987 Amor,
912 1921 948 1977 et
970 1912 1050 1976 inde
1074 1911 1201 1975 Divina
1220 1910 1444 1976 Providentia

310 2026 374 2089 pro
403 2005 470 2071 fine
499 2006 628 2072 habeat
661 2005 806 2083 caelum,
838 2008 931 2091 quod
960 2009 1131 2072 consistat
1165 2027 1212 2071 ex
1245 2006 1444 2072 hominibus

308 2101 409 2167 saitis
442 2101 587 2185 angelis,
622 2111 659 2166 et
691 2103 748 2186 qui
781 2101 866 2167 fiunt
902 2102 1029 2185 angeli,
1061 2104 1183 2186 quibus
1215 2104 1298 2168 dare
1330 2105 1444 2186 possit

308 2201 428 2264 omnia
447 2200 551 2264 beata
573 2210 609 2264 et
632 2199 746 2263 felicia
763 2220 850 2283 quae
868 2200 996 2264 amoris
1020 2209 1057 2264 et
1080 2199 1272 2281 sapientiae
1291 2210 1384 2276 sunt,
1404 2208 1444 2266 et

308 2296 370 2360 illa
399 2297 482 2360 dare
511 2316 557 2358 ex
590 2294 635 2360 Se
668 2294 750 2378 lpso
783 2295 817 2358 in
847 2295 925 2359 illis.
971 2293 1044 2359 Nec
1075 2304 1194 2379 potest
1224 2294 1335 2370 aliter,
1363 2295 1445 2378 quia

308 2393 429 2476 imago
447 2403 482 2457 et
503 2392 694 2456 similitudo
714 2390 825 2474 Ipsius
848 2411 869 2455 a
892 2392 1068 2456 creatione
1091 2392 1125 2455 in
1148 2390 1218 2455 illis
1240 2399 1306 2466 est,
1323 2391 1444 2474 imago

308 2489 345 2553 in
368 2489 436 2553 illis
459 2497 514 2553 est
537 2487 718 2570 sapientia,
739 2495 775 2550 et
798 2486 988 2550 similitudo
1018 2486 1052 2550 in
1081 2487 1149 2550 illis
1172 2496 1227 2551 est
1250 2505 1370 2566 amor;
1400 2505 1443 2552 ac

311 2584 480 2648 Dominus
502 2583 538 2648 in
560 2582 629 2646 illis
652 2591 707 2646 est
730 2600 827 2645 amor
856 2581 971 2645 unitus
997 2581 1189 2665 sapientiae
1212 2589 1248 2646 et
1269 2582 1444 2664 sapientia

309 2681 410 2743 unita
432 2679 559 2756 amori;
590 2698 649 2742 seu
673 2677 764 2762 quod
788 2677 891 2752 idem,
912 2686 967 2742 est
991 2676 1119 2741 bonum
1143 2678 1276 2742 unitum
1299 2697 1382 2741 vero
1404 2685 1443 2743 et

309 2793 428 2838 verum
459 2775 592 2838 unitum
618 2773 732 2852 bono;
765 2773 810 2837 de
833 2793 900 2857 qua
922 2774 1048 2838 unione
1070 2773 1104 2837 in
1128 2771 1276 2837 articulo
1299 2793 1442 2856 praece·

309 2870 418 2934 dente
441 2865 555 2933 adtum
579 2877 643 2933 est.
690 2880 748 2944 [8.]
779 2865 848 2932 Sed
871 2869 950 2952 quia
972 2870 1124 2933 nescitur
1146 2869 1226 2952 quid
1250 2868 1384 2933 caelum
1405 2869 1441 2934 in
1501 2861 1504 2868 ⁴

309 2966 486 3030 communi
509 2985 568 3029 seu
592 2963 682 3048 apud
707 2963 832 3047 plures,
856 2965 996 3048 etquid
1020 2964 1154 3029 caelum
1181 2965 1215 3028 in
1242 2964 1442 3047 particulari

310 3081 373 3126 seu
395 3062 485 3145 apud
509 3061 679 3144 aliquem;
705 3069 780 3124 turn
799 3060 880 3143 quid
900 3060 1034 3124 caelum
1052 3061 1087 3124 in
1107 3061 1235 3125 mundo
1258 3059 1440 3144 spirituali,

309 3167 349 3223 et
365 3157 445 3240 quid
462 3154 594 3221 caelum
612 3156 647 3220 in
663 3155 794 3218 mundo
810 3154 972 3231 naturali,
986 3165 1023 3220 et
1040 3164 1159 3219 tamen
1174 3154 1253 3231 hoc,
1269 3156 1348 3239 quia
1364 3155 1442 3220 finis

313 3253 458 3317 Divinae
482 3251 723 3316 Providentiae
746 3259 813 3326 est,
833 3251 980 3315 interest
999 3251 1098 3328 scire,
1116 3249 1254 3315 voloid
1271 3250 1307 3315 in
1324 3250 1442 3336 aliqua

313 3345 390 3412 luce
407 3348 541 3424 sistere,
562 3346 596 3410 in
614 3345 682 3412 hoc
702 3346 823 3410 ordine
834 3365 888 3408 :—
1325 3349 1333 3364 ·

491 3496 534 3566 (ἰ.)
562 3495 649 3566 Quod
658 3495 776 3552 Caelum
788 3497 830 3549 sit
839 3494 1004 3566 confundat
1013 3511 1079 3550 cum
1091 3493 1226 3551 Domino.

480 3567 535 3638 (ii.)
563 3567 649 3638 Quod
663 3567 746 3621 homo
762 3583 800 3620 ex
817 3568 964 3620 meatim
986 3565 1059 3620 tales
1075 3569 1123 3628 sit,
1135 3572 1170 3620 ut
1181 3566 1309 3638 propius
1325 3572 1355 3622 et
1366 3569 1441 3638 pro·

626 3641 701 3710 pius
711 3639 855 3710 conjungi
857 3639 954 3708 possit
966 3637 1100 3692 Domino.

469 3708 535 3780 (iii.)
561 3709 648 3781 Quod
658 3709 813 3850 homrrligrtco
821 3710 946 3780 properas
959 3710 1154 3781 consurgitur
1164 3709 1299 3771 Domino,
1308 3725 1340 3764 eo
1358 3709 1442 3780 sapt·

630 3782 727 3834 cultor
793 3821 799 3834 .

470 3851 534 3922 (iv.)
561 3850 740 3938 Quodnhomo
754 3867 810 3920 quo
822 3853 950 3923 propius
966 3827 1161 3924 consurgatur
1174 3825 1310 3916 Domino,
1321 3868 1354 3907 eo
1361 3851 1441 3925 feli·

490 3993 543 4066 (v.)
566 3921 758 4066 Quollolrlinlrl
766 4009 822 4064 quo
835 3995 963 4065 propius
979 3994 1174 4066 conjungitur
1180 4008 1208 4064 Λ
1216 3995 1319 4056 mrito,
1331 4009 1362 4049 eo
1379 3993 1441 4048 dir·

629 4065 751 4119 ranerius
761 4067 908 4137 appareat
918 4064 979 4119 sibi
993 4064 1073 4136 quod
1086 4067 1127 4119 sr't
1140 4081 1218 4129 suus,
1230 4081 1267 4120 ac
1276 4064 1443 4120 mallentin

630 4135 855 4191 anrinadvertat
864 4135 945 4208 quod
951 4138 993 4191 sit
1004 4136 1137 4192 Domini.

374 4295 444 4365 ²8·
472 4296 524 4384 (i.)
546 4295 645 4379 Quod
657 4295 795 4365 Caelum
809 4298 858 4364 sit
871 4298 1052 4384 conjicntlr'o
1065 4319 1138 4364 cum
1152 4295 1439 4364 Domina-Cae·

309 4394 382 4461 lum
405 4414 475 4460 non
502 4404 557 4460 est
582 4392 717 4460 caelum
744 4415 791 4460 ex
818 4394 964 4478 angelis,
989 4396 1051 4461 sed
1078 4415 1124 4460 ex
1154 4394 1325 4473 Domino,
1357 4411 1440 4458 nam

309 4511 409 4556 amor
429 4499 468 4557 et
491 4490 673 4576 sapientia,
693 4491 728 4555 in
751 4491 873 4574 quibus
895 4490 1011 4575 angeli
1034 4501 1125 4568 sunt,
1145 4499 1182 4557 et
1200 4510 1289 4576 quae
1307 4489 1442 4556 faciunt

309 4586 458 4665 caelum,
480 4606 551 4652 non
579 4596 660 4651 sunt
690 4608 736 4653 ex
765 4586 844 4664 illis,
868 4587 929 4653 sed
960 4609 1006 4654 ex
1036 4587 1199 4664 Domino,
1222 4588 1329 4653 immo
1357 4593 1442 4652 sunt

310 4683 481 4750 Dominus
495 4683 530 4748 in
545 4681 624 4748 illis.
669 4682 718 4748 Et
734 4685 813 4768 quia
828 4704 925 4749 amor
943 4695 979 4749 et
998 4685 1170 4769 sapientia
1185 4695 1265 4748 sunt
1286 4682 1444 4758 Domini,
