3434 5364
265 657 305 706 10
611 651 817 703 SAPIENTIA
839 651 1035 702 ANGELICA

262 846 344 911 pere
374 833 410 891 et
440 825 599 910 cogitare
623 833 678 889 est
701 821 911 900 intellectus
936 833 973 889 et
996 845 1033 888 se
1056 823 1160 889 refert
1183 823 1227 888 ad
1251 842 1392 889 verum:

261 923 341 986 inde
365 931 466 1006 patet
490 921 581 1006 quod
606 920 696 984 velle
722 941 791 984 non
815 923 861 985 sit
885 920 1026 1004 aliquid,
1045 921 1107 984 sed
1127 921 1218 1004 quod
1242 920 1308 983 hoc
1333 927 1394 984 aut

261 1019 344 1083 illud
361 1017 452 1082 velle
471 1018 516 1082 sit
536 1017 675 1102 aliquid.
722 1021 780 1082 [3.]
809 1015 926 1080 Simile
946 1027 1000 1081 est
1018 1035 1094 1104 cum
1112 1017 1206 1079 omni
1225 1036 1297 1092 usu,
1315 1016 1395 1098 quia

261 1135 342 1178 usus
372 1123 427 1179 est
457 1114 595 1177 bonum.
641 1111 734 1177 Usus
763 1112 828 1176 nisi
858 1112 1111 1176 determinatus
1137 1112 1182 1175 sit
1209 1112 1253 1175 ad
1284 1111 1392 1194 quod·

262 1211 353 1286 dam,
372 1229 449 1273 cum
467 1230 534 1294 quo
553 1211 599 1275 sit
619 1227 734 1282 unum,
754 1227 823 1270 non
843 1217 896 1272 est
913 1228 1002 1282 usus,
1022 1208 1073 1272 ita
1091 1227 1159 1269 non
1180 1218 1233 1270 est
1253 1205 1393 1290 aliquid.

263 1306 357 1371 Usus
380 1326 478 1370 suum
502 1305 630 1389 aliquid
655 1303 763 1369 trahit
794 1305 839 1368 ab
862 1300 1054 1378 intellestu,
1079 1312 1115 1368 et
1137 1303 1171 1367 id
1196 1303 1288 1387 quod
1312 1301 1395 1366 inde

262 1404 336 1465 usui
360 1400 579 1484 conjungitur
602 1401 658 1464 vel
681 1399 890 1484 adjungitur,
915 1421 951 1464 se
974 1399 1078 1464 refert
1108 1400 1152 1463 ad
1175 1418 1314 1477 verum,
1346 1417 1393 1460 ex

262 1518 304 1560 eo
328 1497 435 1562 trahit
459 1518 538 1561 usus
562 1516 659 1560 suum
683 1495 795 1580 quale.
841 1503 899 1564 [4.]
930 1494 988 1559 Ex
1014 1494 1067 1558 his
1091 1495 1207 1577 paucis
1230 1505 1394 1558 constare

263 1603 392 1675 potest,
411 1594 503 1677 quod
521 1593 651 1656 bonum
671 1591 802 1676 absque
818 1612 902 1655 vero
921 1611 991 1655 non
1010 1591 1055 1654 sit
1075 1589 1214 1673 aliquid,
1231 1591 1281 1654 ita
1300 1587 1393 1672 quod

263 1709 325 1752 nec
350 1709 468 1753 verum
489 1689 618 1773 absque
637 1688 731 1751 bono
754 1689 799 1750 sit
819 1687 957 1771 aliquid.
1003 1685 1135 1749 Dicitur
1151 1685 1242 1769 quod
1262 1686 1391 1749 bonurn

263 1802 341 1847 cum
364 1805 458 1860 vero,
483 1803 523 1847 ac
547 1803 666 1847 verum
690 1802 767 1846 cum
786 1783 880 1846 bono
902 1783 971 1846 sint
998 1781 1149 1864 aliquid;
1173 1780 1253 1843 inde
1277 1780 1391 1863 sequi·

263 1889 319 1944 tur
337 1880 429 1963 quod
449 1879 577 1943 malum
597 1897 675 1942 cum
695 1878 783 1942 falso
805 1888 841 1942 et
865 1877 987 1940 falsum
1011 1896 1089 1940 cum
1113 1874 1205 1939 malo
1228 1895 1298 1938 non
1321 1875 1392 1938 sint

262 1976 411 2060 aliquid;
435 1985 517 2039 sunt
535 1975 627 2039 enim
646 1975 732 2038 haec
756 1973 824 2037 illis
847 1974 1019 2056 opposita,
1040 1981 1075 2037 et
1096 1972 1295 2054 oppositum
1312 1972 1392 2036 des·

263 2072 358 2147 truit,
379 2072 434 2135 hic
453 2071 602 2134 destruit
623 2069 762 2154 aliquid.
809 2067 877 2132 Sed
897 2068 1024 2133 dehac
1044 2090 1080 2133 re
1103 2070 1138 2132 in
1157 2069 1394 2150 sequentibus.

327 2181 391 2232 12.
421 2166 490 2232 Sed
511 2169 612 2231 datur
630 2165 827 2248 conjugium
844 2165 924 2229 boni
943 2174 980 2230 et
999 2166 1070 2228 veri
1089 2165 1122 2227 in
1142 2183 1256 2241 causa,
1274 2175 1309 2229 et
1329 2165 1391 2228 da·

262 2273 319 2328 tur
334 2262 531 2346 conjugium
548 2263 629 2326 boni
648 2271 685 2327 et
704 2261 775 2325 veri
794 2282 814 2324 a
834 2281 936 2324 causa
955 2261 989 2324 in
1008 2257 1140 2324 effedtu.
1186 2259 1391 2341 Coniugium

262 2359 344 2424 boni
366 2369 403 2425 et
426 2361 496 2424 veri
520 2360 553 2422 in
578 2379 693 2434 causa,
713 2367 769 2421 est
792 2356 989 2439 conjugium
1013 2355 1204 2419 voluntatis
1227 2367 1263 2418 et
1286 2355 1391 2418 intel·

263 2453 385 2531 lectus,
403 2475 463 2518 seu
479 2454 606 2519 amoris
625 2463 662 2518 et
680 2453 892 2536 sapientiae;
916 2453 951 2516 in
970 2453 1065 2515 omni
1080 2451 1172 2535 quod
1192 2451 1297 2515 homo
1315 2451 1391 2515 vult

262 2560 299 2615 et
318 2551 464 2632 cogitat,
481 2560 518 2614 et
537 2549 629 2634 quod
648 2549 728 2613 inde
746 2547 923 2612 concludit
940 2567 980 2611 ac
1000 2547 1161 2623 intendit,
1182 2557 1235 2611 est
1254 2547 1288 2609 id
1307 2566 1390 2610 con·

179 2690 184 2699 -
259 2645 402 2728 jugium.
449 2645 527 2710 Hoc
546 2645 743 2727 conjugium
758 2645 867 2709 intrat
879 2642 1037 2709 effectum
1053 2655 1089 2708 et
1105 2644 1187 2707 iacit
1204 2642 1311 2716 illum,
1329 2643 1390 2706 sed

261 2742 296 2805 in
316 2740 498 2804 efficiendo
513 2749 682 2823 apparent
697 2740 757 2803 illa
775 2741 844 2804 duo
860 2737 1034 2815 distincta,
1050 2740 1129 2822 quia
1145 2738 1389 2802 simultaneum

261 2845 344 2900 tunc
368 2835 450 2900 facit
470 2837 723 2900 successivum:
743 2846 782 2899 ut
806 2836 886 2898 dum
904 2835 1009 2898 homo
1026 2834 1101 2898 vult
1120 2844 1156 2898 et
1174 2835 1307 2916 cogitat
1328 2855 1389 2896 nu·

261 2931 343 3004 triri‚
358 2932 484 3006 vestiri,
497 2932 664 3006 habitare,
678 2929 790 2994 lacere
804 2931 983 3012 negotium
997 2940 1056 2992 aut
1072 2949 1168 3012 opus,
1181 2930 1390 3004 conversari,

262 3035 344 3090 tunc
366 3027 456 3109 prius
486 3027 521 3090 id
550 3025 652 3090 simul
670 3025 745 3089 vult
769 3035 805 3089 et
829 3025 975 3107 cogitat,
996 3045 1055 3087 seu
1075 3024 1250 3088 concludit
1281 3035 1317 3088 et
1337 3026 1388 3087 in·

261 3123 401 3203 tendit;
435 3143 512 3187 cum
536 3122 782 3186 determinavit
804 3121 864 3184 illa
893 3121 928 3185 in
952 3117 1104 3195 effectus,
1125 3130 1207 3183 tunc
1232 3121 1389 3184 succedit

262 3238 366 3283 unum
391 3229 470 3301 post
494 3218 655 3294 alterum,
676 3218 737 3282 sed
762 3238 868 3300 usque
891 3217 1053 3280 continue
1084 3217 1117 3278 in
1147 3214 1329 3279 voluntate
1351 3226 1389 3281 et

261 3315 478 3397 cogitatione
501 3335 605 3378 unum
635 3313 775 3378 iaciunt.
820 3311 914 3377 Usus
945 3313 979 3375 in
1010 3307 1185 3374 effectibus
1209 3311 1275 3374 illis
1306 3319 1388 3375 sunt

261 3411 387 3474 amoris
406 3432 466 3475 seu
485 3410 586 3489 boni;
614 3411 729 3474 media
747 3409 792 3473 ad
812 3428 892 3471 usus
912 3418 991 3472 sunt
1011 3404 1208 3470 intelledtus
1228 3427 1287 3469 seu
1306 3407 1386 3470 veri.

262 3504 446 3570 Generalia
474 3507 560 3570 haec
591 3526 652 3589 per
680 3503 839 3588 specifica
866 3504 1008 3586 quisque
1032 3501 1233 3566 confirmare
1258 3512 1387 3584 potest,

261 3601 366 3664 modo
385 3599 545 3666 distincte
565 3601 730 3683 percipiat
750 3599 829 3682 quid
855 3619 892 3661 se
914 3597 1018 3661 relert
1042 3599 1085 3660 ad
1109 3596 1237 3660 bonum
1261 3598 1389 3661 amoris

260 3695 395 3778 etquid
415 3695 457 3758 ad
477 3715 595 3758 verum
612 3694 815 3776 sapientiae,
835 3704 871 3756 et
894 3688 1056 3757 distincte
1075 3691 1249 3775 quomodo
1271 3713 1309 3755 se
1332 3714 1386 3756 re-

259 3789 326 3854 fert
346 3791 378 3853 in
398 3809 501 3852 causa
519 3799 555 3853 et
575 3789 748 3872 quomodo
767 3789 801 3852 in
820 3785 952 3852 effectu.

324 3897 390 3966 13.
421 3883 619 3968 Aliquoties
647 3881 776 3948 dictum
806 3894 872 3959 est,
897 3883 989 3966 quod
1018 3901 1115 3947 amor
1141 3882 1245 3946 saciat
1276 3882 1385 3946 vitam

260 3980 430 4060 hominis;
454 3981 516 4044 sed
536 4001 604 4044 non
624 3981 832 4063 intelligitur
850 4000 946 4043 amor
963 3988 1144 4061 separatus
1165 3999 1184 4040 a
1203 3979 1384 4060 sapientia,

259 4098 319 4141 seu
330 4075 458 4140 bonum
474 4097 495 4139 a
510 4097 592 4140 vero
608 4077 641 4140 in
659 4096 773 4152 causa,
787 4077 865 4159 quia
878 4094 973 4138 amor
985 4083 1164 4155 separatus
1181 4093 1241 4136 seu
1256 4073 1385 4137 bonum

260 4181 467 4255 separatum,
488 4193 558 4235 non
588 4183 642 4236 est
665 4171 813 4255 aliquid;
844 4191 948 4253 quare
972 4189 1069 4232 amor
1095 4168 1151 4251 qui
1173 4167 1257 4232 lacit
1276 4169 1385 4234 vitam

258 4267 407 4331 hominis
425 4267 593 4342 intimam,
612 4289 699 4350 quae
719 4276 773 4331 est
793 4288 813 4328 a
832 4264 992 4339 Domino,
1010 4273 1063 4328 est
1078 4283 1174 4328 amor
1193 4273 1228 4327 et
1248 4265 1384 4347 sapien·

259 4363 308 4426 tia
326 4363 445 4426 simul:
475 4364 580 4426 etiam
604 4383 701 4426 amor
728 4361 785 4444 qui
814 4361 895 4424 facit
918 4361 1026 4424 vitam
1045 4359 1194 4422 hominis
1213 4369 1387 4442 quatenus

260 4468 315 4523 est
344 4459 523 4540 recipiens,
553 4478 616 4522 nec
644 4467 698 4523 est
728 4477 825 4520 amor
854 4466 1035 4540 separatus
1065 4455 1099 4517 in
1130 4475 1244 4530 causa,
1265 4456 1326 4519 sed
1349 4457 1384 4520 in

261 4551 401 4632 effedtu;
426 4575 494 4618 non
514 4555 605 4618 enim
624 4562 743 4636 potest
761 4572 859 4617 amor
877 4551 1026 4634 intelligi
1046 4551 1175 4634 absque
1199 4571 1261 4615 suo
1280 4550 1385 4634 quali,

259 4661 296 4718 et
314 4651 416 4736 quale
434 4650 505 4733 ejus
529 4660 583 4715 est
607 4650 798 4734 sapientia;
824 4670 892 4713 non
912 4658 1030 4732 potest
1049 4648 1149 4732 quale
1169 4669 1229 4711 seu
1247 4648 1386 4732 sapien·
