3434 5364
322 649 359 712 14
697 641 900 692 SAPIENTIA
923 639 1120 691 ANGELICA

316 837 353 880 se
384 814 660 890 confirmaverat,
685 821 721 877 et
751 811 832 877 loco
861 810 932 894 ejus
963 812 1065 877 datur
1090 830 1220 889 verum,
1244 811 1337 896 quod
1366 829 1445 878 cum

316 913 409 977 bono
432 911 503 993 ejus
528 909 728 974 concordat.
776 907 853 973 Hoc
877 907 1087 991 intelligitur
1110 928 1171 991 per
1193 905 1279 973 haec
1305 907 1446 974 Domini

315 1008 421 1072 verba
433 1028 440 1070 :

366 1143 381 1166 ‘⁸
388 1141 501 1193 Tollite.
511 1141 557 1191 .ab
569 1156 602 1190 eo
614 1139 755 1199 talentum,
768 1149 795 1190 et
808 1139 870 1190 date
882 1139 992 1189 habenti
1004 1140 1097 1189 decem
1111 1139 1228 1189 talenta:
1247 1138 1358 1188 habenti
1370 1139 1444 1190 enim

448 1207 522 1256 omni
535 1207 642 1256 dabitur
657 1217 686 1256 ut
699 1206 832 1264 abundet;
851 1207 885 1254 ab
897 1221 930 1254 eo
942 1214 1041 1264 autem,
1052 1203 1098 1270 qul
1110 1219 1164 1254 non
1178 1205 1267 1264 hahet,
1277 1205 1359 1254 etiam
1372 1205 1444 1269 quod

447 1271 819 1398 lpiqpeqsapfpirptqql’kqfatth.
835 1285 896 1320 xxv.
910 1272 948 1329 28,
963 1283 1011 1334 ²93
1029 1271 1085 1321 xiii.
1100 1283 1146 1330 ιη
1163 1272 1250 1321 Marc.
1265 1271 1300 1320 iv.
1313 1282 1362 1352 ²⁵?
1380 1271 1444 1323 Luc.

379 1467 447 1534 18.
478 1467 580 1552 Quod
601 1469 830 1552 unusquisque
854 1477 933 1551 post
958 1478 1106 1532 mortem
1124 1467 1181 1532 vel
1205 1468 1270 1533 erit
1292 1468 1326 1532 in
1349 1468 1444 1532 bono

314 1576 350 1630 et
371 1565 471 1629 simul
491 1585 585 1642 vero,
605 1563 662 1629 vel
680 1565 714 1628 in
734 1564 827 1627 malo
846 1574 882 1628 et
901 1562 1001 1626 simul
1024 1564 1122 1638 falso,
1143 1571 1198 1627 est
1217 1565 1295 1647 quia
1313 1565 1442 1628 bonum

314 1672 350 1726 et
382 1661 511 1726 malum
545 1681 614 1724 non
645 1659 808 1743 conjungi
837 1669 994 1743 possunt,
1023 1679 1085 1724 nec
1117 1659 1245 1722 bonum
1276 1669 1311 1724 et
1342 1660 1441 1723 simul

314 1756 437 1819 falsum
462 1753 553 1830 m'ali,
574 1775 638 1818 nec
662 1756 790 1819 malum
807 1765 842 1819 et
865 1755 964 1819 simul
983 1772 1102 1818 verum
1123 1755 1226 1834 boni;
1248 1765 1331 1818 sunt
1349 1757 1441 1820 enim

247 1909 248 1912 ,
314 1851 485 1934 opposita,
509 1871 548 1916 ac
573 1853 732 1935 opposita
758 1853 849 1915 inter
878 1872 914 1914 se
944 1861 1113 1933 pugnant,
1137 1871 1243 1934 usque
1270 1859 1307 1915 ut
1337 1871 1441 1916 unum

314 1948 473 2010 destruat
502 1947 658 2011 alterum.
705 1946 759 2010 Illi
789 1947 846 2029 qui
872 1948 906 2010 in
934 1946 1026 2010 malo
1049 1957 1085 2011 et
1108 1945 1208 2010 simul
1231 1947 1325 2010 bono
1348 1957 1440 2024 sunt,

313 2042 556 2125 intelliguntur
582 2061 642 2124 per
668 2041 754 2106 haec
784 2041 925 2106 Domini
948 2042 993 2105 ad
1024 2040 1218 2106 Ecclesiam
1247 2040 1441 2105 Laodicen·

312 2137 399 2200 sium
418 2139 452 2201 in
472 2137 706 2220 Apocalypsi:

363 2271 457 2323 “Novi
472 2287 554 2336 opera
569 2285 622 2332 tua,
637 2272 709 2337 quod
724 2287 811 2336 neque
825 2271 940 2334 frigidus
954 2273 1000 2332 sis,
1014 2287 1100 2336 neque
1114 2272 1252 2336 fervidus3
1276 2275 1380 2324 utinam
1395 2273 1441 2324 fri-

444 2339 523 2402 gidus
540 2353 617 2389 esses
635 2339 677 2387 vel
695 2339 833 2388 fervidus:
855 2339 903 2388 sed
921 2338 985 2402 qula
1001 2339 1106 2401 tepidus
1125 2353 1162 2398 es,
1175 2350 1203 2388 et
1221 2353 1308 2403 neque
1326 2339 1440 2402 frigidus

445 2419 531 2469 neque
544 2404 672 2464 fervidus,
685 2405 859 2468 exspuiturus
871 2419 931 2454 sum
944 2415 970 2454 te
982 2419 1017 2454 ex
1028 2418 1075 2453 ore
1088 2419 1151 2454 meo
1160 2404 1174 2424 ”
1186 2405 1231 2466 (iii.
1246 2417 1284 2466 15,
1298 2405 1355 2468 tol:

311 2544 386 2598 tum
405 2554 467 2618 per
483 2533 570 2598 haec
588 2533 747 2598 Domini:

365 2647 477 2698 “Nemo
493 2657 583 2712 potest
596 2648 701 2698 duobus
716 2649 835 2699 dominis
850 2647 960 2707 servire,
976 2661 1038 2697 nam
1053 2647 1097 2698 vel
1111 2661 1195 2698 unum
1209 2648 1273 2698 odio
1287 2649 1397 2700 habebit
1414 2657 1441 2701 et

443 2714 558 2763 alterum
574 2715 683 2773 amabit,
698 2726 745 2764 aut
759 2715 805 2763 uni
820 2715 984 2773 adhaerebit,
997 2722 1024 2763 et
1041 2714 1156 2763 alterum
1174 2715 1294 2778 negliget
1302 2714 1317 2734 ''
1331 2715 1440 2776 (Mutela

443 2781 478 2830 vi.
492 2781 541 2840 24).

375 2922 444 2990 19.
476 2908 575 2993 (viii.)
603 2907 699 2988 Quod
718 2909 758 2972 id
776 2908 867 2991 quod
884 2907 992 2971 estin
1016 2907 1098 2971 bono
1118 2918 1151 2972 et
1172 2908 1278 2972 simul
1296 2931 1374 2974 vero
1393 2910 1442 2975 sit

310 3003 464 3087 aliqur'd,·
499 3014 533 3068 et
554 3004 646 3088 quod
663 3003 704 3068 id
722 3003 812 3087 quod
836 3004 944 3067 estin
966 3003 1055 3067 malo
1076 3012 1110 3067 et
1134 3003 1238 3068 simul
1258 3005 1354 3087 falso
1376 3025 1440 3069 non

310 3102 357 3165 sit
378 3098 668 3183 aliquid—Quod
693 3101 726 3163 id
751 3099 842 3183 quod
862 3109 915 3162 est
940 3100 974 3162 in
997 3100 1091 3163 bono
1114 3109 1149 3163 et
1173 3100 1272 3163 simul
1291 3121 1374 3166 vero
1392 3101 1439 3165 sit

310 3196 451 3280 aliquid,
486 3195 645 3261 videatur
682 3215 783 3279 supra
822 3192 869 3277 (n.
909 3193 984 3276 11);
1030 3195 1111 3258 inde
1148 3196 1312 3277 sequitur,
1345 3195 1438 3279 quod

310 3292 438 3355 malum
468 3301 503 3355 et
530 3291 632 3355 simul
661 3292 784 3355 falsum
816 3311 884 3354 non
915 3291 960 3355 sit
991 3290 1129 3373 aliquid.
1176 3290 1239 3354 Per
1265 3311 1334 3356 non
1361 3311 1438 3357 esse

309 3386 449 3469 aliquid,
469 3386 678 3470 intelligitur
697 3384 781 3450 nihil
801 3386 982 3468 potentiae
1006 3384 1056 3448 illi
1079 3405 1167 3460 esse,
1187 3393 1223 3449 et
1242 3384 1326 3449 nihil
1344 3387 1439 3451 vitae

310 3481 506 3563 spiritualis.
553 3483 637 3558 Illis,
669 3483 724 3565 qui
757 3480 918 3545 in'malo
948 3491 983 3545 et
1013 3480 1112 3544 simul
1142 3479 1230 3545 falso
1259 3491 1350 3558 sunt,
1380 3483 1438 3566 qui

309 3597 431 3640 omnes
465 3588 546 3641 sunt
576 3579 609 3640 in
643 3578 785 3654 inferno,
817 3587 872 3640 est
903 3576 1041 3661 quidem
1075 3577 1235 3657 potentia
1266 3577 1356 3642 inter
1388 3597 1437 3653 se,

309 3672 419 3736 malus
449 3675 541 3736 enim
572 3673 776 3737 malefacere
806 3681 934 3756 potest,
965 3681 1000 3736 et
1034 3691 1170 3755 quoque
1200 3670 1295 3736 mille
1325 3672 1437 3737 modis

309 3767 504 3845 malefacit;
536 3778 692 3832 attamen
712 3789 780 3831 non
801 3769 865 3831 nisi
883 3786 986 3851 quam
1005 3788 1051 3831 ex
1071 3766 1165 3830 malo
1186 3775 1305 3850 potest
1328 3767 1436 3831 male-

308 3864 420 3926 facere
440 3863 562 3942 malis;
597 3864 658 3926 sed
683 3884 725 3926 ne
748 3862 856 3927 hilum
880 3871 1000 3946 potest
1019 3863 1222 3928 malefacere
1241 3862 1363 3941 bonis;
1398 3869 1435 3927 et

308 3961 336 4023 si
359 3960 459 4023 bonis
482 3957 666 4033 malefacit,
688 3959 779 4042 quod
803 3957 841 4023 fit
865 3959 1082 4044 quandoque,
1109 3971 1163 4025 est
1187 3980 1249 4044 per
1272 3958 1435 4042 conjunc·

308 4057 440 4121 tionem
468 4073 545 4119 cum
573 4073 689 4119 eorum
716 4054 831 4135 malo;
871 4059 929 4122 [2.]
960 4075 1005 4119 ex
1029 4075 1071 4120 eo
1098 4065 1179 4120 sunt
1206 4055 1434 4134 tentationes,

307 4173 394 4235 quae
413 4160 494 4216 sunt
517 4151 757 4216 infestationes
780 4172 801 4215 a
824 4149 923 4214 malis
947 4151 1037 4234 apud
1061 4171 1109 4229 se,
1130 4161 1167 4216 et
1186 4150 1267 4216 inde
1284 4170 1433 4235 pugnae,

309 4268 368 4330 per
398 4269 483 4331 quas
512 4248 592 4310 boni
623 4247 758 4310 liberari
785 4254 931 4330 possunt
959 4267 979 4311 a
1006 4247 1074 4310 suis
1104 4245 1215 4312 malis.
1261 4244 1434 4328 Quoniam

308 4344 390 4407 nihil
411 4344 588 4426 potentiae
607 4351 661 4406 est
684 4342 794 4418 malis,
811 4340 891 4404 ideo
910 4342 1105 4407 universum
1128 4341 1297 4406 infernum
1317 4361 1433 4407 coram

309 4438 459 4503 Domino
489 4447 543 4502 est
575 4457 644 4501 non
669 4438 774 4501 modo
797 4437 1089 4519 quemadmodum
1113 4436 1268 4514 nihilum,
1293 4436 1355 4502 sed
1379 4445 1435 4503 est

307 4554 445 4616 prorsus
465 4531 606 4597 nihilum
631 4533 743 4615 quoad
767 4533 962 4615 potentiam
979 4555 986 4611 ;
1017 4533 1108 4616 quod
1127 4533 1177 4596 ita
1196 4532 1241 4596 sit
1265 4551 1325 4614 per
1344 4531 1433 4596 mul·

307 4641 380 4692 tam
405 4629 656 4710 experientiam
688 4627 928 4692 confirmatum
956 4629 1033 4692 vidi.
1080 4625 1146 4691 Sed
1178 4627 1244 4691 hoc
1276 4626 1434 4694 mirabile
