3418 5370
325 681 387 746 268
678 693 883 745 saersnrra
905 692 1102 745 aneenrca

323 868 414 952 apud
433 867 512 932 illos
531 868 588 951 qui
606 866 758 932 cultores
776 878 920 932 naturae
939 877 976 932 et
999 866 1100 932 simul
1119 867 1271 933 cultores
1289 870 1342 932 sui
1359 878 1453 934 sunt.

325 968 387 1030 [ΙΙ.]
418 962 563 1028 Sextum
577 984 584 1026 :
611 960 709 1042 Quod
719 983 813 1026 omne
823 963 1054 1046 confirmatum
1063 963 1232 1027 voluntate
1245 973 1279 1028 et
1292 963 1398 1028 simul
1407 962 1453 1028 ab

324 1055 489 1122 tirtelleHu
499 1067 700 1141 permaneat
716 1057 751 1120 in
771 1068 966 1132 aeternum,·
989 1079 1053 1121 non
1071 1069 1182 1122 autem
1199 1059 1240 1123 id
1254 1059 1454 1141 quodmodo

323 1143 556 1228 confirmatum
576 1153 628 1206 est
648 1142 692 1205 ab
714 1142 881 1206 intellectu
894 1165 907 1206 .·
929 1145 964 1208 id
987 1145 1080 1208 enim
1103 1145 1194 1228 quod
1218 1145 1325 1208 solius
1344 1144 1451 1209 intel·

324 1236 433 1303 lectus
456 1249 522 1316 est,
547 1259 615 1303 non
639 1249 693 1303 est
721 1241 755 1303 in
774 1238 924 1315 homine,
949 1240 1012 1304 sed
1034 1251 1090 1304 est
1117 1251 1220 1304 extra
1248 1239 1367 1320 illum;
1395 1250 1452 1305 est

324 1337 437 1400 solum
461 1338 495 1400 in
518 1336 754 1418 cogitatione;
779 1345 815 1400 et
839 1334 923 1399 nihil
942 1337 1048 1400 intrat
1068 1336 1254 1412 hominem,
1274 1345 1311 1400 et
1335 1337 1366 1400 ei
1388 1356 1451 1418 ap·

324 1434 527 1516 propriatur,
549 1433 613 1495 nisi
635 1431 728 1516 quod
751 1433 923 1514 excipitur
944 1451 966 1495 a
987 1433 1182 1506 voluntate,
1206 1431 1272 1496 hoc
1296 1434 1388 1496 enim
1411 1430 1452 1497 lit

324 1530 449 1592 amoris
473 1529 565 1592 vitae
588 1526 680 1609 ejus;
707 1527 799 1609 quod
822 1527 888 1591 hoc
913 1535 1114 1610 permaneat
1140 1528 1174 1590 in
1202 1536 1391 1603 aeternum,
1415 1527 1452 1590 in

326 1641 415 1687 nunc
435 1625 593 1708 sequenti
612 1643 754 1686 numero
773 1623 917 1687 dicetur.

387 1735 487 1803 319.
520 1716 623 1802 Quod
643 1738 745 1782 omne
764 1715 1006 1783 confirmatum
1023 1717 1207 1783 voluntate
1225 1728 1262 1782 et
1281 1717 1382 1782 simul
1406 1717 1454 1781 ab

324 1811 730 1897 intellectupermaneat
759 1813 793 1877 in
822 1824 1012 1888 aeternum,
1033 1824 1087 1879 est
1117 1816 1196 1897 quia
1223 1815 1366 1898 quisque
1396 1824 1452 1878 est

325 1929 405 1972 suus
425 1929 532 1984 amor,
552 1920 587 1974 et
607 1929 704 1972 amor
722 1920 776 1972 est
795 1908 987 1972 voluntatis
1004 1908 1098 1990 ejus;
1122 1919 1195 1974 turn
1215 1909 1294 1993 quia
1309 1909 1454 1992 quisque

326 2005 430 2068 homo
452 2016 507 2069 est
530 2024 627 2068 suurn
651 2006 779 2068 bonum
802 2016 862 2069 aut
891 2022 990 2068 suum
1010 2004 1160 2082 malum;
1184 2025 1263 2069 nam
1283 2025 1386 2068 omne
1415 2005 1452 2068 id

325 2101 452 2162 bonum
468 2101 591 2163 dicitur
604 2101 694 2183 quod
708 2111 763 2164 est
775 2102 912 2176 amoris,
927 2099 1084 2163 similiter
1094 2100 1233 2164 malum.
1279 2097 1454 2181 Quoniam

325 2196 431 2259 homo
450 2205 505 2258 est
524 2217 604 2258 suus
624 2216 731 2272 amor,
751 2205 807 2260 est
824 2216 960 2280 quoque
978 2194 1087 2260 forma
1105 2198 1155 2260 sui
1171 2197 1309 2270 amoris,
1329 2215 1369 2260 ac
1389 2217 1453 2260 vo·

327 2293 395 2354 cari
420 2301 539 2373 potest
561 2311 732 2374 organum
755 2293 881 2356 amoris
904 2293 999 2356 vitae
1021 2312 1112 2355 suae.
1157 2289 1267 2374 Supra
1299 2289 1348 2373 (n.
1372 2291 1453 2375 279)

327 2385 455 2451 dictum
478 2399 545 2462 est,
569 2389 662 2473 quod
685 2385 884 2453 affectiones
906 2388 1032 2452 amoris
1055 2397 1091 2450 et
1115 2387 1195 2452 inde
1217 2388 1455 2469 cogitationes

326 2483 476 2547 hominis
494 2485 565 2548 sint
585 2485 797 2548 mutationes
822 2493 860 2548 et
890 2485 1099 2548 variationes
1117 2492 1228 2546 status
1258 2493 1294 2547 et
1321 2482 1453 2547 formae

326 2580 599 2646 substantiarum
628 2582 868 2663 organicarum
899 2580 1025 2644 mentis
1058 2577 1151 2661 ejus;
1186 2598 1276 2642 nunc
1306 2578 1452 2653 dicetur,

326 2677 408 2759 quid
426 2687 463 2742 et
481 2677 602 2760 quales
619 2687 700 2742 sunt
721 2678 801 2742 illae
820 2677 1031 2741 mutationes
1049 2684 1087 2740 et
1105 2676 1324 2740 variationes.
1369 2675 1456 2739 Idea

326 2771 461 2835 illarum
481 2781 599 2855 potest
616 2774 808 2856 comparari
833 2794 854 2837 a
878 2773 983 2836 corde
1008 2781 1043 2835 et
1073 2771 1247 2853 pulmone,
1267 2772 1359 2855 quod
1382 2771 1454 2836 sint

326 2868 560 2949 expansiones
582 2877 619 2932 et
653 2869 939 2952 compressiones,
963 2888 1025 2930 seu
1047 2867 1272 2931 dilatationes
1298 2877 1334 2931 et
1368 2886 1452 2931 con·

326 2963 517 3028 tractiones
531 2962 699 3039 alternae,
713 2985 800 3047 quae
815 2965 849 3027 in
865 2963 970 3026 corde
983 2974 1149 3027 vocantur
1161 2962 1294 3043 systole
1310 2973 1346 3027 et
1362 2963 1455 3026 dias·

327 3057 412 3134 tole,
429 3059 464 3122 in
491 3057 655 3140 pulmone
674 3061 940 3141 respirationes;
965 3079 1052 3141 quae
1072 3069 1152 3121 sunt
1171 3059 1397 3122 extensiones
1416 3066 1455 3122 et

326 3155 553 3231 retentiones,
577 3156 650 3219 sive
673 3153 888 3219 diductiones
918 3163 954 3219 et
984 3152 1239 3218 coarctationes
1261 3153 1454 3218 lobulorum

327 3250 399 3333 ejus
414 3253 629 3333 reciprocae:
654 3249 720 3314 hae
738 3261 818 3315 sunt
832 3252 1044 3315 mutationes
1060 3259 1096 3314 et
1115 3249 1325 3313 variationes
1340 3258 1456 3313 status

327 3347 440 3412 cordis
459 3356 496 3411 et
520 3347 703 3430 pulmonis.
748 3345 886 3412 Similes
905 3346 1032 3410 dantur
1053 3347 1087 3409 in
1111 3344 1248 3429 reliquis
1266 3344 1455 3409 visceribus

326 3445 492 3528 corporis,
505 3453 542 3508 et
558 3463 696 3528 quoque
711 3443 911 3507 consimiles
926 3443 960 3505 in
976 3441 1132 3525 partibus
1146 3459 1276 3516 eorum,
1294 3461 1354 3523 per
1369 3460 1455 3523 quas

326 3540 468 3622 sanguis
490 3549 527 3603 et
550 3557 673 3603 succus
696 3538 855 3602 animalis
873 3538 1038 3621 recipitur
1055 3548 1091 3602 et
1115 3546 1348 3619 promovetur.
1395 3542 1455 3603 [2.]

327 3634 466 3700 Similes
482 3635 588 3698 etiam
605 3633 732 3699 dantur
747 3635 781 3698 in
796 3633 914 3697 formis
927 3635 1099 3715 organicis
1115 3633 1254 3707 mentis,
1267 3653 1356 3715 quae
1373 3639 1455 3695 sunt

327 3730 483 3814 subjecta
508 3728 728 3797 affectionum
758 3741 794 3797 et
825 3733 1078 3814 cogitationum
1101 3730 1260 3805 hominis,
1284 3741 1323 3793 ut
1352 3749 1456 3810 supra

327 3842 506 3895 ostensum
529 3839 604 3906 est;
633 3848 711 3894 cum
734 3827 938 3904 differentia,
962 3830 1054 3912 quod
1078 3829 1197 3892 harum
1220 3829 1457 3911 expansiones

327 3935 364 3991 et
392 3927 677 4006 compressiones,
703 3945 763 3988 seu
786 3926 1091 4008 reciprocationes
1111 3925 1181 3988 sint
1208 3925 1242 3987 in
1270 3923 1333 3988 tali
1352 3943 1455 4006 supe·

326 4023 415 4086 riore
435 4020 645 4104 perfeetione
664 4018 865 4103 respective,
885 4033 922 4086 ut
946 4041 1016 4084 non
1034 4020 1176 4084 vocibus
1195 4020 1334 4102 linguae
1351 4031 1455 4084 natu·

327 4117 408 4182 ralis
439 4119 573 4200 possint
604 4117 761 4201 exprimi,
785 4117 909 4182 solum'
926 4117 1069 4181 vocibus
1092 4115 1231 4199 linguae
1254 4115 1455 4200 spiritualis,

327 4234 416 4297 quae
438 4232 509 4276 non
532 4214 635 4277 aliter
657 4233 781 4276 sonare
801 4222 956 4296 possunt,
978 4231 1082 4296 quarn
1104 4212 1196 4294 quod
1220 4213 1290 4277 sint
1313 4213 1455 4293 ingyra·

327 4310 442 4374 tiones
466 4321 501 4374 et
525 4309 747 4392 egyrationes
771 4310 1010 4384 vorticillares,
1035 4309 1078 4371 ad
1103 4309 1244 4371 modurn
1268 4318 1454 4391 perpetua·

328 4424 403 4469 rum
432 4415 468 4468 et
496 4405 701 4469 inflexarum
731 4404 890 4480 helicnm,
921 4407 955 4468 in
985 4405 1112 4468 formas
1142 4405 1237 4468 vitae
1260 4405 1455 4486 receptivas

328 4500 468 4565 mirifice
487 4501 785 4564 confasciatarum.
837 4507 895 4568 [3.]
927 4497 1054 4583 Quales
1072 4509 1190 4563 autem
1210 4499 1274 4562 hae
1294 4499 1453 4563 substan·

224 4677 229 4684 ,
327 4599 398 4662 tiae
417 4607 453 4660 et
472 4596 600 4661 formae
620 4616 701 4678 pure
720 4597 906 4678 organicae
926 4606 1006 4660 sunt
1027 4597 1117 4677 apud
1138 4595 1260 4670 malos,
1277 4606 1313 4660 et
1333 4595 1455 4675 quales

328 4693 419 4776 apud
442 4693 564 4768 bonos,
585 4711 674 4755 nunc
695 4691 838 4756 dicetur.
883 4691 988 4776 Apud
1012 4692 1125 4756 bonos
1143 4700 1223 4755 sunt
1245 4689 1326 4755 illae
1345 4692 1454 4774 spira·
