3268 5380
334 663 376 744 76
686 674 887 728 sumnum
913 675 1110 727 unomen

330 847 458 910 diutius
483 856 636 922 manent,
657 865 759 930 quam
784 846 865 909 dum
883 847 917 909 in
937 845 1153 928 cogitatione
1176 857 1256 911 sunt
1277 849 1456 931 analytica

330 962 376 1004 ex
401 941 649 1024 metaphysica.
695 941 781 1005 Inde
809 949 876 1016 est,
897 941 988 1025 quod
1016 944 1158 1007 tametsi
1183 941 1268 1018 finis,
1290 965 1392 1007 causa
1415 954 1451 1008 et

330 1035 470 1101 effecius
490 1039 620 1102 vadunt
640 1058 699 1120 per
717 1037 844 1120 gradus
863 1037 1042 1113 discretos,
1063 1059 1169 1122 usque
1188 1048 1306 1103 tamen
1323 1040 1367 1102 de
1385 1039 1452 1102 illis

330 1136 493 1217 gradibus
512 1151 631 1217 parum
651 1133 678 1196 si
698 1133 878 1216 quicquam
898 1133 932 1196 in
951 1133 1079 1198 mundo
1098 1134 1213 1196 scitur.
1260 1131 1341 1198 Sola
1360 1135 1449 1197 enim

330 1231 487 1312 cognitio
511 1224 775 1304 abstracturum,
796 1236 851 1292 est
874 1228 961 1292 sicut
985 1225 1159 1310 quoddam
1186 1248 1334 1305 aereum,
1360 1229 1450 1312 quod

329 1325 469 1388 avolat:
505 1325 566 1388 sed
597 1325 625 1387 si
656 1321 832 1388 abstracta
861 1323 1079 1406 applicantur
1109 1324 1152 1388 ad
1183 1324 1267 1388 talia
1300 1346 1387 1408 quae
1416 1327 1450 1387 in

330 1421 458 1484 mundo
478 1428 567 1496 sunt,
588 1430 668 1484 sunt
686 1421 775 1484 sicut
794 1420 827 1484 id
847 1419 939 1502 quod
959 1420 1066 1483 oculis
1084 1420 1118 1483 in
1138 1419 1262 1484 tellure
1281 1421 1450 1503 conspici·

329 1525 395 1591 tur,
416 1525 452 1580 et
472 1517 506 1579 in
526 1517 691 1579 memoria
710 1524 901 1598 permanet.

394 1626 495 1694 190.
525 1608 651 1675 Omnia
667 1632 753 1696 quae
772 1611 805 1674 in
827 1611 954 1675 mundo
973 1613 1140 1688 existunt,
1158 1612 1201 1675 de
1220 1611 1341 1694 quibus
1360 1613 1451 1676 trina

328 1707 498 1770 dimensio
522 1708 750 1787 praedicatur,
775 1727 834 1770 seu
858 1727 945 1789 quae
975 1715 1145 1770 vocantur
1174 1708 1379 1790 composita,
1404 1729 1449 1770 ex

328 1802 491 1884 gradibus
505 1802 697 1866 altitudinis
714 1823 773 1865 seu
787 1802 945 1866 discretis
958 1803 1163 1866 consistunt.
1204 1798 1273 1865 Sed
1289 1801 1451 1884 exempla

328 1898 514 1961 illustrent.
561 1897 619 1960 Ab
635 1897 852 1979 experientia
867 1896 995 1961 oculari
1013 1907 1133 1960 notum
1152 1905 1217 1970 est,
1235 1898 1326 1979 quod
1345 1918 1448 1960 unus·

328 1994 471 2076 quisque
497 1992 670 2055 musculus
693 1993 726 2055 in
751 2012 893 2073 corpore
916 1992 1068 2056 humano
1091 1993 1262 2056 consistat
1285 2013 1330 2056 ex
1351 1994 1449 2056 mini-

329 2089 392 2152 mis
406 2087 507 2164 fibris,
519 2100 554 2152 et
568 2088 659 2172 quod
670 2087 734 2151 hae
745 2086 970 2151 fasciculatim
984 2088 1198 2169 compositae
1209 2088 1335 2152 sistant
1348 2086 1450 2152 libras

327 2183 486 2266 majores,
504 2205 590 2268 quae
608 2184 771 2247 motrices
787 2191 964 2258 vocantur,
979 2191 1014 2246 et
1032 2183 1121 2265 quod
1141 2203 1187 2245 ex
1203 2181 1323 2246 harum
1340 2185 1447 2248 mani·

328 2280 415 2363 pulis
432 2280 564 2344 existat
581 2279 822 2361 compositum,
836 2278 927 2362 quod
944 2289 1089 2341 vocatur
1104 2277 1286 2342 musculus.
1331 2276 1450 2343 Simile

327 2386 382 2441 est
402 2397 479 2440 cum
503 2377 635 2440 nervis:
671 2376 704 2438 in
728 2373 795 2438 illis
818 2395 864 2438 ex
884 2373 975 2438 fibris
994 2374 1142 2437 minimis
1161 2374 1449 2456 compaginantur

328 2471 485 2554 majores,
503 2493 590 2555 quae
609 2472 696 2535 sicut
716 2469 894 2534 filamenta
909 2480 1099 2553 apparent;
1123 2491 1168 2534 ex
1184 2469 1236 2533 his
1253 2491 1447 2554 congrega·

327 2569 373 2631 tis
392 2569 657 2650 compaginatur
677 2586 809 2630 nervus.
855 2563 974 2629 Simile
989 2574 1043 2630 est
1063 2565 1097 2628 in
1113 2565 1251 2649 reliquis
1270 2569 1447 2650 compagi·

327 2663 536 2736 nationibus,
554 2661 879 2726 conlasciationibus
898 2670 934 2725 et
953 2660 1291 2742 congregationibus,
1310 2683 1355 2724 ex
1374 2663 1447 2746 qui·

326 2759 391 2820 bus
408 2767 487 2820 sunt
505 2776 636 2838 organa
648 2765 683 2819 et
697 2756 827 2820 viscera
841 2777 849 2835 ;
874 2764 955 2820 sunt
971 2757 1062 2819 enim
1079 2756 1164 2819 haec
1178 2758 1447 2839 compositiones

325 2872 374 2916 ex
401 2850 492 2915 fibris
522 2861 558 2915 et
582 2852 671 2915 vasis
701 2871 761 2934 per
790 2850 918 2915 similes
941 2851 1068 2933 gradus
1091 2849 1183 2914 varie
1212 2851 1447 2917 conformatis.

326 2945 446 3012 Simile
465 2947 572 3010 etiam
591 2955 647 3011 est
666 2947 700 3011 in
719 2946 877 3010 omnibus
896 2956 933 3010 et
952 2945 1095 3028 singulis
1114 2946 1211 3028 regni
1230 2947 1446 3030 vegetabilis,

325 3051 363 3106 et
387 3042 421 3106 in
445 3043 602 3106 omnibus
625 3050 660 3106 et
684 3041 827 3124 singulis
849 3041 946 3124 regni
970 3040 1161 3104 mineralis:
1189 3041 1223 3104 in
1244 3041 1345 3125 lignis
1368 3051 1447 3106 sunt

326 3137 649 3221 compaginationes
665 3135 917 3201 filamentorum
931 3137 964 3200 in
976 3135 1101 3220 triplici
1113 3135 1231 3200 ordine
1245 3157 1252 3216 ;
1272 3137 1305 3200 in
1323 3137 1447 3201 metal-

327 3232 369 3296 lis
388 3243 424 3297 et
443 3232 614 3315 lapidibus
633 3241 712 3296 sunt
731 3231 1019 3314 conglobationes
1039 3231 1188 3313 partium
1212 3231 1317 3295 etiam
1337 3233 1372 3296 in
1388 3233 1446 3296 tri·

327 3329 407 3412 plici
431 3329 561 3393 ordine.
607 3326 663 3390 Ex
687 3328 738 3391 his
761 3336 870 3409 patet,
895 3326 1014 3412 quales
1037 3337 1117 3391 sunt
1146 3327 1272 3410 gradus
1296 3327 1445 3403 discreti,

325 3425 419 3508 quod
436 3443 561 3507 nempe
580 3441 683 3487 unum
700 3423 743 3486 ab
759 3422 882 3499 altero,
896 3432 932 3486 et
948 3443 1009 3505 per
1024 3421 1169 3485 alterum
1186 3423 1339 3496 tertium,
1356 3421 1446 3505 quod

328 3529 473 3583 vocatur
505 3519 755 3601 compositum;
790 3528 826 3584 et
858 3518 948 3602 quod
983 3517 1212 3601 unusquisque
1244 3516 1371 3598 gradus
1404 3517 1447 3581 ab

327 3613 439 3680 altero
455 3613 624 3676 discretus
642 3613 697 3676 sit.

392 3720 486 3787 191.
515 3706 571 3772 Ex
592 3706 645 3771 his
664 3707 825 3772 concludi
841 3717 957 3792 potest
976 3707 1020 3771 ad
1037 3705 1108 3784 illa,
1126 3727 1212 3789 quae
1228 3726 1345 3770 coram
1366 3727 1446 3771 ocu·

328 3803 370 3866 lis
395 3823 464 3866 non
494 3812 674 3886 apparent,
700 3804 777 3887 quia
803 3803 923 3867 similis
946 3823 999 3867 res
1024 3820 1100 3866 cum
1123 3799 1175 3864 his
1195 3811 1272 3879 est3
1303 3812 1341 3866 ut
1371 3819 1446 3866 cum

327 3898 532 3962 substantiis
552 3898 733 3980 organicis,
755 3919 841 3981 quae
857 3907 936 3963 sunt
956 3896 1177 3979 receptacula
1194 3906 1230 3962 et
1249 3895 1448 3961 habitacula

327 3993 580 4075 cogitationum
600 4001 635 4057 et
650 3990 866 4057 affectionum
885 3995 919 4057 in
938 3993 1106 4070 cerebris;
1131 4011 1208 4056 cum
1224 3990 1446 4075 atmosphae-

327 4090 394 4168 ris;
424 4105 503 4152 cum
533 4087 648 4151 calore
678 4095 713 4150 et
742 4089 818 4151 luce
835 4109 843 4168 ;
877 4097 913 4152 et
944 4107 1021 4152 cum
1051 4107 1169 4151 amore
1199 4096 1235 4151 et
1265 4087 1446 4171 sapientia.

329 4183 610 4268 Atmosphaerae
629 4183 720 4247 enim
739 4192 819 4247 sunt
838 4183 1058 4266 receptacula
1081 4182 1205 4247 caloris
1223 4193 1260 4247 et
1279 4181 1364 4246 lucis
1375 4205 1384 4263 ;
1407 4202 1446 4247 ac

327 4278 423 4343 calor
438 4287 474 4343 et
491 4277 552 4342 lux
572 4288 652 4343 sunt
670 4278 888 4362 receptacula
907 4281 1032 4343 amoris
1052 4288 1088 4344 et
1107 4279 1319 4362 sapientiae;
1344 4297 1446 4363 quare

327 4393 407 4438 cum
431 4372 749 4457 atmosphaerarum
772 4374 898 4458 gradus
922 4386 1013 4452 sunt,
1034 4375 1141 4440 etiam
1164 4374 1291 4438 similes
1320 4374 1446 4457 gradus

328 4477 410 4533 sunt
430 4469 554 4533 caloris
572 4478 608 4534 et
628 4469 723 4544 lucis,
743 4479 779 4534 et
799 4470 928 4534 similes
947 4471 1071 4535 amoris
1090 4479 1125 4534 et
1143 4470 1352 4552 sapientiae:
1377 4485 1447 4532 non

329 4562 420 4627 enirn
439 4563 507 4627 alia
525 4563 614 4627 ratio
632 4561 752 4627 horum
772 4573 826 4628 est
847 4584 947 4647 quam
967 4565 1112 4629 illarum.

392 4671 489 4742 192·
519 4656 621 4740 Quod
637 4660 764 4742 gradus
782 4660 833 4724 illi
851 4671 932 4725 sunt
950 4659 1170 4744 homogenei,
1190 4659 1256 4724 hoc
1275 4668 1339 4735 est,
1360 4657 1448 4742 ejus·
