3418 5370
548 640 598 690 nu
622 639 759 690 mvnvs
778 640 1133 692 cicomacum—u.
1154 643 1225 710 340.
1386 641 1445 711 305

827 860 935 944 *ff*

380 1053 438 1114 [0.]
470 1045 667 1130 ignoscatis
689 1045 782 1130 quod
806 1045 893 1111 haec
920 1043 1136 1128 adjiciantur,
1167 1054 1207 1113 ut
1239 1046 1447 1130 superfluum

312 1140 459 1208 chartae
473 1141 668 1226 impleatur.

370 1295 582 1352 Ascenderunt
595 1294 718 1380 quidam
732 1293 855 1366 spiritus
867 1309 905 1350 ex
923 1293 1121 1366 permissione
1134 1295 1173 1350 ab
1186 1293 1312 1360 inferno,
1326 1305 1358 1352 et
1372 1297 1446 1352 mihi

313 1366 652 1438 dixerunt.“Scrips1sti
667 1365 761 1420 multa
772 1382 809 1421 ex
819 1365 959 1428 Domino,
968 1366 1064 1422 scribe
1077 1367 1168 1422 etiam
1177 1366 1318 1438 aliquide
1332 1367 1447 1423 nobis.''

372 1437 534 1510 Respondi,
551 1437 657 1564 ᾞυίἀ
675 1438 801 1492 scribam
811 1436 843 1491 ?''

372 1509 520 1565 Dicebant
539 1516 555 1538 ‘¹
606 1509 677 1570 ribe,
698 1509 779 1579 quod
796 1507 1002 1580 unusquisque
1021 1507 1154 1580 spiritus,
1175 1507 1238 1564 sive
1262 1510 1362 1565 bonus
1382 1508 1446 1565 sive

315 1582 415 1636 malus
427 1581 475 1643 sit,
490 1581 519 1635 in
540 1597 596 1636 suo
622 1579 752 1635 'ucundo
767 1579 815 1643 sit,
831 1579 928 1635 bonus
944 1579 975 1634 in
987 1579 1034 1635 sui
1047 1580 1119 1635 boni
1143 1579 1287 1652 jucundo,
1302 1591 1334 1637 et
1349 1582 1446 1636 malus

316 1652 409 1708 insui
426 1652 495 1706 mali
510 1597 671 1722 jucundo.”

369 1722 521 1848 Buaesivi,
537 1730 552 1751 ‘⁴
563 1721 643 1794 Quid
658 1731 792 1776 vestrum
804 1719 996 1792 jucundum?

401 1795 520 1919 ᾖκοὲιςηῖ
529 1794 611 1865 quod
620 1802 702 1849 esset
712 1792 879 1864 jucundum
889 1793 1089 1856 adulterandi,
1099 1791 1228 1857 iurandi,
1237 1791 1445 1857 defraudandi,

315 1875 451 1920 mentren
474 1881 492 1919 ι.

372 1935 411 1990 Εῑ
424 1937 532 1990 iterum
546 1935 689 2007 quaesivi,
700 1932 835 2007 “Qualia
849 1945 920 1990 sunt
933 1934 1068 2006 jucunda
1083 1933 1174 1990 illa?”

371 2005 522 2062 Dixerunt
534 2007 615 2078 quod
631 2006 800 2062 sentiantur
812 2007 851 2062 ab
865 2006 932 2062 aliis
947 2007 1027 2062 sicut
1037 2005 1149 2062 fetores
1163 2023 1201 2062 ex
1210 2007 1402 2070 stercoribus,
1415 2016 1447 2063 et

313 2075 396 2134 sicut
412 2087 536 2149 putores
551 2094 590 2133 ex
603 2078 807 2141 cadaveribus,
822 2087 855 2134 et
869 2077 948 2132 sicut
963 2077 1083 2134 nidores
1103 2094 1141 2134 ex
1156 2079 1250 2135 urinis
1265 2078 1440 2152 stagnstis.”

372 2147 450 2210 Dixi,
467 2147 571 2204 “Sunt
585 2149 636 2204 illa
647 2149 735 2204 vobis
749 2147 921 2220 jucunda?''

371 2219 521 2276 Dixerunt
534 2221 615 2291 quod
631 2220 693 2275 sint
707 2221 932 2291 jucundissima.

372 2290 451 2355 Dixi,
460 2297 476 2321 ¹⁶
485 2291 649 2347 Tuncestis
659 2291 919 2346 sicutimmundae
928 2291 1050 2354 bestiae,
1058 2306 1136 2374 quae
1146 2290 1295 2346 intalibus
1304 2289 1446 2362 degunt.''

372 2361 614 2434 Responderunt,
625 2370 641 2392 ‘⁴
653 2361 684 2418 Si
698 2363 801 2425 simus,
814 2379 919 2418 sumus
931 2381 937 2426 ;
956 2363 1010 2418 sed
1023 2362 1096 2420 tal1a
1105 2371 1177 2418 sunt
1189 2361 1315 2418 deliciae
1329 2361 1445 2417 narium

315 2433 516 2489 nostrarum.''

372 2505 429 2572 [7.]
456 2502 607 2576 Quaesivi,
621 2501 729 2575 “Quid
747 2504 831 2574 plura
843 2519 860 2560 e
875 2503 962 2558 vobis
975 2501 1102 2558 scribam
1113 2500 1145 2558 ?”

374 2573 529 2636 Dixerunt,
541 2583 556 2602 '⁴
567 2571 643 2636 Hoc,
654 2572 735 2645 quod
748 2574 896 2629 unicuivis
908 2574 999 2628 liceat
1012 2575 1042 2628 in
1053 2589 1109 2628 suo
1120 2573 1255 2644 jucundo
1268 2589 1344 2638 esse,
1353 2575 1446 2630 etiam

317 2644 567 2706 immundissimo,
581 2655 614 2698 ut
630 2645 704 2698 illud
719 2654 838 2706 vocant,
852 2645 944 2699 modo
960 2661 1020 2700 non
1037 2643 1159 2700 infestet
1169 2644 1266 2701 bonos
1281 2646 1404 2717 spiritus
1415 2657 1447 2702 et

316 2714 459 2787 angelos;
478 2715 531 2771 sed
551 2715 621 2786 quia
641 2731 701 2770 non
721 2716 808 2770 aliter
820 2715 974 2787 potuimus
993 2732 1082 2787 quam
1097 2716 1164 2772 illos
1180 2714 1329 2780 infestare,
1346 2715 1446 2772 abacti

315 2801 430 2848 sumus,
446 2797 477 2841 et
492 2785 601 2857 dejetli
618 2787 647 2840 in
664 2785 823 2849 infernum,
839 2787 889 2842 ubi
906 2789 1038 2878 patimur
1053 2787 1145 2843 dira.”

374 2855 453 2920 Dixi,
470 2855 558 2912 “Cur
575 2856 770 2913 infestavistis
785 2858 882 2914 bonos
892 2857 922 2914 ?'

374 2927 608 2999 Responderunt
618 2929 700 3000 quod
714 2946 775 2984 non
785 2931 940 3000 potuerint
951 2929 1055 2994 aliter:
1073 2940 1121 2986 est
1133 2929 1212 2985 sicut
1222 2927 1305 2985 furor
1316 2929 1447 2993 invadat,

316 3014 387 3126 elilim
400 2999 506 3055 vident
519 2999 649 3071 aliquem
660 3001 809 3072 angelum,
820 3012 852 3055 et
864 3001 999 3056 sentiunt
1011 3001 1167 3072 sphaeram
1179 2999 1321 3058 Divinam
1334 3001 1446 3057 circum

320 3087 329 3126 ι
355 3087 414 3126 um.

373 3142 458 3196 Tunc
473 3139 543 3204 dixi,
560 3139 635 3196 “Sic
647 3142 720 3197 estis
738 3141 829 3198 etiam
846 3143 925 3197 sicut
940 3140 1048 3197 ierae.”

373 3210 443 3285 Quo
456 3211 561 3268 audito
574 3213 747 3282 supervenit
763 3212 854 3275 furor,
864 3214 915 3284 qui
931 3229 948 3267 a
971 3212 1070 3298 paruit
1084 3211 1164 3268 sicut
1176 3211 1254 3286 ignis
1267 3212 1346 3277 odii:
1365 3222 1396 3269 et
1409 3229 1447 3268 ne

317 3283 464 3340 damnum
480 3283 632 3348 inferrent,
647 3284 676 3338 in
694 3283 843 3340 inlernum
860 3293 939 3340 retra
971 3293 1077 3340 isunt.

319 3523 374 3588 De
386 3523 545 3606 jucundis
560 3525 671 3588 sensis
690 3533 727 3589 ut
742 3525 868 3588 odores
879 3544 920 3589 ae
937 3534 974 3588 ut
991 3524 1129 3589 nidores
1151 3525 1185 3590 in
1202 3525 1333 3589 mundo
1348 3525 1447 3609 spiri·

317 3617 417 3696 tuali,
434 3620 592 3684 videatur
610 3639 713 3703 supra
733 3618 780 3704 (n.
799 3633 956 3702 303-305,
975 3619 1064 3703 324).
