3352 5374
413 680 464 732 DE
487 680 622 732 DIVINO
646 680 791 745 AMORE,
811 680 904 732 PARS
926 681 1142 753 1v.-N.295.
1276 686 1337 755 129

218 874 264 919 ex
287 853 491 918 substantiis
509 852 669 917 resolutis
691 861 727 916 et
750 853 917 935 separatis
940 874 960 918 a
982 855 1180 936 corporibus
1198 852 1333 920 illorum

217 945 411 1010 consistens
430 944 687 1008 circumfundat.
1051 999 1055 1006 .

278 1055 378 1123 293·
408 1039 610 1122 Perceptum
634 1042 739 1103 etiam
762 1050 826 1114 est,
847 1040 938 1123 quod
962 1040 1107 1122 sphaera
1130 1061 1198 1104 non
1222 1041 1332 1105 solum

215 1153 261 1195 ex
277 1131 410 1213 angelis
429 1140 465 1196 et
482 1133 654 1214 spiritibus
670 1133 835 1206 exundet,
854 1133 1037 1195 sedetiam
1057 1153 1101 1194 ex
1120 1133 1276 1196 omnibus
1295 1143 1332 1197 et

216 1224 359 1305 singulis
378 1244 464 1306 quae
483 1225 515 1285 in
536 1223 596 1286 illo
615 1225 742 1287 mundo
761 1233 948 1307 apparent;
980 1235 1016 1287 ut
1040 1245 1085 1286 ex
1104 1225 1279 1288 arboribus
1294 1233 1332 1288 et

215 1336 260 1378 ex
280 1316 412 1378 illarum
432 1313 593 1378 fructibus
612 1317 669 1390 ibi,
689 1336 734 1378 ex
755 1317 912 1397 virgultis
931 1326 966 1379 et
985 1337 1030 1378 ex
1049 1335 1164 1378 eorum
1182 1314 1329 1390 floribus,

214 1429 259 1470 ex
276 1408 389 1471 herbis
409 1418 508 1471 etex
528 1409 746 1488 graminibus,
767 1409 871 1471 immo
890 1430 934 1470 ex
954 1409 1050 1470 terris
1070 1417 1104 1470 et
1123 1428 1169 1470 ex
1188 1408 1332 1488 singulis

214 1500 368 1562 illarum:
394 1521 438 1562 ex
459 1499 577 1582 quibus
597 1501 718 1579 patuit,
739 1501 829 1580 quod
848 1501 912 1563 hoc
933 1499 1123 1562 universale
1142 1501 1185 1562 sit
1206 1511 1276 1562 tam
1296 1501 1330 1562 in

213 1593 299 1654 vivis
323 1611 423 1674 quam
447 1591 480 1654 in
505 1593 657 1665 mortuis,
683 1593 772 1673 quod
797 1592 1043 1673 unumquodvis
1067 1612 1087 1653 a
1109 1591 1219 1665 simili,
1239 1592 1330 1672 quod

213 1685 304 1746 intus
327 1685 361 1745 in
380 1683 440 1746 illo
459 1695 524 1756 est,
545 1685 829 1764 circumstipetur,
850 1695 885 1746 et
905 1685 993 1764 quod
1018 1685 1083 1746 hoc
1105 1685 1266 1746 continue
1285 1684 1331 1745 ab

212 1775 273 1839 illo
290 1775 481 1838 exhaletur.
527 1774 628 1855 Quod
645 1775 754 1838 simile
774 1777 818 1838 sit
836 1777 868 1837 in
886 1777 1014 1838 mundo
1029 1775 1185 1846 naturali,
1203 1774 1247 1836 ab
1265 1795 1326 1836 ex-

213 1868 380 1951 perientia
404 1866 548 1947 plurium
571 1868 790 1941 eruditorum,
816 1879 934 1930 notum
958 1877 1033 1929 est:
1065 1878 1101 1930 ut
1128 1868 1219 1948 quod
1239 1867 1331 1929 unda

213 1959 424 2022 effluviorum
444 1980 488 2020 ex
509 1957 646 2022 homine
659 1959 785 2039 jugiter
804 1959 929 2032 effluat,
951 1971 1023 2021 tum
1047 1979 1092 2020 ex
1115 1959 1234 2039 quovis
1256 1960 1327 2020 ani-

213 2052 305 2122 mali,
325 2061 360 2113 et
385 2071 518 2132 quoque
535 2071 580 2112 ex
596 2051 728 2124 arbore,
743 2048 860 2124 fructu,
878 2051 1040 2132 virgulto,
1057 2050 1149 2125 flore,
1163 2051 1266 2112 immo
1283 2071 1328 2112 ex

213 2143 405 2206 metalloet
422 2141 545 2224 lapide.
593 2141 668 2205 Hoc
683 2141 787 2205 trahit
801 2143 1123 2205 mundusnaturalis
1139 2163 1183 2204 ex
1201 2143 1329 2206 mundo
1428 2141 1431 2148 ’

213 2234 390 2315 spirituali,
411 2244 446 2297 et
465 2232 610 2296 mundus
629 2234 814 2316 spiritualis
833 2255 878 2297 ex
898 2234 1032 2297 Divino.

276 2344 376 2412 294.
406 2326 578 2410 Quoniam
597 2328 656 2390 illa
675 2349 760 2411 quae
781 2327 895 2392 Solem
913 2330 1028 2392 mundi
1045 2327 1228 2409 spiritualis
1245 2348 1326 2391 con-

212 2421 372 2496 stituunt,
393 2431 472 2483 sunt
495 2440 515 2482 a
539 2420 698 2495 Domino,
719 2431 753 2483 et
778 2440 845 2483 non
866 2420 1042 2494 Dominus,
1063 2421 1140 2482 ideo
1160 2439 1227 2483 non
1247 2430 1327 2483 sunt

211 2514 283 2575 vita
303 2515 336 2574 in
356 2533 403 2586 se,
424 2513 485 2575 sed
505 2522 585 2574 sunt
602 2512 723 2574 orbata
740 2513 811 2574 vita
830 2512 862 2573 in
883 2533 941 2578 se:
965 2512 1251 2593 quemadmodum
1268 2511 1327 2572 illa

212 2624 298 2686 quae
318 2603 488 2686 profluunt
511 2624 555 2666 ex
579 2603 703 2686 angelo
725 2613 760 2665 et
784 2603 930 2676 homine,
952 2621 990 2665 ac
1014 2602 1141 2665 iaciunt
1165 2603 1327 2683 sphaeras

213 2698 338 2760 circum
354 2696 442 2771 illos,
457 2715 525 2757 non
545 2704 624 2758 sunt
643 2695 786 2776 angelus
803 2702 859 2756 aut
874 2694 988 2767 hom0,
1007 2694 1065 2757 sed
1086 2703 1164 2756 sunt
1184 2715 1228 2755 ex
1247 2694 1325 2769 illis,

212 2788 335 2851 orbata
356 2788 428 2850 vita
451 2786 608 2864 illorum;
642 2807 727 2868 quae
758 2806 825 2848 non
850 2785 949 2847 aliter
972 2805 1073 2847 unum
1098 2785 1224 2848 iaciunt
1248 2805 1325 2848 cum

211 2878 337 2962 angelo
353 2887 411 2941 aut
427 2877 575 2952 homine,
590 2897 691 2960 quam
708 2878 798 2960 quod
814 2876 1037 2952 concordent,
1052 2878 1128 2959 quia
1144 2878 1327 2958 desumpta

212 2993 257 3034 ex
280 2971 396 3034 formis
419 2971 570 3053 corporis
593 2969 738 3044 illorum,
762 2989 848 3051 quae
871 2969 997 3032 formae
1021 2971 1112 3031 vitae
1135 2969 1268 3031 illorum
1291 2969 1325 3030 in

210 3063 278 3126 illis
307 3063 452 3126 suerunt.
498 3061 575 3124 Hoc
605 3080 766 3124 arcanum
794 3071 860 3134 est,
885 3061 974 3143 quod
1002 3061 1117 3140 angeli
1144 3079 1202 3140 per
1232 3061 1326 3122 ideas

212 3175 289 3218 suas
309 3153 503 3235 spirituales
523 3154 736 3234 cogitatione
755 3154 870 3215 videre
890 3162 926 3214 et
949 3172 1083 3234 quoque
1103 3152 1239 3233 loquela
1262 3171 1325 3214 ex-

211 3249 356 3328 primere
373 3256 529 3327 possunt,
547 3265 615 3307 non
631 3255 745 3306 autem
762 3243 918 3306 homines
937 3264 996 3325 per
1015 3244 1109 3305 ideas
1127 3263 1204 3304 suas
1224 3254 1324 3305 natu-

211 3340 319 3416 rales;
343 3339 503 3420 quoniam
520 3337 612 3398 mille
628 3337 724 3398 ideae
741 3335 934 3415 spirituales
950 3334 1077 3396 faciunt
1095 3353 1195 3395 unam
1213 3334 1324 3396 ideam

211 3430 415 3503 naturalem,
440 3449 479 3492 ac
502 3449 569 3491 una
591 3429 668 3491 idea
691 3427 854 3490 naturalis
879 3446 947 3489 non
973 3426 1016 3487 ab
1039 3424 1176 3487 homine
1200 3425 1325 3488 resolvi

212 3531 329 3605 potest
358 3523 392 3584 in
422 3521 567 3602 aliquam
591 3521 703 3582 ideam
727 3516 950 3599 spiritualem,
971 3519 1080 3580 minus
1110 3519 1142 3578 in
1167 3518 1324 3580 totidem.

212 3613 323 3679 Causa
345 3623 410 3686 est,
430 3613 508 3694 quia
526 3609 684 3673 differunt
704 3610 893 3673 secundum
912 3609 1039 3690 gradus
1058 3607 1260 3683 altitudinis,
1281 3609 1324 3672 de

211 3706 331 3789 quibus
349 3706 381 3768 in
402 3703 503 3766 Parte
522 3701 651 3765 Tertia.

272 3813 372 3880 295.
403 3796 504 3879 Quod
525 3795 603 3859 talis
620 3795 809 3858 differentia
827 3796 917 3858 inter
935 3795 1163 3875 cogitationes
1181 3795 1324 3876 angelo-

210 3911 284 3955 rum
308 3900 343 3953 et
366 3889 541 3952 hominum
565 3889 621 3962 sit,
642 3908 702 3969 per
724 3887 812 3950 hanc
833 3888 1082 3968 experientiam
1103 3886 1184 3950 mihi
1203 3896 1324 3950 notum

210 3979 335 4047 sactum
358 3990 422 4042 est.
468 3977 604 4042 Dictum
627 3988 682 4042 est
705 3979 781 4054 illis,
806 3988 843 4041 ut
868 3980 911 4042 de
937 3978 1107 4060 aliquare
1130 3978 1324 4058 cogitarent

210 4071 441 4156 spiritualiter,
456 4079 490 4134 et
505 4079 627 4152 postea
640 4071 721 4133 mihi
734 4071 888 4134 dicerent
900 4071 979 4153 quid
993 4071 1199 4151 cogitarunt.
1246 4067 1323 4132 Hoc

211 4185 286 4228 cum
306 4159 516 4236 factumest,
537 4171 573 4224 et
596 4160 679 4224 mihi
697 4163 809 4225 dicere
828 4163 1019 4237 voluerunt,
1040 4181 1109 4224 non
1126 4169 1322 4241 potuerunt,

211 4262 366 4323 dicentes
390 4256 480 4339 quod
504 4276 573 4319 non
596 4266 741 4339 possunt
771 4256 830 4319 illa
860 4253 970 4319 effari:
1005 4255 1113 4319 simile
1144 4263 1217 4318 erat
1247 4273 1322 4317 cum

210 4353 377 4436 spirituali
396 4350 533 4433 loquela
551 4371 678 4426 eorum,
696 4361 732 4415 et
752 4349 861 4414 simile
881 4369 957 4413 cum
975 4349 1140 4432 spirituali
1157 4349 1324 4431 scriptura

209 4449 364 4525 illorum;
393 4466 461 4509 non
485 4455 558 4509 erat
578 4445 647 4508 ulla
665 4467 735 4508 vox
754 4445 911 4527 loquelae
930 4445 1124 4526 spiritualis,
1145 4463 1231 4527 quae
1250 4453 1324 4507 erat

209 4544 328 4607 similis
350 4543 428 4604 voci
444 4540 600 4623 loquelae
617 4541 779 4604 naturalis
794 4561 801 4614 ;
826 4561 888 4602 nec
905 4539 1030 4620 aliquid
1049 4541 1234 4620 scripturae
1254 4539 1321 4620 spi·

209 4639 341 4703 ritualis
355 4635 464 4699 simile
480 4637 666 4716 scripturae
683 4635 840 4699 naturali.
860 4645 994 4714 praeter
1017 4633 1161 4702 litteras,
1183 4653 1321 4714 quarum
