3426 5382
316 659 375 722 118
668 666 871 718 snrruurrn
894 665 1090 717 nuontrcn

311 865 358 910 ex
377 843 430 908 his
454 852 509 908 est
528 841 645 919 homo,
665 850 720 904 est
739 859 874 924 quoque
893 838 1004 902 omnis
1023 838 1130 903 homo
1148 857 1247 903 suum
1266 858 1385 904 verum
1403 851 1445 907 et

312 959 410 1005 suum
421 939 560 1015 bonum,
570 957 629 1002 seu
640 957 720 1001 suus
730 945 873 1001 amoret
884 955 946 999 sua
956 935 1144 1020 sapientia;
1164 935 1294 1020 absque
1306 936 1359 1000 his
1370 958 1444 1002 non

312 1049 367 1103 est
380 1039 494 1102 homo.
541 1035 711 1100 Dominus
723 1044 841 1099 autem
854 1044 908 1099 est
921 1035 1031 1117 ipsum
1044 1033 1180 1098 Bonum
1191 1044 1228 1099 et
1243 1035 1353 1118 ipsum
1367 1035 1443 1101 Ve·

312 1155 397 1212 rurn,
416 1157 476 1199 seu
491 1132 582 1216 quod
599 1132 702 1208 idern,
720 1133 792 1214 ipse
812 1130 923 1196 Amor
938 1140 973 1196 et
988 1132 1062 1214 ipsa
1077 1130 1256 1215 Sapientia
1266 1155 1274 1213 ;
1299 1143 1337 1198 et
1354 1133 1444 1199 haec

312 1243 393 1297 sunt
412 1232 578 1307 Verbum,
602 1228 694 1312 quod
718 1229 751 1292 in
771 1227 939 1310 principio
957 1227 1019 1292 suit
1038 1229 1128 1312 apud
1148 1229 1272 1307 Deum,
1292 1241 1329 1295 et
1348 1231 1443 1314 quod

311 1329 372 1393 suit
389 1329 493 1404 Deus,
508 1341 544 1394 et
561 1327 653 1412 quod
673 1323 763 1389 Caro
780 1320 909 1388 fadum
925 1334 991 1389 est.
1037 1331 1095 1392 [tt]
1119 1326 1259 1392 Tertio:
1286 1325 1383 1406 Quod
1393 1327 1448 1389 sic

310 1447 353 1489 ex
377 1424 482 1489 Verba
497 1425 609 1489 doceri
624 1425 672 1488 sit
688 1424 731 1489 ab
748 1423 828 1505 Ipso
843 1420 996 1498 Domina,
1013 1425 1093 1508 quia
1107 1433 1162 1488 est
1180 1445 1227 1487 ex
1245 1425 1322 1506 ipso
1341 1423 1446 1486 Bono

311 1532 348 1585 et
367 1543 413 1585 ex
432 1523 507 1604 ipso
521 1521 627 1597 Vero,
647 1542 708 1585 seu
728 1541 774 1584 ex
795 1521 872 1601 ipso
887 1518 1020 1584 Amore
1040 1528 1075 1584 et
1095 1541 1140 1583 ex
1160 1521 1234 1603 ipsa
1252 1518 1443 1603 Sapientia,

311 1637 398 1700 quae
429 1627 509 1680 sunt
529 1617 695 1692 Verbum,
721 1625 760 1680 ut
785 1611 1010 1680 dictumest:
1045 1617 1107 1680 sed
1130 1617 1272 1699 quisque
1296 1617 1444 1679 docetur

312 1715 499 1778 secundum
531 1715 581 1777 sui
612 1713 739 1777 amoris
765 1710 1003 1792 intelledtum;
1034 1713 1126 1796 quod
1150 1733 1252 1794 supra
1279 1722 1345 1788 est,
1371 1731 1443 1775 non

312 1819 441 1872 manet.
486 1807 617 1872 Omnes
640 1807 688 1872 illi
713 1809 771 1892 qui
795 1808 964 1873 docentur
986 1828 1006 1871 a
1030 1807 1181 1871 Domino
1204 1808 1237 1870 in
1257 1806 1385 1881 Verbo,
1405 1808 1444 1870 in

311 1906 429 1987 paucis
448 1906 537 1968 veris
556 1905 727 1969 docentur
753 1907 787 1969 in
814 1905 953 1978 mundo,
974 1904 1034 1968 sed
1059 1905 1093 1967 in
1117 1903 1235 1967 multis
1254 1923 1331 1966 curn
1355 1901 1445 1967 fiunt

311 2000 448 2082 angeli;
472 2001 637 2065 interiora
657 2001 748 2064 enim
769 1998 887 2076 Verbi,
905 2020 992 2082 quae
1010 2009 1092 2063 sunt
1109 1998 1235 2062 Divina
1250 1998 1448 2082 spiritualia

312 2106 348 2159 et
379 2095 506 2158 Divina
528 2096 705 2170 caelestia,
733 2093 986 2177 implantantur
1008 2094 1130 2157 simul:
1166 2095 1227 2157 sed
1257 2093 1342 2157 haec
1372 2114 1445 2157 non

311 2191 402 2272 apud
420 2189 594 2254 hominem
608 2192 805 2272 aperiuntur
819 2209 922 2272 quarn
939 2199 1019 2272 post
1036 2190 1169 2254 obitum
1182 2189 1264 2272 ejus,
1279 2192 1312 2253 in
1329 2191 1447 2266 caelo,

312 2286 368 2350 ubi
385 2296 439 2351 est
454 2287 488 2350 in
505 2288 677 2370 sapientia
691 2286 860 2368 angelica,
876 2307 963 2369 quae
975 2284 1167 2369 respective
1183 2287 1226 2350 ad
1243 2285 1446 2362 humanam,

310 2381 359 2446 ita
381 2383 426 2447 ad
449 2384 597 2466 priorem
622 2402 730 2457 suam,
754 2392 808 2445 est
833 2381 1023 2445 ineffabilis.
1070 2379 1173 2464 Quod
1197 2382 1322 2445 Divina
1344 2383 1445 2465 spiri·

311 2479 420 2543 tualia
439 2489 475 2543 et
496 2479 621 2543 Divina
640 2479 818 2553 caelestia,
837 2499 924 2562 quae
940 2478 1069 2541 iaciunt
1087 2479 1291 2560 sapientiam
1308 2478 1443 2559 angeli-

312 2593 399 2648 cam,
421 2575 526 2638 insint
547 2574 705 2638 omnibus
729 2584 764 2638 et
790 2573 934 2656 singulis
953 2572 1071 2648 Verbi,
1091 2575 1125 2636 in
1145 2573 1309 2636 Dodrz'na
1327 2573 1452 2637 Navae

311 2667 564 2751 Hr‘erosoirmae
580 2670 621 2733 de
645 2669 826 2751 Scriptura
846 2668 954 2734 Sacra
981 2667 1028 2751 (n.
1052 2667 1148 2752 5-26)
1169 2669 1337 2732 videatur.
1384 2672 1446 2736 [6.]

312 2760 467 2845 Quarto:
494 2764 592 2842 Quod
602 2765 663 2828 hoc
671 2765 743 2849 fiat
759 2764 902 2829 mediate
913 2776 979 2847 per
985 2765 1261 2845 praedicationes,
1276 2785 1339 2826 non
1356 2763 1431 2828 tolli

310 2858 549 2923 immediatum.
598 2860 752 2924 Verbum
771 2881 841 2925 non
858 2870 975 2942 potest
989 2861 1088 2924 aliter
1101 2880 1202 2943 quarn
1213 2861 1365 2924 mediate
1382 2880 1447 2942 per

310 2965 485 3038 parentes,
504 2957 700 3040 magistros,
722 2958 991 3040 praedicatores,
1010 2958 1125 3031 libros,
1144 2966 1179 3020 et
1197 2957 1363 3040 imprimis
1383 2976 1448 3038 per

311 3048 497 3116 lettionem
521 3053 603 3135 ejus,
629 3055 755 3117 doceri.
806 3052 874 3118 Sed
899 3073 1005 3137 usque
1027 3073 1098 3118 non
1121 3055 1264 3117 docetur
1287 3054 1332 3116 ab
1362 3053 1446 3129 illis,

311 3148 372 3211 sed
390 3169 450 3232 per
465 3148 544 3213 illos
561 3171 581 3212 a
600 3149 762 3213 Domino.
810 3149 887 3214 Hoc
900 3170 1034 3233 quoque
1051 3161 1104 3213 est
1122 3171 1166 3212 ex
1185 3151 1329 3213 scientia
1343 3170 1445 3231 prae·

311 3243 516 3320 dicatorum,
535 3246 591 3328 qui
612 3245 743 3320 dicunt,
766 3246 858 3328 quod
879 3266 946 3308 non
967 3246 1029 3328 ipsi
1049 3267 1094 3308 ex
1114 3266 1161 3319 se,
1178 3245 1239 3307 sed
1259 3267 1304 3308 ex
1321 3247 1446 3327 spiritu

312 3338 377 3402 Dei
401 3339 605 3423 loquantur;
637 3351 672 3405 et
700 3342 791 3424 quod
812 3362 913 3405 omne
936 3361 1054 3405 verum
1074 3341 1163 3404 sicut
1185 3359 1289 3404 omne
1313 3341 1445 3403 bonum

311 3435 356 3496 sit
377 3456 397 3497 a
416 3435 501 3499 Deo.
549 3436 659 3519 Loqui
679 3439 816 3519 quidem
836 3438 868 3500 id
885 3447 1042 3520 possunt,
1060 3456 1098 3499 ac
1116 3435 1237 3503 inferre
1254 3436 1445 3499 multorum

310 3529 513 3607 intellet'tui,
539 3533 599 3596 sed
626 3554 694 3596 non
720 3533 861 3615 alicujus
887 3533 1003 3612 cordi;
1039 3544 1073 3597 et
1108 3533 1199 3614 quod
1228 3552 1297 3595 non
1327 3541 1380 3595 est
1405 3533 1444 3594 in

311 3626 427 3700 corde,
444 3627 510 3691 hoc
532 3630 621 3711 perit
639 3629 672 3691 in
693 3627 892 3693 intellectu:
918 3650 978 3712 per
996 3628 1105 3692 “cor'’
1122 3628 1330 3709 intelligitur
1344 3647 1447 3691 amor

310 3720 470 3786 hominis.
516 3723 572 3788 Ex
590 3724 643 3788 his
658 3725 766 3789 videri
783 3735 914 3808 potest,
932 3725 1022 3808 quod
1041 3725 1145 3787 homo
1162 3745 1182 3787 a
1198 3724 1274 3788 solo
1290 3724 1447 3787 Domino

311 3817 458 3882 ducatur
478 3829 512 3883 et
533 3820 722 3899 doceatur;
747 3831 782 3884 et
800 3821 891 3903 quod
911 3821 1110 3884 immediate
1130 3821 1173 3884 ab
1194 3820 1284 3902 Ipso,
1302 3840 1378 3883 cum
1395 3840 1442 3882 ex

311 3910 441 3978 Verbo.
489 3913 567 3980 Hoc
592 3926 647 3981 est
678 3935 841 3981 arcanum
866 3935 1067 3979 arcanorum
1091 3917 1284 3998 sapientiae
1306 3915 1446 3998 angeli·

312 4028 385 4075 cae.

375 4115 468 4188 173·
501 4104 604 4189 Quod
629 4126 690 4189 per
710 4105 863 4171 Verbum
887 4107 992 4171 etiam
1016 4106 1059 4170 sit
1083 4106 1143 4169 lux
1167 4106 1236 4170 illis
1259 4107 1317 4190 qui
1339 4118 1443 4171 extra

310 4200 496 4266 ecclesiam
514 4212 604 4278 sunt,
623 4213 660 4268 et
680 4222 749 4267 non
766 4202 897 4266 habent
915 4202 1079 4276 Verbum,
1097 4203 1131 4265 in
1147 4202 1312 4266 Dalirr'na
1326 4201 1450 4266 Navae

310 4295 565 4379 iherosolymae
594 4297 634 4362 de
661 4297 841 4380 Scriptura
872 4297 979 4362 Sacra
1010 4295 1057 4380 (n.
1082 4297 1239 4380 104-113)
1262 4308 1441 4361 ostensum

311 4403 385 4460 est:
410 4402 446 4457 et
471 4395 550 4479 quia
572 4415 633 4478 per
655 4393 810 4458 Verbum
834 4405 888 4459 est
913 4395 972 4458 lux
996 4392 1136 4468 homini,
1162 4403 1266 4457 etex
1294 4392 1369 4457 luce
1392 4394 1446 4457 illi

311 4487 524 4566 intelletius,
553 4501 590 4556 et
619 4491 674 4555 hic
703 4500 775 4555 tarn
806 4491 905 4554 malis
935 4510 1037 4575 quarn
1065 4491 1165 4555 bonis
1198 4500 1262 4565 est,
1287 4491 1447 4573 sequitur

312 4586 405 4671 quod
427 4607 472 4649 ex
492 4586 567 4650 luce
587 4588 620 4651 in
637 4607 698 4651 sua
714 4587 857 4669 origine,
871 4589 917 4650 sit
938 4587 998 4650 lux
1018 4589 1051 4650 in
1071 4589 1140 4649 suis
1157 4587 1442 4661 derivationibus,

312 4703 400 4762 quae
421 4692 501 4747 sunt
522 4684 762 4766 perceptiones
786 4695 822 4747 et
846 4683 1080 4765 cogitationes
1103 4683 1145 4746 de
1169 4702 1370 4765 quacunque
1393 4703 1447 4746 re.
