3418 5368
487 715 537 766 DE
562 714 699 765 DIVINA
723 713 1082 766 Pkovmlsnmen.
1105 717 1173 784 194.
1334 719 1393 788 135

262 887 395 952 Amore
418 883 581 951 voluntas
603 894 639 950 et
662 907 708 949 ex
736 884 862 951 Divina
893 885 1072 971 Sapientia
1101 885 1321 970 intelleetus3
1355 899 1392 955 et

262 984 354 1068 quod
370 982 437 1046 illis
453 983 587 1046 duobus
603 981 793 1064 incorpore
810 983 1105 1066 correspondeant
1122 1004 1182 1049 cor
1198 993 1234 1049 et
1252 985 1391 1069 pulmo;

262 1089 298 1143 et
314 1078 406 1162 quod
425 1078 505 1141 inde
524 1086 684 1140 constare
701 1077 822 1160 possit,
840 1077 930 1160 quod
949 1079 1037 1142 sicut
1057 1079 1175 1161 pulsus
1195 1082 1309 1145 cordis
1326 1103 1394 1146 una

262 1194 339 1238 cum
370 1173 595 1258 respiratione
620 1170 792 1255 pulmonis
820 1173 911 1255 regit
939 1182 1053 1238 totum
1080 1173 1254 1240 hominem
1278 1179 1392 1260 quoad

262 1270 334 1353 ejus
354 1290 490 1352 corpus,
510 1270 561 1332 ita
579 1268 741 1332 voluntas
766 1288 832 1331 una
855 1288 932 1332 cum
958 1267 1137 1334 intellectu
1158 1263 1256 1356 re'gat
1276 1283 1392 1337 totum

262 1367 436 1430 hominem
455 1364 569 1449 quoad
588 1363 660 1446 ejus
679 1373 852 1429 mentem:
889 1374 925 1428 et
950 1367 1041 1448 quod
1066 1369 1112 1430 sic
1135 1369 1203 1432 duo
1226 1369 1393 1453 principia

261 1463 355 1526 vitae
378 1463 446 1525 sint
469 1459 559 1543 apud
593 1462 853 1543 unumquemvis
887 1461 1073 1538 hominem,
1100 1483 1202 1527 unum
1233 1465 1393 1528 naturale

261 1567 298 1622 et
322 1558 469 1622 alterum
493 1555 681 1640 spirituale,
710 1565 744 1620 et
767 1556 858 1640 quod
885 1559 1087 1640 principium
1118 1560 1275 1624 naturale
1298 1562 1393 1622 vitae

261 1655 306 1718 sit
330 1653 446 1736 pulsus
471 1653 593 1727 cordis,
615 1661 651 1715 et
674 1651 850 1734 spirituale
876 1655 969 1718 vitae
994 1655 1038 1718 sit
1059 1654 1220 1718 voluntas
1243 1657 1392 1732 mentis;

262 1759 298 1813 et
332 1748 423 1832 quod
458 1759 638 1831 utrumque
672 1747 838 1830 adjungat
872 1749 936 1814 sibi
972 1761 1183 1826 consortem,
1215 1771 1291 1814 cum
1326 1773 1393 1834 qua

262 1845 452 1918 cohabitet,
472 1855 508 1908 et
532 1864 609 1907 cum
633 1866 699 1928 qua
719 1847 811 1908 vitae
835 1844 1028 1910 sunbiiones
1053 1855 1145 1928 agat,
1166 1856 1202 1910 et
1221 1848 1313 1930 quod
1333 1868 1393 1912 cor

261 1940 326 2003 sibi
342 1939 529 2021 conjungat
545 1940 755 2022 pulmonem,
773 1950 810 2006 et
830 1941 921 2024 quod
938 1943 1100 2005 voluntas
1121 1941 1185 2005 sibi
1202 1942 1392 2026 conjungat

261 2032 488 2099 intellectum.
535 2041 592 2100 [3.]
624 2033 723 2099 Nunc
748 2039 827 2119 quia
851 2039 965 2100 anima
989 2039 1180 2100 voluntatis
1203 2047 1258 2100 est
1282 2059 1390 2116 amor,

262 2142 298 2195 et
328 2133 442 2195 anima
471 2127 670 2195 intellectus
700 2143 755 2196 est
784 2135 962 2216 sapientia,
995 2145 1138 2216 utraque
1173 2155 1193 2197 a
1227 2133 1390 2211 Domino,

262 2231 425 2311 sequitur,
446 2228 535 2310 quod
559 2247 656 2292 amor
679 2229 724 2291 sit
748 2229 817 2292 vita
837 2229 994 2311 cujusvis,
1015 2239 1051 2292 et
1075 2230 1165 2312 quod
1190 2250 1287 2293 amor
1311 2231 1391 2294 talis

262 2325 335 2386 vita
355 2326 409 2397 sit,
431 2322 540 2407 qualis
560 2321 743 2404 conjunEia
766 2335 819 2386 est
843 2325 1055 2409 sapientiae;
1088 2345 1148 2387 seu
1172 2326 1263 2408 quod
1287 2326 1389 2402 idem,

262 2419 354 2502 quod
377 2419 539 2483 voluntas
562 2419 607 2482 sit
631 2421 704 2483 vita
731 2420 889 2501 cujusvis,
914 2431 950 2484 et
978 2422 1069 2504 quod
1100 2420 1186 2485 haec
1215 2421 1294 2484 talis
1318 2423 1390 2483 vita

262 2517 318 2590 sit,
338 2515 446 2598 qualis
470 2512 653 2596 conjunita
676 2526 730 2580 est
754 2512 956 2580 intellectui.
1003 2515 1071 2580 Sed
1096 2518 1139 2581 de
1164 2517 1216 2580 his
1239 2517 1336 2599 plura
1355 2518 1388 2579 in

265 2607 358 2692 [hac]
380 2608 614 2675 transactione
637 2632 749 2695 supra,
770 2622 806 2675 et
830 2613 994 2693 imprimis
1018 2613 1052 2675 in
1072 2611 1247 2695 Sapientia
1269 2612 1388 2694 Ange·

262 2705 326 2770 lica
345 2708 385 2770 de
402 2707 525 2770 Divino
543 2707 575 2770 A
582 2729 671 2771 more
692 2717 725 2772 et
745 2707 874 2771 Divina
891 2707 1078 2790 Sapientia,
1100 2711 1133 2772 in
1153 2709 1253 2772 Parte
1278 2708 1390 2772 Prima

260 2810 298 2867 et
319 2801 418 2867 Parte
438 2800 579 2883 Quinta,
601 2805 793 2867 videantur.

326 2911 424 2980 ¹94·
455 2898 493 2962 In
514 2896 718 2982 supradietis
734 2898 1026 2964 transabiionibus
1045 2901 1149 2964 etiam
1170 2901 1388 2964 demonstra·

261 3003 336 3058 tum
366 3003 431 3069 est,
456 2995 547 3077 quod
571 3016 668 3058 amor
692 2998 785 3058 vitae
814 2997 984 3078 producat
1012 3017 1058 3058 ex
1089 3017 1125 3057 se
1149 3015 1284 3059 amores
1307 2997 1388 3060 sub·

261 3090 425 3166 alternos,
450 3091 506 3173 qui
530 3101 698 3154 vocantur
722 3088 931 3166 affeciiones,
957 3101 993 3155 et
1021 3093 1112 3173 quod
1140 3091 1205 3154 hae
1232 3093 1301 3155 sint
1324 3113 1388 3156 ex·

261 3187 406 3250 teriores
425 3195 460 3249 et
480 3187 684 3265 interiores;
717 3195 751 3248 et
771 3187 862 3269 quod
882 3185 947 3249 hae
967 3187 1066 3249 simul
1087 3197 1242 3266 sumptae
1261 3186 1388 3250 saciant

261 3283 349 3345 sicut
373 3301 477 3344 unum
497 3282 686 3345 dominium
711 3302 770 3344 seu
793 3302 950 3362 regnum,
969 3283 1001 3344 in
1022 3302 1088 3363 quo
1107 3299 1204 3344 amor
1222 3283 1315 3344 vitae
1334 3293 1388 3344 est

262 3378 420 3441 dominus
450 3399 510 3442 seu
540 3399 623 3442 rex:
659 3389 732 3440 tum
760 3378 865 3440 etiam
897 3378 1176 3440 demonstratum
1207 3386 1273 3450 est,
1298 3376 1388 3459 quod

262 3494 397 3537 amores
416 3474 465 3537 illi
488 3474 676 3538 subalterni
700 3495 759 3536 seu
783 3469 982 3536 afleitiones
1002 3472 1194 3554 adjungant
1218 3470 1282 3534 sibi
1304 3491 1387 3534 con·

263 3579 387 3644 sorteS,
413 3572 621 3654 unaquaevis
645 3589 753 3644 suam,
779 3567 977 3632 affectiones
1003 3569 1183 3630 interiores
1207 3577 1389 3632 consortes

262 3686 350 3748 quae
368 3676 536 3729 vocantur
552 3667 804 3748 perceptiones,
826 3676 862 3727 et
879 3660 1075 3727 afleitiones
1095 3664 1286 3726 exteriores
1305 3684 1388 3727 con·

263 3773 376 3825 sortes
389 3783 476 3844 quae
493 3772 661 3825 vocantur
674 3762 915 3843 cogitationes
930 3769 965 3823 et
982 3761 1072 3842 quod
1087 3761 1295 3842 unaquaevis
1312 3779 1388 3822 cum

263 3877 323 3920 sua
340 3868 502 3921 consorte
516 3856 705 3930 cohabitet,
718 3866 753 3920 et
770 3859 863 3920 vitae
877 3877 957 3918 suae
972 3856 1085 3918 munia
1098 3855 1222 3918 obeat:
1247 3864 1283 3918 et
1299 3855 1389 3936 quod

263 3953 343 4016 talis
370 3953 415 4016 sit
439 3950 633 4034 conjunEiio
657 3953 841 4035 utriusque,
869 3951 978 4034 qualis
1006 3961 1059 4013 est
1087 3949 1175 4013 Esse
1199 3950 1289 4013 vitae
1312 3970 1389 4013 cum

264 4047 427 4112 Existere
444 4050 548 4122 vitae,
566 4069 652 4130 quae
669 4048 749 4112 talis
767 4059 832 4124 est,
851 4061 887 4111 ut
908 4067 1011 4110 unum
1030 4066 1098 4109 non
1118 4045 1162 4106 sit
1182 4043 1309 4126 aliquid
1327 4045 1389 4109 nisi

264 4143 364 4207 simul
384 4163 461 4208 cum
480 4143 612 4222 altero;
636 4144 714 4226 quid
735 4145 825 4208 enim
851 4154 904 4208 est
931 4143 1018 4206 Esse
1038 4142 1131 4204 vitae
1152 4141 1215 4203 nisi
1235 4140 1390 4206 existat?

263 4249 300 4304 et
319 4240 398 4323 quid
418 4249 472 4303 est
493 4239 656 4303 Existere
672 4240 765 4303 vitae
782 4241 845 4303 nisi
864 4241 908 4304 ab
927 4239 1014 4304 Esse
1030 4237 1148 4301 vitae?
1193 4235 1282 4300 Tum
1299 4237 1389 4319 quod

263 4334 344 4400 talis
361 4336 405 4398 sit
423 4332 732 4417 conjuniiiovitae,
746 4335 856 4418 qualis
872 4346 927 4399 est
944 4335 1019 4398 soni
1034 4344 1071 4398 et
1091 4332 1303 4408 harmoniae,
1317 4343 1390 4395 tum

264 4433 340 4496 soni
359 4442 395 4496 et
415 4430 584 4514 loquelae,
604 4432 638 4493 in
658 4450 788 4513 genere
805 4432 914 4514 qualis
934 4442 987 4495 est
1012 4431 1130 4512 pulsus
1150 4429 1263 4493 cordis
1279 4438 1314 4491 et
1336 4449 1390 4490 re·

265 4527 461 4611 spirationis
484 4525 673 4611 pulmonis:
707 4547 795 4610 quae
817 4524 1013 4608 conjunstio
1037 4526 1118 4590 talis
1143 4534 1205 4600 est,
1227 4532 1264 4587 ut
1288 4541 1391 4586 unum

265 4624 394 4706 absque
426 4622 539 4687 altero
570 4642 639 4685 non
665 4620 712 4688 sit
734 4621 874 4706 aliquid,
906 4634 941 4688 et
975 4623 1066 4705 quod
1094 4639 1197 4684 unum
1229 4641 1289 4703 per
1308 4639 1390 4683 con·

260 4714 473 4818 juniiionem
497 4737 574 4783 cum
594 4717 706 4784 altero
728 4716 788 4784 liat
812 4719 948 4802 aliquid.
1005 4711 1271 4798 Conjune'tiones
1292 4720 1392 4777 erunt
