3418 5370
284 677 349 762 276
637 680 843 734 snnrnurrn
866 678 1064 731 nuoenrcn

284 861 345 925 dat
363 859 455 944 quod
472 857 550 933 Est,
568 876 628 922 seu
644 854 737 941 quod
757 875 826 920 non
842 852 971 918 desinit
987 872 1076 929 esse,
1093 859 1129 918 et
1145 851 1212 918 hoc
1229 862 1284 917 est
1300 861 1414 918 aeter·

285 971 376 1016 num.
423 957 480 1017 [3.]
512 949 563 1016 Ut
580 949 692 1014 omnis
711 947 818 1011 homo
833 948 928 1010 vivat
947 947 981 1008 in
1001 955 1193 1022 aeternum,
1210 945 1361 1009 aufertur
1378 945 1414 1010 id

286 1043 378 1129 quod
398 1051 452 1106 est
472 1040 620 1106 mortale
636 1040 727 1122 apud
747 1038 854 1102 ilium,
900 1036 1052 1101 Mortale
1071 1037 1142 1121 ejus
1160 1047 1216 1101 est
1236 1037 1416 1103 materiale

286 1155 421 1219 corpus,
443 1134 534 1216 quod
554 1132 705 1197 aufertur
724 1151 785 1213 per
807 1131 880 1213 ejus
898 1141 1058 1194 mortem.
1103 1128 1159 1194 Sic
1179 1131 1329 1193 nudatur
1349 1132 1413 1193 im·

286 1225 436 1292 mortale
459 1225 542 1307 ejus,
567 1225 660 1309 quod
682 1233 738 1287 est
761 1243 859 1287 mens
882 1221 964 1306 ejus,
988 1232 1025 1286 et
1048 1221 1088 1285 fit
1110 1231 1194 1286 tunc
1217 1223 1358 1305 spiritus
1378 1222 1414 1286 in

285 1320 396 1384 forma
414 1318 586 1396 humana;
618 1335 716 1380 mens
739 1314 810 1397 ejus
833 1324 888 1380 est
909 1315 968 1380 ille
991 1315 1141 1397 spiritus.
1189 1313 1294 1397 Quod
1317 1333 1416 1379 mens

286 1411 437 1476 hominis
455 1429 525 1473 non
544 1410 630 1473 mori
646 1409 768 1491 possit,
784 1407 945 1472 viderunt
961 1407 1061 1489 sophi
1079 1427 1139 1470 seu
1158 1409 1335 1490 sapientes
1351 1426 1415 1470 an·

286 1505 397 1587 tiqui;
420 1502 584 1565 dixerunt
607 1501 710 1575 enim,
731 1497 919 1581 Quomodo
937 1509 1055 1583 potest
1078 1501 1211 1564 animus
1234 1520 1294 1563 seu
1316 1519 1416 1565 mens

288 1598 384 1669 mori,
402 1612 479 1658 cum
496 1603 615 1676 potest
631 1591 778 1676 sapere?
822 1591 1027 1658 Interiorem
1044 1610 1161 1655 eorum
1177 1593 1290 1656 ideam
1309 1593 1353 1657 de
1371 1612 1416 1656 eo

287 1687 388 1771 pauci
407 1687 510 1750 hodie
528 1686 641 1750 sciunt
657 1705 665 1764 ;
688 1685 752 1748 sed
770 1683 833 1747 suit
853 1685 922 1757 illa,
940 1685 1080 1767 quaein
1098 1703 1318 1749 communem
1336 1684 1415 1748 illo·

286 1797 362 1844 rum
378 1779 640 1862 perceptionem
663 1799 683 1841 e
705 1776 805 1842 caelo
822 1775 947 1859 illapsa
964 1788 1031 1852 est,
1051 1777 1142 1859 quod
1164 1776 1259 1841 Deus
1277 1778 1323 1841 sit
1340 1779 1416 1859 ipsa

288 1871 479 1956 Sapientia,
500 1869 594 1952 cujus
617 1871 794 1953 particeps
815 1879 871 1933 est
895 1868 1011 1943 homo,
1032 1880 1069 1933 et
1092 1868 1186 1932 Deus
1208 1870 1417 1934 immortalis

287 1985 349 2028 seu
365 1975 526 2027 aeternus
542 1972 606 2026 est.
651 1967 708 2027 [4.]
736 1959 909 2043 Quoniam
921 1961 1004 2025 mihi
1018 1962 1140 2025 datum
1157 1971 1211 2025 est
1229 1962 1321 2045 loqui
1337 1979 1414 2025 cum

287 2053 435 2138 angelis,
449 2056 556 2118 etiam
569 2052 697 2136 aliquid
714 2055 758 2117 ab
773 2055 991 2136 experientia
1002 2055 1126 2117 dicam.
1168 2051 1324 2118 Locutus
1339 2072 1415 2118 sum

287 2166 366 2211 cum
392 2145 540 2230 illisqui
563 2156 647 2209 ante
670 2145 782 2209 multa
804 2145 944 2210 saecula
964 2146 1138 2218 vixerunt,
1162 2145 1333 2210 cumillis
1358 2147 1415 2229 qui

287 2249 372 2303 ante
391 2239 568 2312 diluvium,
588 2247 625 2301 et
649 2256 727 2300 cum
747 2237 951 2320 quibusdam
974 2247 1055 2321 post
1073 2236 1250 2310 diluvium,
1269 2258 1415 2322 cumque

287 2331 425 2415 illisqui
441 2340 599 2410 tempore
612 2328 751 2392 Domini
764 2331 939 2404 vixerunt,
952 2339 1079 2394 etcum
1092 2351 1161 2395 uno
1172 2351 1218 2395 ex
1231 2329 1416 2415 Apostolis

289 2425 411 2508 ipsius,
431 2433 467 2487 et
491 2441 569 2486 cum
589 2420 740 2503 pluribus
758 2423 816 2504 qui
837 2424 871 2484 in
894 2422 1041 2486 saeculis
1060 2434 1203 2505 postea;
1233 2433 1271 2488 et
1294 2443 1416 2488 omnes

288 2517 338 2582 iiii
361 2517 424 2580 visi
448 2525 528 2579 sunt
551 2514 642 2578 sicut
664 2512 824 2577 homines
846 2515 881 2578 in
904 2514 1019 2579 media
1039 2525 1170 2590 aetate,
1190 2525 1228 2580 et
1249 2517 1415 2581 dixerunt

288 2608 381 2693 quod
402 2608 558 2671 nesciant
575 2606 657 2688 quid
673 2625 776 2680 mors,
794 2605 906 2670 solum
922 2607 1015 2690 quod
1034 2609 1080 2672 sit
1096 2607 1284 2672 damnatio.
1329 2607 1415 2673 Om-

289 2721 351 2764 nes
374 2701 481 2764 etiam
505 2699 561 2781 qui
584 2699 673 2762 bene
696 2701 871 2773 vixerunt,
893 2700 974 2764 dum
997 2700 1031 2763 in
1054 2700 1189 2764 caelum
1207 2702 1360 2778 veniunt,
1380 2701 1415 2766 in

287 2801 444 2858 aetatem
461 2809 558 2855 suam
576 2792 610 2853 in
628 2792 757 2854 mundo
768 2790 955 2872 juvenilem
971 2793 1126 2868 veniunt,
1143 2805 1181 2857 et
1199 2793 1260 2858 illa
1275 2804 1417 2859 manent

287 2885 323 2950 in
353 2894 555 2958 aeternum;
591 2884 698 2947 etiam
728 2885 784 2966 qui
813 2905 916 2948 senes
949 2895 986 2948 et
1017 2885 1184 2969 decrepiti
1213 2886 1350 2951 suerunt
1379 2887 1416 2951 in

288 2976 438 3054 mundo;
469 2994 510 3038 ac
534 2974 694 3050 feminae,
715 2977 857 3040 tametsi
881 2976 1016 3040 suerunt
1036 2977 1175 3042 vetulae
1199 2989 1235 3042 et
1259 2999 1355 3054 anus,
1380 2979 1415 3042 in

288 3067 407 3132 florem
427 3087 509 3132 suae
528 3069 658 3131 aetatis
676 3077 712 3131 et
734 3067 999 3148 pulchritudinis
1019 3071 1175 3132 redeunt.
1223 3079 1280 3139 [5.]
1313 3069 1415 3152 Quod

235 3179 237 3184 ·
272 3160 396 3238 ¹homo
421 3169 503 3243 post
530 3169 678 3223 mortem
697 3159 793 3223 vivat
821 3159 856 3223 in
883 3170 1075 3234 aeternum,
1097 3170 1196 3242 patet
1219 3183 1265 3226 ex
1285 3163 1414 3238 Verb0,

288 3253 346 3317 ubi
365 3253 440 3316 vita
457 3252 490 3316 in
511 3251 610 3315 caelo
628 3260 774 3316 vocatur
791 3253 894 3316 “vita
909 3251 1076 3317 aeterna''

338 3387 389 3452 (Ut
401 3388 499 3438 Marti.
512 3388 566 3438 xix.
579 3399 628 3451 29;
643 3401 706 3438 xxv.
719 3387 770 3448 46;
788 3387 873 3438 Marc.
886 3402 911 3438 x.
922 3400 952 3448 17
964 3404 970 3446 ;
985 3389 1047 3439 Luc.
1058 3403 1082 3439 x.
1096 3401 1145 3450 as:
1163 3389 1236 3441 xviii
1246 3403 1295 3452 30;
1314 3389 1376 3456 Joh.
1386 3389 1416 3442 iii

423 3465 461 3514 15,
476 3453 514 3513 16,
528 3453 578 3515 3⁶³
596 3467 622 3503 v.
635 3465 675 3515 24,
690 3464 730 3515 25,
746 3465 793 3518 39;
812 3454 848 3504 vi.
862 3465 903 3516 27,
915 3467 956 3516 40,
968 3455 1019 3516 ⁶8;
1036 3455 1082 3506 xii.
1096 3455 1152 3518 so):

288 3593 363 3649 tum
383 3583 490 3648 etiam
509 3582 714 3666 simpliciter
733 3582 860 3649 “vita”

564 3697 671 3760 (Maru.
685 3698 757 3750 xviii.
770 3700 793 3758 8,
806 3714 839 3764 93
860 3699 922 3766 Jok„
935 3715 960 3751 v.
971 3712 1022 3762 4ο;
1039 3713 1083 3751 ιι
1095 3700 1146 3764 31)

288 3823 458 3888 Dominus
477 3825 583 3922 etiam
601 3825 691 3890 dixit
708 3825 752 3888 ad
768 3825 964 3909 discipulos,

471 3941 486 3964 '⁸
494 3939 566 4006 Quia
581 3939 639 4004 Ego
653 3941 724 4000 vivo,
737 3942 820 3992 etiam
832 3956 883 3992 vos
895 3941 994 3992 vivetis
1002 3940 1018 3962 ’⁹
1029 3941 1104 4008 (Μ.
1116 3943 1170 3995 xiv.
1187 3939 1244 4008 19)':

286 4077 323 4131 et
351 4066 395 4130 de
417 4063 677 4142 resurreetione,
700 4067 793 4151 quod

339 4173 413 4222 Deus
427 4172 463 4221 sit
478 4173 574 4222 “Deus
588 4173 747 4234 viventium,
765 4183 792 4224 et
809 4187 863 4224 non
884 4175 957 4226 Deus
970 4175 1174 4237 mortuorum;”
1193 4185 1249 4228 tum
1264 4175 1343 4242 Quod
1360 4187 1419 4228 oon

421 4239 489 4288 mori
503 4239 620 4302 amplius
633 4241 738 4304 possint
752 4241 825 4302 (Luc.
837 4255 880 4291 xm
894 4241 933 4302 36,
946 4243 995 4304 38).

287 4387 346 4448 [od
378 4381 594 4448 Secundum:
622 4383 720 4463 Quod
737 4385 845 4450 omnis
867 4385 962 4450 homo
983 4398 1115 4453 creatus
1137 4389 1185 4453 sit
1205 4399 1243 4453 ut
1263 4389 1361 4454 vivat
1381 4387 1419 4454 in

285 4482 457 4540 aeternum
479 4475 514 4539 in
536 4485 631 4540 statu
653 4477 756 4553 beato,
776 4488 830 4543 est
853 4498 1089 4564 consequens;
1113 4501 1193 4545 nam
1211 4484 1267 4566 qui
1285 4483 1360 4547 vult
1378 4493 1419 4550 ut

285 4563 392 4629 homo
405 4569 500 4631 vivat
516 4569 549 4630 in
562 4579 753 4654 aeternum,
767 4571 842 4635 vuit
855 4572 959 4636 etiam
977 4581 1015 4636 ut
1030 4575 1123 4639 vivat
1140 4575 1172 4637 in
1189 4583 1285 4640 statu
1299 4576 1417 4642 beato.

285 4653 380 4737 Quid
397 4660 471 4721 vita
489 4669 632 4724 aeterna
651 4662 779 4745 absque
798 4662 881 4728 illo?
925 4662 1048 4728 Omnis
1067 4683 1163 4729 amor
1180 4666 1256 4732 vult
1274 4667 1419 4734 alterius
