3352 5374
497 664 547 714 os
571 663 706 714 murno
729 661 874 726 nnonn,
899 662 991 712 rnns
1014 661 1148 713 111.-N.
1169 647 1236 732 196.
1386 663 1428 730 77

300 836 385 900 dem
405 835 529 898 indolis
552 845 588 898 et
619 844 772 909 naturae,
793 841 933 897 constat
961 853 1006 896 ex
1034 852 1122 896 nunc
1147 829 1256 897 dietis.
1304 833 1429 898 Fibrae

303 932 466 995 motrices
482 930 721 1004 musculorum,
740 929 910 1005 minimae,
928 927 1072 1010 majores
1091 939 1127 992 et
1146 930 1329 1004 maximae,
1347 939 1428 994 sunt

301 1027 561 1108 homogeneae;
593 1025 696 1088 librae
720 1045 876 1100 nerveae,
897 1025 1067 1100 minimae,
1088 1023 1233 1106 majores
1257 1034 1292 1088 et
1316 1025 1428 1088 maxi-

304 1141 391 1196 mae,
413 1132 492 1184 sunt
520 1120 757 1202 homogeneae
772 1141 780 1198 ;
814 1119 990 1182 filamenta
1017 1118 1131 1200 lignea
1158 1139 1179 1182 a
1206 1120 1353 1183 minimis
1382 1119 1428 1183 ad

303 1236 422 1282 eorum
441 1217 673 1298 compositum
697 1226 776 1279 sunt
800 1214 1027 1296 homogenea.
1072 1213 1191 1278 Partes
1211 1214 1366 1297 lapideae
1390 1225 1427 1280 et

303 1311 499 1375 metallicae
515 1310 663 1392 cujusvis
679 1310 826 1391 generis,
840 1310 1005 1374 similiter.
1050 1307 1273 1375 Substantiae
1290 1311 1427 1393 organi-

302 1426 374 1480 cae,
395 1427 483 1489 quae
502 1418 582 1470 sunt
601 1403 821 1487 receptacula
839 1414 876 1470 et
898 1405 1096 1470 habitacula
1115 1407 1366 1488 cogitationum
1390 1417 1428 1472 et

302 1499 533 1577 affectionum,
557 1524 577 1565 a
606 1502 868 1584 simplicissimis
891 1501 935 1564 ad
958 1514 1209 1583 congregatum
1233 1522 1426 1576 commune,

302 1599 395 1681 quod
418 1607 473 1662 est
496 1597 683 1672 cerebrum,
708 1607 789 1660 sunt
812 1596 1060 1678 homogeneae.
1105 1594 1383 1678 Atmosphaerae
1406 1619 1428 1661 a

302 1713 388 1774 puro
405 1691 547 1756 aethere
565 1692 609 1755 ad
627 1711 741 1755 aerem
760 1703 840 1756 sunt
856 1691 1105 1773 homogeneae.
1146 1689 1279 1756 Gradus
1302 1691 1428 1756 caloris

300 1799 338 1854 et
361 1789 446 1852 lucis
472 1789 507 1851 in
533 1789 619 1851 serie
643 1788 832 1852 secundum
855 1787 982 1869 gradus
1005 1787 1320 1869 atmosphaerarum
1345 1801 1425 1852 sunt

300 1883 530 1966 homogenei;
561 1894 597 1947 et
619 1883 699 1946 inde
722 1903 856 1966 quoque
880 1883 1007 1964 gradus
1026 1885 1151 1947 amoris
1174 1891 1210 1947 et
1234 1884 1425 1965 sapientiae

301 1989 382 2045 sunt
401 1980 619 2061 homogenei.
666 1977 730 2042 llla
748 1999 834 2061 quae
858 1998 927 2042 non
947 1977 1100 2059 ejusdem
1118 1977 1244 2042 indolis
1264 1989 1298 2042 et
1323 1990 1424 2042 natu-

299 2097 358 2141 rae
375 2086 465 2152 sunt,
482 2075 717 2156 heterogenea
732 2083 823 2150 sunt,
841 2082 877 2138 et
893 2093 962 2138 non
980 2073 1194 2138 concordant
1209 2094 1286 2137 cum
1303 2075 1425 2139 homo-

300 2173 440 2255 geneis;
471 2173 521 2235 ita
544 2190 613 2235 non
637 2177 783 2252 possunt
802 2169 929 2250 gradus
945 2170 1114 2233 discretos
1132 2168 1232 2232 simul
1257 2169 1427 2233 cumillis

299 2267 433 2344 sistere,
454 2267 514 2330 sed
534 2266 639 2330 modo
657 2283 734 2329 cum
752 2267 832 2341 suis,
849 2286 937 2348 quae
952 2265 1105 2347 ejusdem
1124 2264 1249 2329 indolis
1267 2275 1302 2329 et
1323 2275 1425 2329 natu·

298 2383 358 2427 rae
377 2372 469 2440 sunt,
487 2381 564 2426 cum
583 2362 704 2444 quibus
723 2370 802 2426 sunt
822 2360 1050 2442 homogenea.

364 2472 463 2540 193.
493 2456 595 2540 Quod
611 2457 697 2521 haec
716 2457 750 2520 in
768 2477 831 2520 suo
847 2456 965 2521 ordine
981 2457 1061 2531 sint,
1079 2455 1167 2519 sicut
1187 2453 1282 2531 lines,
1300 2475 1426 2520 causae

300 2561 336 2616 et
356 2551 506 2627 effeetus,
526 2563 624 2635 patet
642 2574 651 2632 ;
675 2571 754 2616 nam
774 2553 929 2634 primum,
951 2553 1042 2636 quod
1065 2561 1119 2615 est
1142 2551 1329 2626 minimum,
1350 2551 1425 2632 agit

299 2667 396 2712 suam
416 2668 552 2712 causam
572 2669 633 2732 per
652 2647 813 2724 medium,
833 2657 869 2711 et
888 2667 984 2711 suurn
1001 2643 1156 2712 ereetum
1176 2666 1236 2729 per
1255 2645 1425 2712 ultimum.

364 2758 463 2826 194.
493 2743 677 2808 Sciendum
690 2753 755 2818 est,
770 2744 861 2827 quod
872 2743 1102 2827 unusquisque
1115 2742 1241 2825 gradus
1253 2743 1297 2806 ab
1312 2742 1426 2807 altero

299 2837 481 2904 distinctus
498 2840 544 2904 sit
560 2858 620 2921 per
632 2837 805 2903 velamina
817 2840 962 2921 propria,
983 2848 1018 2902 et
1038 2859 1159 2902 omnes
1177 2839 1304 2920 gradus
1320 2838 1422 2901 simul

299 2931 452 2999 distindti
465 2935 534 2998 sint
547 2954 607 3016 per
619 2934 776 2998 velamen
790 2952 990 2998 commune:
1009 2944 1044 2997 et
1056 2933 1146 3018 quod
1158 2933 1315 2997 velamen
1326 2952 1420 2996 com·

300 3049 401 3094 mune
420 3031 651 3094 communicet
675 3049 751 3093 cum
771 3030 987 3094 interioribus
1007 3040 1042 3093 et
1061 3048 1137 3092 cum
1155 3029 1283 3093 intimis
1302 3029 1335 3092 in
1358 3049 1424 3094 suo

298 3127 427 3189 ordine.
473 3125 557 3189 inde
574 3137 627 3190 est
644 3126 794 3189 omnium
810 3123 1003 3206 conjunctio
1023 3134 1059 3189 et
1078 3127 1238 3188 unanima
1255 3123 1358 3188 adtio.

300 3416 414 3499 Quor>
437 3431 589 3483 cunnus
608 3431 746 3483 eremus
768 3431 827 3482 sm
851 3431 958 3483 onus
981 3431 1023 3482 nr
1043 3431 1211 3482 oumnus
1230 3431 1420 3484 canonum

732 3525 986 3590 anunNTmM.

361 3703 459 3774 195·
489 3687 601 3753 Causa
624 3700 688 3765 est,
709 3691 787 3772 quia
811 3689 937 3770 gradus
960 3687 1106 3770 cujusvis
1129 3686 1272 3771 subjeeti
1295 3698 1332 3754 et
1359 3709 1418 3754 cu·

292 3781 400 3869 jusvis
423 3785 470 3849 rei
493 3784 701 3866 homogenei
724 3793 821 3862 sunt;
845 3804 885 3847 ac
908 3784 1118 3867 homogenei
1137 3793 1229 3860 sunt,
1246 3785 1418 3868 quiapro-

295 3877 390 3944 ducti
409 3902 428 3944 a
444 3881 553 3963 gradu
569 3881 698 3964 primo:
724 3899 803 3943 nam
819 3880 980 3946 formatio
996 3879 1130 3945 illorum
1148 3880 1226 3944 talis
1244 3889 1310 3958 est,
1327 3882 1419 3966 quod

295 3977 443 4062 primum
459 3997 519 4060 per
542 3977 887 4041 confasciculationes
903 3987 961 4041 aut
980 3974 1280 4059 conglobationes,
1300 3977 1418 4055 verbo,

294 4093 357 4157 per
373 4073 674 4154 congregationes,
689 4072 857 4155 producat
872 4073 1031 4148 alterum,
1048 4083 1083 4138 et
1100 4093 1161 4156 per
1175 4072 1241 4136 hoc
1258 4072 1396 4135 tertium
1409 4093 1418 4152 ;

293 4187 336 4232 ac
367 4167 617 4251 unumquodvis
645 4167 809 4231 discernit
842 4167 887 4230 ab
918 4168 1029 4232 altero
1062 4187 1121 4250 per
1150 4162 1417 4230 circumdudtum

293 4261 465 4327 velamen.
511 4261 597 4326 Inde
616 4271 726 4345 patet,
748 4263 838 4346 quod
860 4263 988 4345 primus
1006 4263 1133 4345 gradus
1152 4263 1197 4326 sit
1221 4261 1419 4345 principalis

294 4377 336 4423 ac
360 4359 459 4423 unice
481 4377 630 4441 regnans
659 4360 693 4423 in
724 4359 966 4443 sequentibus;
1001 4359 1145 4443 proinde
1171 4358 1263 4441 quod
1290 4359 1418 4442 primus

293 4453 423 4536 gradus
442 4455 486 4518 sit
505 4473 608 4518 omne
628 4455 661 4518 in
682 4454 840 4518 omnibus
860 4455 1026 4537 graduum
1045 4455 1274 4537 sequentium.

359 4549 460 4631 196·
490 4549 625 4614 Dicitur
644 4550 736 4633 quod
756 4550 844 4614 tales
864 4552 932 4614 sint
951 4551 1078 4632 gradus
1097 4552 1187 4614 inte'r
1210 4571 1258 4626 se,
1280 4550 1341 4614 sed
1364 4551 1415 4614 in·

297 4645 466 4730 telligitur
489 4647 580 4729 quod
611 4645 701 4710 tales
731 4647 801 4710 sint
832 4646 1047 4709 substantiae
1078 4648 1110 4708 in
1142 4647 1211 4710 suis
1241 4646 1414 4728 gradibus.
