3410 5382
319 648 362 714 86
672 653 876 706 SAPIENTIA
901 654 1097 705 ANGELICA

316 834 421 899 ducat
451 831 558 907 illum,
587 848 690 912 supra
714 835 893 892 ostensum
916 838 991 908 est;
1022 836 1096 892 tum
1121 830 1214 914 quod
1243 852 1287 894 ex
1319 832 1449 896 Divina

317 929 458 993 Domini
477 924 698 992 Providentia
719 924 776 1001 sit,
797 932 835 988 ut
853 923 960 988 homo
982 944 1028 989 ex
1051 924 1159 990 libero
1182 929 1370 992 secundum
1389 950 1442 994 ra·

317 1028 451 1091 tionem
475 1032 570 1106 agat.
624 1020 820 1104 Utrumque
843 1019 910 1084 hoc
938 1021 1029 1104 apud
1055 1021 1229 1088 hominem
1256 1027 1392 1108 periret,
1416 1026 1448 1090 si

231 1185 235 1192 ,
317 1120 483 1188 miracula
507 1118 640 1195 fierent,
660 1127 696 1182 et
720 1116 826 1181 homo
846 1137 906 1200 per
929 1117 989 1182 illa
1011 1117 1209 1201 adigeretur
1231 1121 1277 1184 ad
1299 1123 1442 1186 creden·

318 1219 409 1284 dum.
456 1215 558 1300 Quod
589 1216 639 1279 ita
665 1214 722 1290 sit,
747 1213 964 1279 rationaliter
990 1215 1040 1278 sic
1065 1215 1172 1279 videri
1194 1227 1330 1300 potest:
1366 1217 1447 1282 Non

318 1315 437 1398 negari
459 1321 591 1397 potest,
615 1311 696 1396 quin
727 1310 890 1374 miracula
919 1311 1085 1377 inducant
1115 1309 1217 1377 fidem
1244 1333 1284 1378 ac
1310 1314 1449 1379 sortiter

319 1410 551 1494 persuadeant
575 1405 667 1492 quod
696 1405 731 1470 id
758 1407 803 1470 sit
833 1426 961 1484 verum,
985 1408 1076 1491 quod
1100 1407 1170 1486 ille,
1196 1412 1254 1493 qui
1283 1410 1448 1474 miracula

318 1507 411 1582 iacit,
429 1506 513 1569 dicit
530 1513 565 1567 et
584 1503 708 1583 docet;
732 1513 768 1566 et
784 1503 876 1586 quod
891 1502 958 1568 hoc
978 1505 1011 1566 in
1030 1505 1129 1568 initio
1148 1505 1198 1569 ita
1213 1517 1363 1588 occupet
1382 1527 1446 1570 ex·

319 1612 456 1666 ternum
469 1599 697 1682 cogitationis
710 1598 869 1676 hominis,
884 1608 923 1663 ut
938 1599 972 1662 id
986 1600 1083 1682 quasi
1094 1601 1224 1665 vinciat
1236 1612 1272 1665 et
1288 1601 1450 1666 fascinet.

320 1695 390 1762 Sed
414 1695 520 1761 homo
543 1715 605 1778 per
622 1694 657 1757 id
680 1694 880 1776 deprivatur
899 1696 988 1759 binis
1011 1697 1080 1760 suis
1104 1695 1338 1774 facultatibus,
1358 1717 1451 1780 quae

321 1802 490 1858 vocantur
508 1790 725 1854 rationalitas
744 1799 780 1855 et
800 1789 954 1866 libertas,
972 1791 1022 1855 ita
1040 1789 1131 1874 quod
1150 1789 1250 1876 [non]
1271 1794 1382 1874 possit
1400 1813 1450 1856 ex·

320 1888 430 1954 libero
450 1886 638 1951 secundum
654 1886 826 1949 rationem
844 1905 968 1968 agere;
992 1894 1029 1950 et
1047 1896 1128 1951 tunc
1149 1906 1218 1950 non
1239 1898 1357 1969 potest
1374 1887 1450 1950 Do·

321 2003 432 2048 minus
449 1981 588 2045 influere
604 2000 664 2063 per
680 1981 852 2044 internum
869 1983 904 2044 in
919 1991 1105 2045 externum
1121 1983 1348 2064 cogitationis
1365 1983 1445 2063 ejus.

321 2081 387 2144 nisi
410 2078 522 2142 solum
546 2076 737 2161 relinquere
760 2076 890 2140 homini
910 2098 956 2140 ex
979 2079 1217 2143 rationalitate
1240 2101 1301 2143 sua
1324 2079 1451 2145 confir·

321 2195 415 2242 mare
437 2173 532 2238 illam
555 2191 639 2249 rem,
657 2192 744 2254 quae
763 2191 823 2254 per
846 2171 1048 2236 miraculum
1072 2172 1151 2237 fidei
1174 2174 1245 2256 ejus
1268 2175 1360 2238 sadia
1383 2191 1453 2238 est.

322 2283 380 2347 [2.]
412 2269 531 2336 Status
557 2268 780 2351 cogitationis
807 2267 957 2331 hominis
981 2268 1063 2331 talis
1089 2277 1156 2346 est,
1182 2281 1219 2333 ut
1244 2273 1289 2334 ab
1311 2273 1455 2336 interno

321 2367 546 2450 cogitationis
564 2365 682 2428 videat
700 2383 772 2426 rem
792 2364 825 2425 in
845 2371 996 2427 externo
1015 2365 1240 2445 cogitationis
1259 2388 1341 2431 suae
1361 2369 1455 2433 sicut

321 2463 355 2525 in
373 2463 523 2545 quodam
539 2458 701 2541 speculo;
727 2476 818 2530 nam,
836 2469 873 2520 ut
890 2477 993 2540 supra
1009 2456 1138 2522 didtum
1163 2471 1229 2536 est,
1245 2460 1351 2527 homo
1370 2472 1454 2545 pot·

322 2565 376 2621 est
398 2559 515 2620 videre
538 2575 634 2619 suam
659 2555 922 2636 cogitationem,
940 2553 1032 2634 quod
1057 2573 1126 2617 non
1145 2556 1219 2620 dari
1242 2567 1362 2640 potest
1385 2558 1453 2622 nisi

321 2673 343 2716 a
362 2654 579 2734 cogitatione
602 2651 773 2715 interiore.
819 2648 865 2711 Et
886 2667 963 2711 cum
983 2649 1079 2713 videt
1099 2671 1170 2714 rem
1187 2654 1276 2717 sicut
1295 2653 1330 2716 in
1349 2674 1450 2736 spec·

322 2747 391 2824 ulo,
422 2755 541 2830 potest
575 2747 681 2810 etiam
713 2743 809 2808 illam
839 2763 976 2807 versare
1005 2745 1071 2809 huc
1106 2746 1198 2822 illuc,
1233 2758 1269 2812 et
1302 2748 1455 2814 formare

322 2843 430 2918 illam,
448 2862 555 2925 usque
576 2851 613 2905 ut
633 2840 696 2903 sibi
715 2848 881 2922 appareat
901 2839 1064 2922 pulchra:
1089 2863 1175 2924 quae
1195 2864 1260 2920 res,
1277 2845 1306 2908 si
1322 2846 1455 2909 veritas

324 2949 390 3014 est,
410 2937 603 3018 comparari
621 2945 741 3018 potest
761 2934 883 3016 virgini
903 2943 963 2999 aut
980 2934 1095 3016 juveni
1115 2937 1263 3019 pulchris
1283 2948 1319 3003 et
1341 2941 1455 3022 vivis;

323 3044 362 3100 at
378 3034 407 3098 si
422 3033 529 3096 homo
545 3050 616 3095 rem
632 3030 727 3094 illam
751 3049 819 3094 non
843 3038 961 3113 potest
980 3051 1117 3096 versare
1136 3032 1201 3096 huc
1221 3033 1313 3110 illuc,
1330 3046 1367 3100 et
1382 3035 1454 3101 sor·

325 3150 418 3196 mare
434 3128 541 3203 illam,
555 3127 616 3191 sed
630 3127 734 3190 modo
751 3125 845 3189 illam
861 3125 1000 3189 credere
1013 3148 1058 3190 ex
1073 3129 1294 3208 persuasione
1310 3130 1456 3196 indudta

324 3247 386 3309 per
408 3222 619 3299 miraculum,
640 3223 668 3286 si
692 3232 774 3286 tunc
794 3219 921 3284 veritas
941 3231 1006 3297 est,
1026 3224 1219 3305 comparari
1241 3235 1360 3307 potest
1383 3229 1453 3291 vir·

325 3323 396 3407 gini
414 3331 474 3386 aut
491 3319 606 3402 juveni
626 3318 771 3402 sculptis
789 3337 835 3381 ex
855 3315 969 3398 lapide
992 3326 1051 3381 aut
1069 3317 1175 3400 ligno,
1192 3320 1225 3382 in
1243 3320 1364 3404 quibus
1380 3343 1453 3386 non«

325 3420 440 3482 vivum
469 3425 545 3480 est:
579 3425 615 3479 et
644 3435 779 3499 quoque
810 3412 1000 3494 comparari
1030 3423 1148 3496 potest
1179 3414 1326 3497 objecto,
1358 3419 1449 3501 quod

321 3512 449 3596 jugiter
468 3530 585 3575 coram
603 3511 678 3574 visu
694 3520 759 3586 est,
776 3508 869 3593 quod
885 3506 996 3571 solum
1015 3506 1193 3591 spedtatur
1211 3519 1247 3574 et
1268 3512 1455 3578 abscondit

326 3627 429 3671 omne
453 3608 486 3669 id
511 3607 603 3690 quod
627 3607 785 3687 utrinque
810 3625 830 3668 a
853 3603 972 3680 latere,
994 3614 1029 3669 et
1053 3605 1145 3688 quod
1168 3617 1248 3688 post
1267 3606 1352 3670 illud
1376 3620 1450 3686 est;

326 3713 399 3766 tum
426 3701 618 3785 comparari
646 3709 764 3784 potest
791 3719 877 3763 sono
900 3701 934 3763 in
958 3720 1038 3763 aure
1064 3702 1241 3779 continuo,
1266 3704 1322 3785 qui
1344 3704 1456 3768 ausert

325 3799 587 3882 perceptionem
610 3796 810 3860 harmoniae
839 3818 883 3860 ex
909 3796 1070 3878 pluribus.
1115 3795 1212 3861 Talis
1238 3801 1393 3863 caecitas
1418 3809 1457 3863 et

325 3895 476 3958 surditas
503 3893 675 3957 inducitur
703 3893 811 3957 menti
834 3892 1006 3956 humanae
1030 3913 1091 3976 per
1115 3893 1289 3957 miracula.
1334 3891 1458 3959 Simile

325 4001 379 4056 est
403 4010 480 4054 cum
503 3989 598 4054 omni
623 3985 838 4065 confirmato,
864 3989 957 4071 quod
978 4009 1047 4052 non
1071 3987 1248 4073 spediatur
1269 4009 1316 4054 ex
1339 3991 1455 4075 aliqua

325 4087 566 4152 rationalitate
586 4093 773 4168 antequam
796 4083 1027 4149 confirmatur.

389 4197 482 4267 ψ.
512 4179 569 4246 Ex
592 4181 647 4244 his
672 4191 832 4246 constare
855 4190 986 4264 potest,
1007 4181 1099 4264 quod
1122 4179 1208 4245 fides
1231 4180 1371 4246 indud'ta
1393 4203 1457 4266 per

326 4277 501 4354 miracula,
526 4297 595 4341 non
619 4279 665 4343 sit
685 4275 780 4354 fides,
804 4279 866 4341 sed
890 4277 1085 4358 persuasio;
1110 4297 1178 4341 non
1203 4278 1293 4341 enim
1312 4277 1454 4361 aliquod

326 4373 496 4440 ratronale
523 4386 578 4441 est
604 4375 638 4439 in
662 4374 734 4452 illa,
755 4377 864 4439 minus
889 4375 1029 4457 aliquod
1055 4374 1254 4456 spirituale;
1282 4384 1336 4438 est
1361 4376 1454 4438 enim

327 4472 431 4536 modo
461 4481 645 4537 externum
675 4473 803 4556 absque
834 4473 977 4534 interno.
1023 4469 1140 4534 Simile
1169 4481 1223 4536 est
1252 4489 1330 4535 cum
1360 4471 1456 4533 omni

327 4567 418 4650 quod
448 4567 555 4632 homo
584 4590 629 4632 ex
661 4565 727 4632 fide
757 4567 816 4631 illa
840 4568 1036 4648 persuasiva
1063 4567 1157 4641 facit,
1182 4569 1253 4631 sive
1281 4575 1456 4649 agnoscat

329 4663 451 4738 Deum,
473 4663 544 4726 sive
564 4663 657 4727 colat
678 4663 792 4745 ipsum
813 4663 905 4726 domi
925 4665 1036 4726 autin
1057 4663 1206 4746 templis,
1225 4664 1297 4726 sive
1314 4663 1457 4726 beneia-
