3448 5374
532 698 584 749 nn
607 697 743 766 mvnro
767 697 911 766 amous,
931 699 1025 753 raus
1046 700 1163 754 v.—-u.
1181 707 1255 777 427.
1393 712 1453 762 211

327 887 403 932 cum
417 868 907 954 emmeramme-Sunt
924 873 994 938 bini
1010 893 1157 954 amores,
1168 878 1358 944 secundum
1370 900 1458 964 quoa

328 964 420 1029 caeli
444 963 598 1029 distincti
627 975 720 1043 sunt,
740 985 838 1032 amor
864 968 1029 1036 caelestis
1061 980 1098 1036 et
1126 990 1224 1039 amor
1246 972 1456 1056 spiritualis:

328 1079 429 1124 amor
448 1060 611 1124 caelestis
630 1070 685 1125 est
704 1080 801 1126 amor
823 1063 858 1126 in
877 1063 1075 1144 Dominum,
1096 1076 1133 1132 et
1152 1088 1250 1134 amor
1268 1068 1459 1152 spiritualis

328 1165 385 1221 est
408 1176 505 1220 amor
528 1177 612 1238 erga
634 1157 840 1241 proximum.
886 1159 1158 1244 Distinguuntur
1179 1163 1215 1228 hi
1237 1183 1372 1229 amores
1395 1183 1460 1249 per

276 1303 279 1315 .
329 1251 375 1329 id,
396 1253 488 1336 quod
507 1271 603 1317 amor
622 1251 785 1319 caelestis
803 1255 848 1318 sit
867 1275 964 1320 amor
981 1256 1076 1335 boni,
1096 1278 1136 1323 ac
1149 1261 1252 1324 'amor
1269 1259 1457 1343 spiritualis

329 1349 375 1412 sit
391 1366 489 1412 amor
503 1349 575 1412 veri
589 1369 598 1427 ;
621 1347 671 1412 illi
687 1349 779 1413 enim
798 1350 855 1433 qui
873 1351 908 1414 in
924 1370 1041 1417 amore
1057 1353 1200 1419 caelesti
1216 1365 1308 1432 sunt,
1325 1355 1456 1423 faciunt

328 1463 410 1506 usus
433 1465 478 1508 ex
506 1463 624 1508 amore
643 1444 735 1520 boni,
756 1453 791 1509 et
821 1445 870 1509 illi
889 1448 946 1529 qui
972 1447 1007 1511 in
1033 1468 1150 1514 amore
1169 1450 1338 1532 spirituali
1362 1460 1455 1531 sunt,

327 1538 458 1604 iaciunt
482 1559 562 1603 usus
584 1560 630 1603 ex
654 1559 772 1604 amore
795 1541 876 1605 veri.
922 1540 1127 1626 Conjugium
1146 1547 1273 1610 amoris
1293 1546 1455 1613 caelestia

325 1644 382 1698 est
399 1655 476 1698 cum
493 1634 675 1719 sapientia,
692 1656 733 1700 ac
750 1635 946 1719 conjugium
962 1639 1087 1703 amoris
1104 1639 1290 1723 spiritualis
1306 1651 1360 1706 est
1376 1661 1454 1707 cum

325 1728 584 1812 intelligentia;
607 1731 798 1813 sapientiae
818 1733 908 1796 enim
927 1743 981 1797 est
1000 1734 1112 1799 facere
1131 1734 1259 1799 bonum
1278 1757 1323 1800 ex
1348 1737 1453 1820 bono,

324 1845 367 1889 ac
391 1825 646 1908 intelligentiae
670 1837 725 1891 est
748 1827 860 1892 facere
879 1828 1006 1893 bonum
1029 1851 1075 1894 ex
1098 1850 1201 1911 vero;
1231 1852 1335 1917 quare
1357 1853 1454 1900 amor

326 1920 488 1985 caelestis
517 1921 599 1985 iacit
629 1921 768 1999 bonum,
796 1943 836 1987 ac
870 1933 968 1988 amor
997 1925 1184 2008 spiritualis
1213 1927 1295 1991 iacit
1322 1949 1451 1994 verum.

327 2015 521 2090 Discrimen
551 2018 642 2081 inter
671 2017 736 2082 hos
766 2018 866 2083 binos
892 2035 1028 2084 amores
1053 2040 1124 2085 non
1154 2030 1275 2104 potest
1305 2023 1453 2089 describi

322 2132 427 2196 quam
444 2111 627 2195 per'haec3
652 2113 743 2196 quod
763 2113 813 2178 illi
832 2116 888 2197 qui
906 2116 940 2178 in
955 2135 1074 2180 amore
1090 2116 1235 2183 caelesti
1251 2129 1342 2195 sunt,
1360 2121 1451 2202 sapi·

322 2209 456 2272 entiam
475 2209 569 2272 vitae
588 2229 671 2274 suae
689 2210 889 2293 inscriptam
908 2210 1071 2288 habeant,
1088 2222 1125 2277 et
1149 2233 1219 2279 non
1242 2215 1449 2295 memoriae;

324 2323 412 2387 quae
431 2314 619 2379 causaest,
639 2304 731 2388 quod
751 2325 820 2369 non
845 2306 888 2369 de
912 2306 1045 2372 Divinis
1063 2307 1152 2373 veris
1172 2307 1367 2391 loquantur,
1387 2310 1449 2374 sed

322 2401 417 2484 quod
439 2400 568 2464 saciant
597 2399 667 2464 illa.
712 2399 764 2465 At
794 2401 843 2465 illi
875 2403 932 2485 qui
962 2402 995 2466 in
1026 2422 1142 2468 amore
1165 2404 1333 2487 spirituali
1355 2414 1447 2484 sunt,

322 2497 529 2577 sapientiam
549 2494 735 2562 memoriae
758 2517 839 2561 suae
861 2497 1063 2579 inscriptam
1086 2499 1237 2578 habent3
1268 2520 1372 2583 quare
1396 2499 1448 2565 lo·

321 2601 473 2674 quuntur
492 2591 534 2654 de
558 2590 691 2654 Divinis
710 2592 810 2668 veris,
830 2612 870 2655 ac
893 2592 1024 2657 faciunt
1046 2593 1106 2657 illa
1130 2615 1179 2657 -ex
1213 2595 1386 2678 principiis
1414 2597 1447 2659 in

322 2687 498 2750 memoria.
545 2683 635 2767 Quia
649 2684 699 2749 illi
715 2687 771 2770 qui
789 2687 825 2751 in
840 2706 957 2752 amore
974 2688 1116 2753 caelesti
1132 2698 1223 2767 sunt,
1241 2691 1447 2772 sapientiam

323 2782 414 2846 vitae
433 2801 515 2845 suae
534 2781 734 2865 inscriptam
752 2781 894 2858 habent,
912 2783 991 2847 ideo
1009 2784 1168 2868 quicquid
1184 2784 1338 2861 audiunt,
1356 2784 1448 2852 illico

321 2877 515 2960 percipiunt
534 2895 615 2942 num
633 2895 752 2942 verum
771 2877 816 2941 sit
839 2877 894 2941 vel
914 2898 984 2942 non
995 2899 1004 2958 3
1035 2888 1071 2942 et
1095 2899 1172 2942 cum
1191 2879 1447 2963 interrogantur

321 2992 403 3038 num
421 2992 551 3050 verum,
568 2973 780 3056 respondent
797 2973 908 3038 solum
930 2973 985 3038 vel
1004 2974 1096 3056 quod
1115 2976 1172 3050 sit,
1190 2975 1246 3039 vel
1266 2977 1357 3059 quod
1377 2996 1446 3042 non

320 3070 378 3134 sit.
423 3068 471 3133 Hi
489 3079 570 3134 sunt
588 3071 645 3153 qui
664 3070 903 3152 intelliguntur
926 3091 987 3153 per
1005 3069 1092 3136 haec
1113 3070 1253 3136 Domini
1272 3071 1388 3149 verba,

443 3207 458 3229 '¹
467 3205 563 3256 Sermo
575 3205 727 3256 resteterit
739 3203 829 3256 Immo
840 3205 933 3266 immo,
944 3203 1007 3255 Non
1020 3219 1076 3254 non
1084 3203 1100 3226 ''
1111 3204 1221 3268 (Marta.
1233 3221 1259 3258 v.
1271 3205 1327 3269 s7lz

318 3349 358 3406 et
376 3342 456 3427 quia
474 3340 565 3406 tales
583 3350 674 3416 sunt,
695 3360 765 3405 non
784 3339 905 3404 volunt
920 3339 1047 3423 aliquid
1066 3340 1183 3404 audire
1206 3339 1249 3405 de
1271 3339 1361 3419 fide;
1391 3340 1443 3406 di·

320 3447 453 3510 centes,
476 3434 598 3517 “Quid
622 3433 730 3500 fides?
760 3445 861 3500 estne
884 3434 1077 3516 sapientia?
1108 3444 1143 3498 et
1167 3435 1248 3520 quid
1267 3434 1443 3500 charitas?

321 3542 420 3598 estne
439 3531 590 3596 lacere?”
612 3531 661 3596 Et
679 3551 782 3615 quum
802 3529 869 3594 illis
888 3531 1010 3594 dicitur
1021 3531 1112 3614 quod
1131 3529 1217 3595 fides
1240 3533 1284 3594 sit
1303 3531 1444 3596 credere

318 3629 412 3710 quod
429 3647 496 3690 non
514 3625 729 3708 intelligitur,
746 3636 908 3690 avertunt
924 3646 972 3702 se,
990 3627 1157 3702 dicentes,
1177 3631 1197 3660 ‘⁴
1207 3624 1272 3690 Hic
1290 3625 1444 3692 delirat.”

322 3724 368 3788 Hi
391 3733 471 3786 sunt
490 3724 547 3807 qui
564 3723 598 3785 in
614 3717 718 3787 tertio'
736 3722 833 3786 caelo
853 3732 944 3797 sunt,
962 3731 998 3786 et
1017 3723 1073 3805 qui
1091 3722 1243 3785 omnium
1259 3725 1441 3804 sapientis·

265 3811 267 3816 ’
316 3819 395 3884 simi
413 3828 504 3882 sunt.
549 3816 654 3880 Tales
669 3813 748 3881 fatti
765 3827 845 3880 sunt
864 3819 897 3880 in
915 3817 1042 3880 mundo
1061 3815 1121 3892 illi,
1139 3819 1194 3900 qui
1213 3817 1338 3894 Divina
1356 3839 1442 3901 quae

319 3916 534 3989 audiverunt,
565 3913 685 3977 statim
720 3912 958 3996 applicuerunt
987 3913 1091 3988 vitae,
1123 3914 1315 3978 aversando
1349 3914 1441 3980 mala

315 4011 408 4074 sicut
424 4007 611 4084 infernalia,
629 4017 665 4072 et
684 4008 862 4072 adorando
879 4007 988 4072 solum
1006 4007 1203 4072 Dominum.
1249 4007 1295 4072 Hi
1311 4011 1389 4092 quia
1407 4011 1441 4074 in

315 4104 518 4169 innocentia
534 4113 625 4179 sunt,
643 4114 811 4186 apparent
827 4102 902 4166 aliis
919 4105 1007 4167 sicut
1020 4103 1167 4168 infantes
1182 4124 1190 4182 ;
1214 4112 1249 4168 et
1266 4105 1345 4187 quia
1358 4103 1441 4169 nihil

317 4201 362 4264 de
381 4200 470 4264 veris
489 4200 679 4282 sapientiae
699 4199 894 4282 loquuntur,
915 4208 951 4262 et
975 4198 1058 4261 nihil
1082 4219 1125 4261 ex
1150 4198 1240 4264 fastu
1260 4201 1349 4263 inest
1368 4221 1441 4264 ser·

315 4297 410 4360 moni
434 4296 579 4368 illorum,
599 4303 766 4378 apparent
789 4295 894 4359 etiam
914 4293 1097 4375 simplices.
1140 4292 1207 4358 Sed
1233 4295 1439 4377 usquedum

314 4393 461 4456 audiunt
492 4391 639 4473 aliquem
670 4390 880 4473 loquentem,
909 4409 955 4452 ex
985 4409 1072 4452 sono
1102 4390 1295 4470 percipiunt
1322 4391 1440 4453 omnia

315 4489 444 4550 amoris
468 4485 549 4567 ejus,
570 4496 605 4549 et
635 4507 679 4548 ex
704 4483 840 4567 loquela
859 4485 974 4547 omnia
993 4482 1246 4566 intelligentiae
1265 4483 1344 4565 ejus.
1392 4485 1439 4549 Hi

316 4592 399 4644 sunt
418 4583 473 4664 qui
492 4583 525 4643 in
545 4580 703 4662 conjugio
718 4581 843 4643 amoris
862 4588 898 4642 et
917 4579 1106 4661 sapientiae
1125 4589 1204 4643 sunt
1227 4600 1247 4642 a
1267 4579 1439 4661 Domino;

316 4686 355 4740 et
374 4678 431 4759 qui
449 4675 644 4740 cardiacum
664 4674 750 4739 caeli
770 4672 933 4750 referunt,
953 4672 997 4738 de
1015 4693 1083 4756 quo
1102 4673 1203 4754 prius.
