3448 5374
245 1043 593 1151 SAPIENTIA
627 1043 956 1150 ANGELICA
999 1045 1080 1151 DE
1141 1047 1374 1156 DIVINA

578 1193 1040 1301 PROVIDENTIA.

243 1728 361 1816 Quon
380 1729 1083 1797 D1vmnPnovmana1ns1rRasnran
1098 1726 1233 1795 Drvnn
1255 1725 1370 1796 Anao·

420 1837 481 1890 ms
503 1838 552 1890 aa
575 1824 745 1890 Drvmna
769 1823 1007 1890 Snrrnnrms
1030 1823 1191 1887 Donmr.

383 2089 416 2158 T
434 2089 654 2174 intelligatur
668 2088 749 2175 quid
768 2087 895 2154 Divina
913 2085 1143 2165 Providentia,
1160 2093 1198 2153 et
1213 2083 1307 2172 quod
1323 2085 1371 2153 sit

246 2087 378 2371 U
413 2187 568 2274 regimen
601 2185 718 2249 Divini
748 2182 889 2248 Amoris
921 2191 958 2246 et
990 2181 1137 2246 Divinae
1170 2180 1373 2264 Sapientiae

414 2282 566 2358 Domini,
600 2281 748 2346 interest
780 2288 819 2343 ut
853 2279 1006 2344 sciantur
1039 2297 1127 2361 quae
1162 2277 1206 2342 de
1242 2271 1374 2344 Divino

413 2379 546 2445 Amore
573 2385 610 2443 et
636 2377 681 2441 de
704 2375 831 2440 Divina
861 2371 1078 2458 Sapientia
1069 2393 1104 2438 ιιι
1135 2371 1374 2441 ιιιιιειιᾶἰοιιε

238 2479 282 2543 de
298 2476 366 2543 illis
385 2476 477 2561 prius
494 2469 587 2537 dista
603 2482 639 2537 et
655 2481 798 2536 ostensa
814 2480 906 2548 sunt,
924 2491 1011 2554 quae
1027 2479 1108 2533 sunt
1125 2470 1375 2554 sequentia:-

238 2571 342 2655 Quod
365 2573 401 2636 in
424 2569 577 2635 Domino
601 2567 746 2632 Divinus
770 2566 881 2631 Amor
910 2567 956 2630 sit
986 2566 1133 2630 Divinae
1156 2562 1374 2649 Sapientiae,

237 2689 277 2734 ac
312 2667 440 2733 Divina
473 2665 653 2750 Sapientia
682 2663 799 2728 Divini
828 2662 971 2728 Amoris
1002 2659 1051 2746 (ιι.
1079 2661 1210 2746 34-39).
1265 2661 1373 2745 Quod

237 2763 385 2829 Divinus
417 2762 530 2828 Amor
560 2770 596 2826 et
628 2760 755 2824 Divina
787 2759 967 2843 Sapientia
999 2759 1069 2823 non'
1098 2759 1235 2843 possint
1268 2759 1375 2825 aliter

236 2879 341 2946 quam
371 2879 449 2926 esse
478 2868 515 2924 et
543 2858 696 2923 existere
726 2858 760 2921 in
786 2855 862 2920 aliis
892 2876 913 2921 a
941 2876 979 2920 se
998 2856 1126 2920 creatis
1157 2853 1206 2939 (n.
1235 2856 1372 2942 47-51).

238 2954 342 3038 Quod
359 2955 476 3021 omnia
491 2954 641 3019 universi
659 2974 680 3018 a
698 2953 825 3019 Divino
841 2951 973 3017 Amore
992 2961 1029 3016 et
1048 2951 1174 3016 Divina
1189 2950 1373 3037 Sapientia

237 3063 357 3118 creata
387 3053 458 3117 sint
490 3048 538 3133 (n.
565 3065 614 3132 52,
642 3049 887 3134 53,151-156).
934 3047 1037 3131 Quod
1070 3051 1188 3113 omnia
1221 3051 1371 3116 universi

237 3151 307 3215 sint
331 3148 448 3214 Divini
471 3146 613 3211 Amoris
637 3156 674 3211 et
697 3146 843 3211 Divinae
868 3145 1065 3229 Sapientiae
1091 3146 1295 3229 recipientia
1319 3145 1369 3230 (n.

238 3244 400 3329 ΙΙ155-60).
447 3241 549 3327 Quod
570 3242 740 3307 Dominus
758 3261 876 3307 coram
896 3241 1031 3326 angelis
1050 3252 1219 3324 appareat
1238 3251 1276 3309 ut
1295 3240 1369 3321 Sol,

236 3350 273 3404 et
295 3341 389 3424 quod
411 3338 507 3404 calor
528 3338 610 3403 inde
632 3338 825 3422 procedens
848 3339 892 3403 sit
916 3358 1023 3416 amor,
1043 3345 1080 3403 et
1104 3337 1164 3402 lux
1187 3339 1268 3403 inde
1287 3360 1368 3424 pro·

236 3437 365 3500 cedens
398 3436 445 3500 sit
475 3434 648 3519 sapientia
679 3433 728 3518 (n.
756 3436 872 3515 83-88,
901 3436 1016 3516 89-92,
1045 3437 1162 3518 93-98,
1191 3436 1368 3522 296-301).

237 3529 341 3613 Quod
361 3530 506 3595 Divinus
525 3529 637 3594 Amor
655 3539 692 3594 et
711 3530 838 3594 Divina
857 3529 1047 3614 Sapientia,
1067 3552 1155 3615 quae
1174 3534 1368 3616 procedunt

236 3649 257 3690 a
276 3627 441 3702 Domino,
461 3644 566 3690 unum
588 3625 718 3691 iaciant
745 3625 793 3709 (n.
812 3625 966 3710 99-102).
1012 3625 1116 3712 Quod
1132 3628 1304 3695 Dominus
1322 3631 1370 3696 ab

235 3732 394 3799 aeterno,
414 3722 471 3806 qui
494 3731 549 3786 est
569 3720 739 3804 Jehovah,
763 3723 934 3788 creaverit
962 3725 1157 3790 universum
1183 3734 1221 3792 et
1251 3729 1368 3794 omnia

236 3818 308 3900 ejus
338 3839 359 3883 a
389 3815 433 3883 Se
464 3817 558 3900 Ipso,
582 3826 619 3884 et
648 3839 718 3884 non
747 3839 768 3884 a
797 3819 905 3886 nihilo
930 3818 978 3904 (n
1006 3823 1091 3886 282'-
1070 3824 1166 3902 -284,
1191 3822 1367 3908 290-295).

238 3913 365 3980 Haec
356 3935 390 3978 m
409 3912 656 3992 transactione,
676 3936 764 3999 quae
782 3927 926 3982 vocatur
942 3916 1119 4000 Sapientia
1139 3917 1306 4002 Angelica
1327 3920 1370 3985 da

235 4009 364 4074 Divina
378 4009 506 4074 Amare
520 4019 552 4075 et
569 4009 699 4076 Divina
717 4011 902 4094 Sapientia.

299 4121 339 4172 a·
361 4105 419 4170 Ex
435 4106 488 4171 his
504 4106 643 4173 collatis
659 4108 819 4174 cumillis
835 4131 923 4193 quae
938 4111 982 4176 de
998 4109 1209 4178 Creatione
1199 4132 1234 4177 ιιι
1251 4122 1367 4180 trans·

234 4199 374 4266 attione
395 4200 457 4266 illa
475 4203 651 4286 descripta
669 4215 762 4281 sunt,
783 4216 944 4272 constare
964 4208 1102 4291 quidem
1122 4218 1253 4292 potest,
1273 4211 1366 4295 quod

236 4298 390 4381 regimen
411 4297 528 4364 Divini
548 4299 690 4365 Amoris
708 4310 746 4366 et
770 4301 916 4367 Divinae
935 4302 1135 4386 Sapientiae
1155 4304 1295 4370 Domini
1318 4308 1365 4374 sit

235 4392 327 4476 quod
350 4404 498 4460 vocatur
519 4395 647 4460 Divina
670 4397 913 4478 Providentia;
946 4401 1009 4464 sed
1031 4400 1111 4484 quia
1132 4401 1179 4466 ibi
1202 4402 1246 4467 de
1268 4423 1365 4468 crea·

236 4489 332 4554 tione
355 4487 471 4556 actum
494 4501 561 4568 est,
581 4502 617 4557 et
648 4512 716 4557 non
747 4494 791 4559 de
820 4496 1084 4562 conservatione
1113 4507 1228 4563 status
1251 4519 1364 4567 rerum

235 4595 316 4667 post
346 4587 570 4664 creationem,
595 4598 632 4653 et
660 4588 747 4655 haec
777 4601 830 4656 est
858 4592 1012 4675 regimen
1036 4594 1189 4672 Domini,
1210 4595 1289 4660 ideo
1308 4595 1363 4662 hic

234 4702 326 4749 nunc
344 4685 388 4749 de
407 4705 451 4750 eo
463 4686 637 4768 agendum
650 4696 725 4751 est:
746 4688 807 4752 sed
825 4688 858 4751 in
875 4689 939 4754 hoc
960 4690 1107 4756 articulo
1122 4691 1164 4756 de
1177 4712 1363 4757 conserva·
