3268 5380
387 622 438 673 ua
462 620 597 671 n1v1no
620 620 764 682 nuova,
792 622 882 670 unus
907 619 1034 671 1v.--v.
1052 621 1123 688 357.
1260 620 1320 689 159

199 799 253 858 ter
278 810 375 856 usum
405 811 506 875 quem
536 799 715 874 praestant
738 790 889 854 humano
916 791 1045 874 generi,
1066 809 1112 854 ex
1142 789 1272 854 influxu
1299 811 1318 854 e

199 884 366 972 spirituali
378 886 518 962 mundo,
536 887 580 950 sit
599 884 707 950 forma
720 887 893 969 regiminis
906 887 1014 970 qualis
1028 896 1082 950 est
1099 886 1189 969 apud
1208 885 1317 949 homi·

199 1001 262 1048 nes
279 982 437 1058 interris,
454 983 560 1046 immo
576 982 665 1064 apud
682 982 825 1064 angelos
844 981 878 1047 ln
894 982 1009 1046 caelis.
1056 980 1141 1063 Quis
1158 984 1210 1045 cui
1230 981 1319 1047 ratio

198 1075 333 1145 illibata
355 1086 421 1153 est,
441 1097 511 1141 non
530 1077 638 1152 videt,
655 1077 745 1161 quod
769 1077 851 1141 talia
873 1077 963 1159 apud
987 1076 1064 1140 illos
1088 1097 1156 1141 non
1180 1079 1249 1141 sint
1272 1098 1319 1142 ex

199 1174 329 1238 mundo
344 1171 514 1237 naturali?
538 1171 628 1255 Quid
645 1170 698 1236 sol
716 1193 736 1236 a
752 1192 819 1256 quo
835 1183 957 1237 natura
973 1182 1038 1248 est,
1056 1191 1238 1237 commune
1256 1173 1318 1238 ha·

198 1265 259 1334 bet
279 1287 356 1333 cum
374 1267 541 1350 regimine
559 1266 696 1332 aemulo
715 1276 751 1332 et
771 1267 921 1350 analogo
940 1267 1116 1350 regiminis
1135 1266 1319 1333 caelestis?

199 1361 258 1427 Ex
276 1363 330 1427 his
348 1371 383 1427 et
403 1383 450 1426 ex
468 1361 700 1427 consimilibus
724 1360 798 1426 aliis
817 1363 907 1445 apud
924 1362 1086 1426 animalia
1104 1361 1214 1438 bruta,
1233 1381 1318 1427 con·

197 1455 308 1522 sessor
322 1467 358 1522 et
374 1456 487 1521 cultor
504 1468 646 1522 naturae
663 1455 843 1522 confirmat
859 1478 896 1522 se
912 1476 974 1540 pro
991 1466 1124 1534 natura,
1142 1477 1218 1521 cum
1235 1477 1318 1522 con-

197 1551 308 1618 sessor
330 1561 366 1617 et
389 1550 503 1617 cultor
526 1551 592 1616 Dei
613 1573 660 1616 ex
686 1552 807 1617 iisdem
834 1551 1014 1617 confirmat
1038 1572 1074 1616 se
1097 1572 1159 1635 pro
1183 1552 1318 1617 Divino.

198 1645 290 1712 Nam
306 1646 492 1730 spiritualis
511 1647 616 1712 homo
632 1649 727 1711 videt
746 1648 935 1731 spiritualia
951 1649 985 1711 in
1002 1647 1080 1723 illis,
1097 1657 1133 1711 et
1153 1647 1318 1713 naturalis

196 1739 304 1808 homo
320 1742 415 1807 videt
432 1742 599 1806 naturalia
615 1744 649 1806 in
666 1742 744 1818 illis,
763 1745 812 1807 ita
827 1745 968 1826 quisque
986 1742 1094 1826 qualis
1110 1752 1174 1806 est.
1215 1741 1317 1825 Quod

197 1855 255 1903 me
272 1839 412 1914 attinet,
430 1838 513 1902 talia
529 1837 611 1902 mihi
629 1837 764 1902 suerunt
780 1839 979 1902 testimonia
994 1836 1143 1901 influxus
1159 1839 1317 1920 spiritua·

197 1931 240 1997 lis
262 1933 297 1997 in
320 1933 486 2009 naturale,
507 1952 567 1996 seu
591 1933 709 1997 mundi
731 1932 916 2014 spiritualis
936 1933 970 1996 in
990 1932 1153 1996 mundum
1177 1943 1317 1997 natura·

196 2026 278 2102 lem,
292 2029 342 2091 ita
357 2048 377 2091 a
393 2026 519 2091 Divina
534 2023 713 2110 Sapientia
729 2026 878 2091 Domini.
917 2025 1089 2108 Expende
1104 2028 1221 2103 etiam,
1235 2047 1316 2094 num

196 2122 241 2188 de
263 2123 377 2206 aliqua
402 2121 511 2187 forma
535 2123 720 2205 regiminis,
741 2133 799 2187 aut
824 2123 867 2186 de
892 2122 1006 2207 aliqua
1029 2121 1107 2205 lege
1135 2123 1235 2198 civili,
1259 2133 1319 2189 aut

196 2217 241 2283 de
264 2219 377 2303 aliqua
395 2219 523 2282 virtute
545 2217 678 2295 morali,
699 2227 758 2282 aut
777 2219 820 2283 de
840 2218 954 2302 aliqua
969 2218 1118 2282 veritate
1137 2217 1316 2301 spirituali,

196 2322 299 2399 potes
321 2312 495 2396 analytice
518 2314 685 2397 cogitare,
710 2315 775 2378 nisi
803 2313 964 2378 Divinum
987 2332 1032 2376 ex
1057 2310 1233 2396 Sapientia
1256 2334 1318 2380 sua

196 2426 258 2492 per
276 2408 438 2474 mundum
457 2407 668 2492 spiritualem
688 2408 815 2473 influat.
861 2405 963 2491 Quod
982 2406 1026 2469 ad
1045 2426 1111 2483 me,
1133 2426 1201 2471 non
1221 2409 1318 2490 potul

196 2522 261 2568 nec
284 2522 442 2588 possum:
469 2503 698 2569 animadverti
715 2504 806 2567 enim
825 2501 1098 2586 perceptibiliter
1116 2512 1152 2566 et
1170 2503 1316 2568 sensibi-

195 2595 276 2664 liter
297 2598 463 2664 influxum
485 2596 581 2662 illurn
612 2618 702 2663 nunc
732 2598 823 2662 intra
850 2597 1076 2662 novendecim
1099 2616 1209 2661 annos
1233 2616 1316 2664 con·

196 2693 311 2772 tinue;
334 2713 438 2777 quare
457 2692 523 2758 hoc
539 2694 618 2757 dico
636 2713 684 2757 ex
700 2701 845 2756 testato.

259 2787 361 2872 356.
391 2785 482 2852 Num
510 2787 649 2871 aliquod
673 2785 830 2851 naturale
860 2806 922 2870 pro
951 2784 1018 2850 fine
1047 2795 1166 2868 potest
1188 2785 1317 2854 habere

196 2901 306 2958 usum,
329 2901 370 2946 ac
394 2882 575 2965 disponere
597 2903 678 2946 usus
701 2883 735 2946 in
759 2883 896 2946 ordines
919 2890 956 2946 et
985 2881 1192 2946 informas?
1237 2881 1316 2950 Hoc

195 2997 267 3043 non
284 2987 402 3061 potest
421 2978 485 3041 nisi
504 2997 606 3061 quam
629 2979 788 3062 sapiens3
818 2997 858 3042 ac
877 2977 1072 3042 universum
1090 2978 1140 3042 ita
1158 2977 1316 3044 ordinare

196 3083 233 3140 et
248 3073 404 3150 formare,
418 3092 487 3138 non
502 3082 620 3156 potest
637 3074 702 3138 nisi
718 3073 823 3149 Deus,
841 3073 895 3138 cui
910 3071 1042 3137 infinita
1057 3069 1234 3155 Sapientia
1249 3081 1316 3140 est.

196 3167 282 3253 Quis
301 3167 397 3245 alius,
417 3178 477 3233 aut
495 3169 575 3253 quid
594 3167 696 3246 aliud,
717 3178 836 3252 potest
853 3168 1054 3252 praevidere
1077 3177 1114 3232 et
1136 3169 1316 3251 providere

195 3265 312 3330 omnia
327 3263 386 3327 illa
401 3283 489 3348 quae
500 3261 610 3329 vidtus
626 3274 664 3330 et
680 3261 825 3329 amietos
841 3264 910 3328 sint
925 3263 1131 3339 hominibus,
1144 3259 1254 3327 vidtus
1270 3283 1316 3330 ex

194 3357 357 3425 frustibus
380 3369 493 3425 terrae
515 3370 552 3424 et
575 3381 620 3425 ex
644 3359 861 3434 animalibus,
879 3378 918 3422 ac
941 3359 1091 3423 vestitus
1113 3378 1159 3422 ex
1181 3358 1315 3426 iisdem.

195 3450 293 3519 Inter
316 3453 483 3518 mirabilia
505 3463 570 3536 est,
594 3455 685 3538 quod
708 3453 796 3518 viles
822 3452 872 3517 illi
894 3471 1040 3528 vermes,
1064 3455 1121 3537 qui
1147 3463 1318 3520 vocantur

193 3548 394 3631 bombyces,
409 3549 518 3614 serico
532 3551 712 3625 vestirent,
725 3559 761 3615 et
778 3547 961 3631 magnifice
977 3557 1149 3625 ornarent,
1166 3558 1202 3614 et
1218 3549 1315 3615 lemi-

195 3661 259 3708 nas
277 3652 313 3708 et
332 3644 423 3708 viros
445 3664 467 3708 a
488 3643 615 3727 reginis
633 3654 670 3708 et
689 3644 828 3727 regibus
845 3663 952 3727 usque
975 3643 1020 3707 ad
1041 3641 1186 3708 ancillas
1205 3655 1241 3709 et
1265 3644 1315 3711 la·

195 3738 325 3817 mulos;
348 3747 384 3802 et
398 3739 489 3821 quod
506 3738 593 3803 viles
607 3758 753 3814 vermes,
770 3739 826 3823 qui
845 3747 926 3802 sunt
941 3757 1036 3821 apes,
1053 3740 1316 3822 suppeditarent

194 3851 291 3897 ceras
307 3854 368 3915 pro
386 3833 617 3908 luminaribus,
634 3853 680 3896 ex
695 3833 814 3915 quibus
829 3833 961 3916 templa
976 3842 1013 3897 et
1031 3831 1129 3897 aulae
1147 3834 1182 3898 in
1198 3833 1316 3918 splen·

194 3926 278 3992 dore
302 3937 391 3993 sunt.
437 3927 534 3993 Haec
558 3937 593 3993 et
621 3928 720 4012 plura
741 3936 821 3992 sunt
844 3925 1106 3992 audioramenta
1124 3929 1315 4007 exstantia,

193 4023 287 4108 quod
305 4023 471 4088 Dominus
486 4046 507 4088 a
522 4022 567 4090 Se
583 4042 644 4107 per
658 4023 822 4087 mundum
834 4022 1046 4106 spiritualem
1062 4030 1227 4106 operetur
1241 4041 1316 4089 om·

194 4118 253 4182 nia
268 4138 356 4200 quae
374 4119 408 4181 in
427 4128 550 4183 natura
568 4119 736 4183 existunt.

257 4227 354 4296 357.
385 4211 450 4277 His
472 4213 700 4297 adjiciendum
723 4223 788 4290 est,
813 4213 904 4298 quod
936 4213 972 4277 in
994 4212 1125 4277 mundo
1147 4210 1317 4296 spirituali

193 4309 277 4375 mihi
295 4309 357 4372 visi
380 4307 450 4372 sint
467 4307 528 4386 illi,
548 4309 605 4393 qui
626 4329 689 4394 pro
709 4318 833 4374 natura
862 4330 907 4374 ex
929 4307 1118 4373 visibilibus
1137 4308 1257 4373 mundi
1278 4327 1318 4375 se

192 4402 491 4481 confirmaverunt,
504 4423 610 4490 usque
624 4413 663 4469 ut
679 4403 773 4469 athei
785 4401 865 4469 faeti
881 4405 970 4485 sint;
993 4413 1030 4468 et
1046 4403 1141 4486 quod
1159 4402 1317 4468 intellec·

192 4507 249 4564 tus
272 4518 389 4564 eorum
412 4499 446 4564 in
469 4498 546 4566 luce
568 4498 736 4584 spirituali
755 4500 950 4583 apparuerit
974 4507 1111 4582 apertus
1137 4499 1233 4573 infra,
1254 4499 1316 4563 sed

192 4595 331 4661 clausus
359 4615 472 4678 supra,
492 4616 539 4661 ex
568 4615 673 4661 eausa
691 4596 771 4680 quia
788 4597 1004 4677 cogitatione
1024 4592 1140 4678 speEtn
1150 4587 1227 4658 runt
1256 4595 1317 4657 de·
