3418 5368
462 662 513 711 DE
536 661 674 712 DIVINA
698 656 1054 710 Pitumnum-N.
1079 658 1149 722 231.
1320 653 1379 720 173

247 833 389 911 fanatio,
412 832 493 896 dum
512 833 637 896 vivitur
659 841 782 896 contra
800 851 881 894 vera
903 851 990 912 quae
1013 833 1266 910 agnoscuntur;
1294 833 1331 888 ut
1351 824 1380 887 si

247 933 321 1016 quis
338 931 508 1014 agnoscit,
529 929 622 1014 quod
640 925 811 992 vindidiae
831 937 866 989 et
889 927 979 1000 odia,
996 923 1166 986 adulteria
1188 932 1225 986 et
1248 931 1380 985 scorta·

246 1032 370 1103 tiones,
392 1027 527 1090 fraudes
548 1034 585 1090 et
604 1024 686 1100 doli,
707 1023 1025 1106 blasphemationes
1044 1031 1080 1082 et
1100 1018 1290 1093 mendacia,
1310 1017 1381 1081 sint

247 1135 393 1210 peccata
417 1132 540 1187 contra
565 1119 688 1194 Deum,
709 1129 745 1184 et
771 1138 877 1202 usque
901 1116 1089 1180 committit
1113 1113 1182 1188 illa,
1203 1113 1232 1175 is
1254 1113 1288 1174 in
1311 1111 1378 1176 hoc

248 1243 374 1306 genere
391 1217 640 1304 profanationis
659 1215 807 1298 graviori
824 1227 897 1290 est;
922 1213 1005 1274 dicit
1025 1211 1116 1272 enim
1134 1208 1313 1283 Dominus,

295 1367 311 1391 ‘⁴
318 1364 426 1422 Servus,
445 1363 488 1427 qui
506 1363 556 1411 scit
571 1361 740 1409 voluntatem
765 1357 875 1406 Domini
893 1355 943 1413 sui,
962 1366 989 1403 et
1007 1367 1062 1402 non
1074 1389 1080 1402 .
1091 1388 1114 1402 ..
1126 1350 1191 1402 facit
1208 1350 1377 1400 voluntatem

377 1429 445 1492 ejus,
459 1429 622 1492 percutietur
636 1425 727 1474 multis
738 1423 751 1442 '¹
767 1423 840 1484 (Luc.
853 1421 898 1470 xii.
911 1417 987 1481 1¹¹47).

248 1554 295 1620 Et
311 1555 404 1630 alibi,

296 1680 311 1702 ‘'
319 1678 346 1728 Si
359 1677 430 1726 eeeci
443 1677 547 1732 essetis,
563 1690 617 1724 non
636 1672 770 1722 haberetis
789 1678 934 1732 peccatum,
948 1666 1003 1730 jam
1017 1679 1082 1714 vero
1100 1663 1187 1712 dicitis
1200 1660 1273 1726 quod
1285 1660 1377 1710 videa·

378 1757 446 1802 mus,
459 1744 520 1792 ideo
535 1751 673 1804 peccatum
686 1750 806 1789 vestrum
821 1733 933 1784 manet’'
946 1733 1020 1798 (Joh.
1034 1733 1068 1780 ix.
1080 1731 1130 1792 41).

246 1878 316 1946 Sed
332 1878 424 1944 aliud
444 1889 499 1943 est
516 1854 706 1960 agnoscere
723 1871 945 1958 apparentias
964 1869 1045 1942 veri,
1063 1877 1098 1929 et
1118 1865 1211 1929 aliud
1228 1863 1378 1946 genuina

245 1994 348 2053 vera;
371 1973 422 2036 illi
438 1975 494 2056 qui
510 1982 705 2054 agnoscunt
723 1972 872 2054 genuina
886 1989 977 2040 vera,
991 1977 1027 2030 et
1048 1984 1152 2047 usque
1170 1981 1238 2025 non
1256 1961 1377 2023 vivunt

246 2071 434 2136 secundum
451 2069 522 2143 illa,
540 2071 573 2132 in
591 2070 720 2132 mundo
737 2066 904 2152 spirituali
921 2071 1089 2147 apparent
1105 2059 1233 2142 absque
1250 2056 1325 2119 luce
1341 2063 1377 2119 et

157 2232 169 2253 Ι,
246 2167 362 2232 calore
374 2167 469 2229 vitae
485 2166 519 2228 in
536 2184 623 2228 sono
640 2173 675 2228 et
694 2163 840 2247 loquela,
856 2163 943 2226 sicut
961 2160 1075 2223 forent
1092 2174 1206 2219 merae
1222 2153 1375 2216 inertiae.

247 2274 305 2338 [8.]
336 2259 492 2325 Tertium
509 2280 618 2342 genus
638 2259 884 2342 profanationis
904 2271 958 2325 est
977 2261 1021 2324 ab
1036 2259 1113 2334 illis,
1131 2259 1191 2341 qui
1206 2257 1378 2340 applicant

245 2376 380 2420 sensum
395 2356 527 2419 litterae
545 2353 646 2419 Verbi
655 2355 705 2420 ad
716 2355 961 2440 confirmandos
973 2355 1078 2418 malos
1091 2373 1220 2417 amores
1236 2363 1268 2415 et
1273 2353 1376 2432 salsa

240 2450 422 2534 principia.
469 2449 581 2516 Causa
603 2461 669 2528 est,
694 2453 772 2536 quia
802 2451 1018 2517 confirmatio
1040 2450 1117 2513 falsi
1146 2457 1202 2513 est
1232 2449 1376 2530 negatio

246 2548 328 2622 veri,
350 2556 386 2611 et
406 2545 623 2611 confirmatio
646 2546 728 2611 mali
747 2557 802 2612 est
825 2545 964 2628 rejediio
983 2546 1085 2612 boni:
1109 2553 1145 2608 et
1165 2542 1320 2607 Verbum
1339 2545 1374 2608 in

245 2662 309 2706 suo
332 2643 407 2706 sinu
432 2661 501 2706 non
524 2653 578 2707 est
600 2643 664 2708 nisi
687 2662 789 2725 quam
815 2642 978 2707 Divinum
997 2640 1127 2705 Verum
1151 2649 1187 2703 et
1212 2637 1374 2704 Divinum

246 2736 402 2817 Bonum;
427 2749 463 2803 et
486 2738 552 2803 hoc
576 2740 610 2803 in
634 2759 736 2803 sensu
761 2738 894 2814 ultimo,
919 2740 976 2823 qui
1000 2751 1054 2805 est
1078 2761 1199 2804 sensus
1222 2740 1372 2816 litterae,

246 2852 315 2897 non
335 2844 479 2917 apparet
499 2835 532 2897 in
553 2835 711 2916 genuinis
726 2835 825 2908 veris,
845 2835 908 2898 nisi
928 2834 983 2898 ubi
1003 2837 1109 2901 docet
1128 2835 1316 2900 Dominum
1333 2856 1373 2900 ac

245 2929 355 3012 ipsam
382 2931 471 2992 viam
499 2930 632 3006 salutis,
657 2928 718 2994 sed
747 2930 780 2993 in
804 2931 942 2995 vestitis
965 2932 1065 3006 veris,
1090 2952 1177 3016 quae
1203 2941 1375 2996 vocantur

245 3025 469 3108 apparentiae
491 3027 585 3089 veri:
610 3046 715 3108 quare
737 3025 796 3090 ille
820 3046 942 3090 sensus
965 3035 1084 3108 potest
1107 3026 1197 3091 trahi
1220 3026 1265 3090 ad
1289 3047 1373 3091 con·

246 3117 450 3184 firmandum
469 3121 645 3186 haeretica
668 3121 814 3203 plurium
838 3141 1014 3205 generum.
1061 3120 1128 3205 Qui
1147 3143 1230 3188 vero
1248 3121 1372 3186 confir·

246 3224 319 3280 mat
343 3236 478 3280 amores
501 3215 623 3292 malos,
648 3215 705 3280 ille
729 3217 933 3282 violentiam
959 3217 1061 3283 insert
1085 3216 1219 3282 Divinis
1246 3216 1372 3296 Bonis;

244 3313 300 3396 qui
321 3311 502 3376 confirmat
527 3310 692 3395 principia
709 3309 833 3390 ‘¹¹falsa,
853 3312 912 3378 ille
931 3311 1134 3378 violentiam
1153 3313 1253 3377 infert
1274 3311 1371 3376 Divi·

244 3409 297 3472 nis
324 3404 436 3472 Veris.
483 3405 580 3473 Haec
610 3407 776 3474 violentia
805 3422 950 3475 vocatur
980 3411 1175 3479 falsificatio
1203 3414 1285 3490 veri,
1313 3413 1373 3478 illa

244 3514 360 3568 autem
390 3502 602 3570 adulteratio
631 3505 735 3584 boni;
767 3516 911 3590 utraque
937 3509 1144 3594 intelligitur
1170 3499 1230 3593 per
1260 3515 1371 3574 “san-

243 3598 392 3682 guines”
410 3601 444 3664 in
464 3597 593 3666 Verbo.
638 3598 803 3667 Sandium
827 3606 918 3671 enim
942 3606 1130 3692 spirituale,
1150 3607 1241 3690 quod
1265 3609 1371 3671 etiam

243 3706 299 3760 est
329 3694 478 3779 Spiritus
504 3698 662 3762 veritatis
690 3701 882 3782 procedens
909 3725 930 3768 a
952 3701 1114 3779 Domino,
1139 3713 1193 3768 est
1219 3703 1313 3767 intus
1337 3705 1372 3767 in

242 3791 387 3874 singulis
399 3813 520 3858 sensus
532 3793 670 3859 litterae
683 3792 800 3861 Verbi.
839 3799 879 3862 Id
891 3797 1048 3865 sandtum
1061 3799 1219 3874 laeditur,
1233 3800 1373 3880 quando

243 3886 443 3953 falsificatur
465 3899 502 3954 et
524 3888 740 3956 adulteratur
761 3895 925 3961 Verbum.
972 3894 1075 3979 Quod
1097 3896 1164 3960 hoc
1187 3895 1232 3959 sit
1256 3893 1371 3977 profa-

243 3985 351 4060 natio,
377 3995 486 4068 patet.
539 4000 597 4062 [4-]
631 3987 803 4072 Quartum
826 4013 935 4076 genus
959 3992 1207 4076 profanationis
1236 3989 1371 4054 abillis

244 4090 309 4154 est,
323 4079 384 4162 qui
391 4081 454 4162 pia
468 4092 501 4146 et
514 4083 633 4148 santra
648 4107 705 4150 ore
720 4086 907 4170 loquuntur,
920 4098 953 4152 et
967 4109 1093 4171 quoque
1107 4085 1277 4160 simulant,
1292 4106 1374 4150 sono

242 4183 273 4236 et
287 4185 387 4256 gestu
405 4175 595 4260 affecfiones
615 4182 742 4247 amoris
757 4181 904 4259 illorum,
923 4193 1083 4248 ettamen
1101 4183 1197 4246 corde
1217 4204 1281 4247 non
1298 4205 1370 4247 cre·

242 4268 326 4334 dunt
350 4281 528 4340 clamant
552 4277 824 4361 illa-Plerique
846 4300 893 4343 ex
917 4278 970 4342 his
995 4288 1074 4343 sunt
1101 4277 1305 4362 hypocritae
1334 4288 1371 4344 et

244 4364 427 4448 Pharisaei,
452 4375 617 4456 aquibus
640 4383 720 4456 post
743 4385 892 4440 mortem
916 4394 1017 4438 omne
1039 4393 1159 4439 verum
1181 4384 1218 4439 et
1241 4375 1370 4439 bonum

243 4461 403 4542 aufertur,
429 4480 465 4533 et
489 4470 567 4534 dein
591 4470 777 4535 mittuntur
799 4472 833 4534 in
863 4472 1024 4536 tenebras
1051 4471 1256 4536 exteriores.
1302 4469 1369 4544 1111,

243 4561 365 4643 quiex
387 4563 453 4628 hoc
473 4585 601 4647 genere
624 4587 662 4630 se
680 4565 969 4632 confirmaverunt
993 4576 1115 4631 contra
1139 4567 1312 4641 Divinum,
1333 4576 1370 4631 et

242 4667 368 4728 contra
389 4658 554 4737 Verbum,
575 4671 611 4726 et
634 4662 715 4726 inde
738 4681 873 4747 quoque
896 4673 1019 4728 contra
1041 4663 1232 4745 spiritualia
1249 4662 1370 4739 Verbi,
