3426 5382
563 660 612 710 DE
637 658 775 709 DlVlNA
798 658 1153 708 PROVlDENTlA.·-N.
1182 662 1249 726 113.
1429 667 1472 735 73

345 848 442 895 mens
461 829 533 896 tale
553 831 598 895 sit
617 850 750 914 corpus,
770 831 821 895 ita
840 837 933 895 totus
952 829 1067 906 homo,
1089 829 1244 894 videatur
1262 829 1296 895 in
1315 840 1473 895 transac-

343 929 440 990 tione
463 927 516 990 De
536 927 661 991 Divino
678 925 804 990 Amore
825 935 858 990 et
879 925 1007 989 Divina
1026 923 1204 1006 Sapientia
1229 924 1276 1010 (n.
1298 923 1472 1010 362-370).

345 1021 424 1087 Hoc
454 1033 572 1105 potest
601 1042 662 1106 per
685 1022 966 1104 comparationes
988 1019 1164 1097 illustrari,
1189 1029 1224 1086 et
1255 1043 1388 1106 quoque
1411 1041 1474 1106 per

344 1120 518 1202 exempla.
565 1132 622 1196 [2.]
652 1117 722 1182 Per
744 1117 1032 1201 comparationes:
1059 1116 1371 1202 concupiscentiae
1394 1138 1472 1183 cum

344 1235 461 1279 earum
492 1214 651 1297 jucundis
684 1215 877 1296 comparari
911 1222 1058 1296 possunt
1091 1214 1173 1295 igni,
1205 1214 1261 1297 qui
1294 1236 1362 1299 quo
1395 1214 1473 1298 plus

344 1308 568 1385 fomentatur,
593 1331 635 1373 eo
658 1308 733 1392 plus
757 1309 901 1391 flagrat3
937 1319 973 1372 et
1000 1329 1068 1392 quo
1091 1307 1228 1373 liberior
1250 1331 1418 1374 excursus
1441 1310 1472 1375 ei

343 1417 409 1480 est,
426 1428 469 1470 eo
486 1405 589 1470 latius
605 1427 642 1469 se
658 1406 802 1487 spargit,
821 1424 927 1488 usque
944 1413 981 1468 ut
1000 1405 1034 1468 in
1051 1403 1134 1469 urbe
1150 1417 1332 1471 consumat
1349 1406 1472 1470 domos

343 1500 427 1583 ejus,
445 1513 481 1566 et
499 1503 532 1565 in
553 1501 640 1565 silva
655 1503 794 1564 arbores
813 1499 894 1582 ejus.
940 1499 1250 1582 Concupiscentiae
1269 1501 1351 1566 mali
1366 1503 1471 1566 etiam

344 1597 379 1661 in
400 1595 517 1661 Verbo
534 1607 777 1681 comparantur
796 1598 878 1679 igni,
895 1616 935 1660 ac
955 1595 1047 1660 mala
1064 1597 1145 1662 inde
1163 1598 1333 1662 incendio.
1378 1596 1471 1662 Con·

345 1693 579 1775 cupiscentiae
599 1693 774 1756 malicum
790 1692 949 1774 jucundis
968 1691 1104 1756 illarum
1124 1694 1158 1756 in
1178 1693 1307 1757 mundo
1326 1693 1473 1776 spirituli

343 1789 451 1852 etiam
466 1801 635 1871 apparent
655 1789 744 1852 sicut
764 1789 885 1870 ignes;
910 1789 999 1870 ignis
1015 1787 1190 1852 infernalis
1209 1809 1278 1852 non
1297 1788 1389 1852 aliud
1409 1797 1473 1853 est.

345 1881 547 1966 Comparari
576 1885 683 1947 etiam
714 1893 859 1964 possunt
890 1883 1024 1947 diluviis
1054 1894 1090 1948 et
1124 1884 1399 1948 inundatioribus
1428 1884 1472 1949 ab

344 1981 453 2062 aquis,
484 1981 629 2043 remotis
658 1979 846 2061 aggeribus
879 1999 938 2042 seu
971 1978 1081 2042 vallis.
1137 1978 1336 2062 Comparari
1365 1981 1472 2045 etiam

346 2085 491 2158 possunt
503 2075 713 2156 gangraenis
729 2083 765 2138 et
781 2073 1066 2158 apostematibus,
1080 2095 1166 2157 quae
1184 2073 1291 2139 letum
1303 2076 1473 2141 inducunt

344 2171 491 2253 corpori,
509 2171 598 2234 sicut
615 2178 813 2244 excurrunt,
831 2178 891 2233 aut
909 2169 998 2232 sicut
1018 2188 1087 2232 non
1103 2179 1276 2234 sanantur.
1323 2185 1381 2248 [8.]
1403 2170 1474 2235 Per

343 2265 498 2348 exempla
515 2273 614 2349 patet
634 2262 737 2340 clare,
757 2265 850 2346 quod
869 2264 898 2328 si
917 2283 986 2328 non
1002 2264 1146 2328 malain
1165 2274 1314 2329 externo
1332 2266 1473 2331 homine

345 2369 577 2436 removentur,
592 2360 892 2443 concupiscentiae
904 2378 982 2424 cum
994 2358 1129 2423 illarum
1141 2359 1300 2442 jucundis
1313 2370 1472 2427 crescant
1528 2427 1530 2430 ,

345 2468 382 2520 et
406 2457 610 2520 exuberent.
655 2454 724 2518 Fur
754 2465 920 2538 quantum
942 2453 1074 2520 iuratur
1095 2465 1235 2519 tantum
1258 2457 1472 2539 concupiscit

345 2551 458 2626 iurari,
476 2571 582 2635 usque
599 2548 741 2614 tandem
764 2560 802 2614 ut
822 2570 891 2614 non
910 2551 1021 2632 possit
1037 2550 1224 2615 desistere:
1252 2550 1473 2617 defraudatur

345 2647 504 2711 similiter
526 2658 693 2730 quantum
717 2644 914 2709 defraudat:
946 2666 1024 2710 cum
1047 2646 1128 2709 odio
1151 2657 1187 2711 et
1210 2644 1373 2723 vindidla,
1393 2666 1471 2712 cum

346 2741 480 2806 luxurie
510 2753 547 2807 et
580 2742 859 2825 intemperantia,
888 2760 966 2804 curn
997 2742 1220 2817 scortatione,
1248 2742 1471 2826 blasphema·

344 2841 453 2914 tione,
473 2848 528 2903 est
547 2838 714 2902 similiter.
761 2835 864 2920 Quod
882 2857 979 2901 amor
997 2837 1198 2902 dominandi
1215 2859 1262 2903 ex
1284 2859 1403 2905 amore
1421 2841 1472 2905 sui

343 2935 380 2998 in
399 2943 537 2998 tantum
556 2945 689 2998 crescat
709 2944 876 3016 quantum
895 2932 926 2996 ei
945 2933 1111 2998 laxantur
1127 2933 1235 3010 frena,
1256 2944 1376 2998 notum
1395 2944 1471 3014 est;

344 3031 473 3114 pariter
496 3049 592 3094 amor
614 3030 810 3111 possidendi
834 3028 926 3093 bona
948 3049 994 3092 ex
1021 3049 1137 3095 amore
1161 3030 1302 3109 mundi;
1329 3039 1472 3113 apparet

345 3127 436 3190 sicut
460 3126 527 3189 illis
557 3146 627 3189 non
657 3127 702 3190 sit
732 3125 898 3190 terminus
921 3133 981 3188 aut
1004 3123 1089 3189 finis.
1134 3123 1193 3190 Ex
1216 3125 1336 3209 quibus
1359 3135 1470 3209 patet,

343 3221 437 3304 quod
457 3231 623 3305 quantum
643 3221 734 3284 mala
757 3221 790 3285 in
815 3229 963 3284 externo
982 3219 1122 3284 homine
1145 3240 1214 3284 non
1237 3230 1470 3298 removentur,

344 3325 484 3381 tantum
497 3317 797 3400 concupiscentiae
809 3315 944 3380 illorum
957 3317 1151 3380 exuberent
1163 3338 1171 3395 ;
1192 3326 1266 3380 tum
1278 3336 1346 3399 quo
1362 3317 1472 3400 gradu

344 3411 447 3476 malis
473 3411 674 3478 relaxantur
702 3411 808 3487 irena,
835 3431 878 3475 eo
910 3409 1021 3494 gradu
1047 3412 1349 3494 concupiscentiae
1378 3432 1470 3476 cres·

344 3517 438 3571 cant.

409 3613 502 3683 113.
533 3599 650 3664 Homo
675 3620 743 3664 non
768 3609 886 3684 potest
906 3601 1083 3683 percipere
1101 3603 1401 3685 concupiscentias
1419 3603 1471 3667 sui

346 3697 446 3774 maii;
478 3697 624 3780 percipit
644 3697 781 3779 quidem
801 3695 951 3778 jucunda
969 3696 1115 3774 illarum,
1137 3698 1198 3763 sed
1222 3699 1328 3763 etiam
1352 3717 1470 3780 parum

344 3789 491 3857 refledtit
514 3813 616 3874 super
645 3792 715 3868 illa,
736 3791 887 3874 jucunda
909 3794 1000 3857 enim
1023 3790 1201 3858 oblectant
1223 3795 1471 3878 cogitationes,

343 3898 382 3953 et
399 3887 555 3953 auserunt
571 3888 786 3953 reflexiones.
832 3886 947 3970 Quare
963 3889 990 3953 si
1008 3909 1075 3953 non
1092 3889 1229 3954 aliunde
1245 3891 1361 3966 sciret,
1378 3890 1471 3974 quod

343 3984 416 4048 sint
436 3984 537 4059 mala,
555 3993 697 4048 vocaret
716 3983 777 4047 illa
791 3982 895 4059 bona,
913 3995 949 4048 et
968 4006 1013 4049 ex
1031 3984 1140 4050 libero
1158 3987 1347 4050 secundum
1363 3987 1470 4050 ratio·

343 4100 425 4145 nem
439 4080 661 4161 cogitationis
674 4099 755 4142 suae
769 4087 924 4162 patraret
940 4079 1019 4159 illa;
1040 4081 1131 4164 quod
1149 4100 1226 4144 curn
1238 4081 1331 4156 lacit,
1346 4100 1470 4165 appro-

343 4177 435 4259 priat
459 4175 519 4238 illa
541 4174 615 4238 sibi.
661 4172 839 4257 Quantum
858 4173 1040 4240 confirmat
1063 4175 1123 4239 illa
1146 4186 1184 4241 ut
1207 4176 1313 4252 licita,
1334 4187 1471 4241 tantum

343 4269 534 4352 amplificat
551 4269 664 4333 aulam
677 4270 804 4333 amoris
819 4272 1010 4352 regnantis,
1023 4271 1079 4354 qui
1095 4281 1150 4336 est
1166 4291 1263 4336 amor
1278 4272 1371 4336 vitae
1388 4270 1471 4354 ejus.

345 4363 475 4429 Aulam
498 4364 569 4447 ejus
591 4364 720 4429 faciunt
745 4367 1057 4448 concupiscentiae,
1075 4385 1153 4429 nam
1177 4365 1256 4430 illae
1278 4377 1358 4431 sunt
1381 4367 1472 4432 sicut

342 4458 418 4542 ejus
434 4461 625 4524 ministeria
640 4471 676 4524 et
696 4459 875 4538 satellitis,
893 4481 953 4544 per
975 4481 1063 4544 quae
1078 4460 1265 4539 exteriora,
1281 4482 1369 4547 quae
1386 4462 1471 4528 saci·

305 4569 310 4578 ·
345 4565 408 4619 unt
426 4575 570 4638 regnum
590 4553 671 4638 ejus,
692 4556 873 4639 gubernat.
918 4554 988 4622 Sed
1006 4557 1096 4623 sicut
1115 4577 1177 4622 rex
1196 4566 1262 4634 est,
1281 4557 1372 4623 tales
1389 4567 1471 4624 sunt

344 4650 491 4715 ministri
509 4660 545 4715 et
568 4651 750 4730 satellites,
771 4663 808 4718 et
826 4652 896 4718 tale
915 4663 970 4718 est
988 4672 1143 4737 regnum.
1188 4651 1223 4720 Si
1241 4675 1304 4718 rex
1322 4663 1377 4720 est
1395 4654 1470 4718 dia·
