3418 5370
475 719 527 772 ns
549 719 685 771 mvmn
707 719 1064 772 Pnovmausrn—n.
1085 707 1214 794 278[a].
1349 729 1408 776 221

278 883 513 970 sequentibus.
553 881 612 950 Ex
635 883 690 950 his
711 894 874 950 constare
896 892 1030 969 potest,
1047 885 1140 971 quod
1163 885 1277 952 onmis
1300 885 1407 952 horno

279 981 314 1044 in
334 980 427 1045 malo
445 981 499 1044 sit.

342 1073 490 1161 277[b].
525 1072 628 1156 Quod
651 1076 758 1141 homo
790 1074 1014 1141 abducendus
1047 1075 1092 1142 sit
1121 1097 1143 1142 a
1168 1076 1261 1142 malo
1291 1086 1329 1142 ut
1352 1099 1406 1142 re·

277 1170 453 1248 formetur,
478 1172 607 1255 absque
636 1170 875 1256 explicatione
902 1181 1022 1257 patet:
1055 1191 1137 1236 nam
1168 1173 1225 1257 qui
1256 1173 1290 1237 in
1313 1173 1407 1239 malo

279 1276 334 1334 est
359 1269 394 1332 in
424 1267 563 1342 mundo,
584 1265 642 1330 ille
671 1269 706 1332 in
736 1267 828 1332 rnalo
856 1279 911 1332 est
938 1277 1019 1351 post
1042 1270 1176 1333 exitum
1206 1291 1225 1334 e
1257 1272 1406 1353 mundo;

279 1385 383 1447 quare
406 1366 433 1426 si
458 1363 584 1427 malum
608 1384 678 1427 non
702 1372 900 1427 removetur
923 1365 957 1427 in
981 1365 1122 1440 munde,
1143 1385 1213 1430 non
1238 1367 1406 1430 removeri

279 1471 396 1542 potest
428 1471 560 1541 postea.
607 1459 722 1522 Arbor
753 1461 808 1522 ubi
832 1460 937 1534 cadit,
962 1460 1007 1522 ibi
1036 1459 1137 1542 jacet.
1186 1460 1241 1525 Ita
1269 1482 1406 1550 quoque

279 1557 350 1618 vita
369 1555 516 1619 hominis
535 1557 645 1639 qualis
668 1555 730 1619 luit
754 1574 831 1618 eum
855 1557 1000 1619 moritur
1024 1557 1105 1620 talis
1131 1568 1268 1622 manet:
1300 1560 1406 1623 etiam

280 1653 420 1734 quisque
452 1653 640 1715 secundum
668 1649 757 1715 lafita
786 1673 847 1715 sua
873 1652 1065 1733 judicatur;
1099 1673 1168 1717 non
1199 1655 1291 1736 quod
1321 1675 1405 1716 enu-

281 1758 462 1820 merentur,
487 1749 548 1810 sed
572 1749 651 1832 quia
677 1749 711 1810 in
734 1747 794 1810 illa
817 1748 918 1824 redit,
942 1757 978 1812 ct
1002 1749 1160 1812 similiter
1183 1751 1278 1832 agit:
1314 1770 1406 1814 mors

280 1843 371 1904 enim
401 1853 453 1905 est
484 1845 699 1906 continuatio
723 1845 828 1918 vitae,
849 1863 925 1906 cum
949 1844 1157 1918 discrimine,
1179 1845 1269 1927 quod
1300 1845 1406 1910 homo

280 1949 361 2001 tunc
383 1959 449 2001 non
467 1939 641 2001 reformari
660 1940 780 2019 possit.
825 1937 947 2002 Omnis
963 1939 1161 2003 reformatio
1180 1939 1217 2002 fit
1236 1941 1270 2002 in
1290 1941 1404 2022 pleno,

280 2034 344 2096 hoc
369 2045 433 2109 est,
454 2036 487 2096 in
513 2036 629 2115 primis
659 2045 696 2097 et
725 2034 825 2097 simul
849 2034 988 2109 ultimis,
1013 2045 1048 2097 et
1076 2034 1196 2098 ultima
1219 2037 1252 2098 in
1277 2039 1405 2103 mundo

281 2133 524 2194 convenienter
547 2131 663 2211 primis
682 2131 918 2204 reformantur,
939 2139 974 2193 et
999 2150 1068 2193 non
1092 2143 1237 2213 possunt
1262 2143 1404 2216 postea;

281 2228 357 2309 quia
384 2227 504 2289 ultima
527 2227 631 2300 vitae,
651 2247 738 2308 quae
765 2225 871 2288 homo
899 2236 980 2307 post
1007 2237 1154 2289 mortem
1183 2248 1298 2291 secum
1328 2230 1404 2308 sert,

281 2323 471 2404 quiescunt,
491 2332 527 2386 et
558 2341 635 2384 cum
660 2321 879 2384 interioribus
901 2318 972 2400 ejus
995 2322 1196 2402 conspirant
1209 2343 1217 2400 ;
1248 2323 1313 2387 hoc
1338 2335 1404 2402 est,

280 2437 383 2481 unum
403 2427 522 2498 agunt.

341 2510 497 2595 278[a].
526 2510 589 2594 (ii.)
616 2509 714 2589 Quod
727 2509 818 2573 mala
836 2529 900 2571 non
914 2510 1050 2590 possint
1067 2511 1239 2586 removeri,
1254 2511 1326 2575 nisi
1340 2523 1404 2592 ap·

274 2605 561 2691 pareant-Non
584 2605 802 2690 intelligitur,
827 2606 919 2692 quod
951 2605 1056 2669 homo
1075 2604 1223 2670 satturus
1246 2608 1290 2669 sit
1313 2607 1406 2671 mula

278 2717 420 2790 propter
435 2705 537 2770 finem
552 2715 590 2770 ut
608 2713 820 2788 appareant;
844 2705 905 2768 sed
921 2705 1014 2788 quod
1033 2725 1070 2768 se
1086 2705 1329 2788 exploraturus
1346 2710 1403 2788 sit,

279 2822 347 2865 non
366 2800 478 2865 solum
498 2821 559 2863 sua
582 2799 681 2876 latta,
702 2799 889 2864 sedetiam
909 2820 970 2861 sua
989 2801 1157 2880 cogitata,
1179 2812 1214 2864 et
1234 2805 1313 2884 quid
1333 2805 1403 2868 sac·

279 2907 374 2962 turus
393 2907 498 2972 esset,
519 2898 546 2959 si
571 2917 639 2958 non
663 2895 802 2959 timeret
827 2895 921 2976 leges
945 2906 981 2957 et
1005 2893 1211 2974 diffamiam3
1239 2898 1404 2981 imprimis

278 3012 447 3077 quaenam
471 2991 562 3055 mala
585 2993 619 3055 in
642 3013 704 3054 suo
727 2992 848 3072 spiritu
873 2990 966 3053 licita
989 2990 1083 3066 facit,
1104 3002 1140 3054 et
1164 3013 1225 3074 pro
1248 2997 1404 3077 peccatis

278 3110 348 3153 non
370 3098 533 3172 reputat;
558 3106 637 3150 nam
654 3087 740 3149 haec
761 3107 866 3167 usque
884 3085 975 3149 facit.
1024 3085 1212 3168 Propterea
1236 3100 1273 3153 ut
1297 3090 1402 3156 homo

278 3185 439 3267 exploret
462 3204 510 3259 se,
536 3183 638 3245 datus
656 3184 688 3245 ei
717 3190 772 3246 est
794 3179 1000 3256 intellectus,
1025 3191 1061 3245 et
1092 3181 1149 3246 ille
1173 3197 1352 3266 separatus
1383 3209 1404 3252 a

277 3282 469 3354 voluntate,
494 3280 540 3342 ob
562 3277 666 3342 finem
689 3287 728 3342 ut
751 3277 849 3352 sciat,
870 3276 1046 3358 intelligat
1068 3287 1104 3340 et
1128 3291 1299 3361 agnoscat
1322 3282 1402 3363 quid
1454 3345 1456 3350 ,

276 3377 404 3442 bonum
434 3385 470 3438 et
500 3375 580 3458 quid
608 3373 746 3450 malum,
768 3382 842 3437 tum
865 3373 970 3435 etiam
1000 3382 1037 3435 ut
1069 3373 1186 3437 videat
1209 3375 1319 3456 qualis
1342 3397 1403 3441 sua

277 3475 439 3536 voluntas
459 3481 524 3545 est,
545 3470 701 3552 seuquid
720 3478 815 3531 amat
834 3476 870 3531 ct
889 3467 970 3550 quid
990 3467 1095 3550 cupit.
1142 3468 1192 3533 Ut
1212 3469 1317 3534 homo
1336 3471 1401 3537 hoc

276 3571 404 3644 videat,
421 3568 503 3630 data
522 3576 576 3629 est
596 3562 787 3628 intelletiui
805 3563 877 3645 ejus
896 3563 1067 3644 cogitatio
1086 3565 1240 3646 superior
1258 3575 1295 3629 et
1318 3567 1402 3631 infe·

277 3668 353 3740 rior,
365 3685 425 3726 seu
437 3663 579 3726 interior
591 3671 627 3724 et
643 3661 806 3734 exterior,
818 3669 855 3722 ut
872 3680 917 3722 ex
931 3659 1143 3740 cogitatione
1156 3663 1329 3742 superiore
1342 3685 1403 3728 seu

277 3762 437 3824 interiore
453 3759 583 3832 videat,
597 3756 678 3838 quid
691 3755 854 3818 voluntas
870 3755 943 3835 agit
962 3756 996 3816 in
1013 3756 1227 3837 cogitatione
1244 3758 1403 3824 inferiore

276 3866 312 3919 et
331 3855 527 3932 exteriore;
550 3852 617 3915 hoc
640 3851 736 3914 videt
756 3852 843 3913 sicut
866 3849 973 3912 homo
991 3849 1113 3913 taciem
1137 3851 1170 3914 in
1195 3853 1346 3936 speeu10,
1366 3864 1403 3920 et

276 3971 353 4016 curn
366 3951 431 4014 hoc
443 3949 549 4023 videt,
563 3958 599 4012 et
614 3947 710 4010 novit
723 3947 802 4030 quid
817 3956 999 4027 peccatum
1013 3958 1078 4022 est,
1090 3957 1219 4028 potest,
1234 3950 1262 4010 si
1278 3949 1401 4031 implo-

275 4057 329 4110 rat
348 4065 448 4128 opem
467 4043 616 4118 Domini,
634 4042 667 4106 id
685 4061 753 4105 non
773 4041 874 4115 velle,
892 4040 925 4102 id
941 4039 1069 4123 sugere,
1086 4051 1122 4104 et
1143 4053 1265 4122 postea
1281 4055 1404 4109 contra

276 4143 310 4206 id
329 4162 443 4224 agere,
457 4139 485 4202 si
505 4159 572 4201 non
586 4139 704 4213 libere,
719 4158 824 4218 usque
837 4156 963 4216 cogere
980 4137 1013 4199 id
1034 4157 1093 4218 per
1110 4157 1272 4218 pugnam,
1287 4149 1322 4200 et
1341 4140 1402 4202 de-

277 4259 367 4302 mum
387 4236 421 4299 id
434 4235 584 4298 aversari
600 4245 635 4297 et
653 4232 861 4310 abominari;
885 4241 920 4294 ει
936 4242 1018 4295 tunc
1037 4234 1182 4314 primum
1203 4235 1346 4316 percipit
1366 4246 1403 4300 et

276 4355 409 4417 quoque
425 4332 546 4406 sentit,
563 4330 655 4414 quod
673 4329 801 4393 malurn
820 4329 865 4392 sit
885 4328 1024 4402 malum,
1042 4348 1081 4391 ac
1103 4329 1194 4411 quod
1213 4330 1340 4393 bonum
1357 4333 1404 4396 sit

276 4431 413 4504 bonum,
434 4437 470 4491 et
490 4447 560 4490 non
582 4427 682 4509 prius.
729 4422 807 4487 Hoc
822 4443 911 4488 nunc
930 4435 984 4488 est
1008 4424 1192 4507 explorare
1213 4445 1262 4500 se,
1287 4425 1404 4491 videre

276 4547 336 4588 sua
348 4523 449 4599 mala,
463 4533 500 4587 et
513 4542 703 4604 agnoscere
716 4519 786 4594 illa,
799 4519 952 4583 confiteri
965 4520 1034 4594 illa,
1049 4531 1084 4584 ει
1100 4531 1222 4601 postea
1235 4522 1405 4587 desistere

275 4619 410 4684 abillis.
455 4618 524 4683 Sed
541 4620 619 4700 quia
635 4617 733 4700 pauci
750 4624 842 4690 sunt,
860 4616 916 4697 qui
934 4617 1059 4690 sciunt,
1077 4616 1169 4698 quod
1185 4615 1251 4680 hoc
1270 4617 1315 4680 sit
1332 4617 1406 4698 ipsa

275 4718 395 4800 religio
406 4714 614 4788 Christiana,
629 4714 707 4796 quia
725 4711 792 4776 illis
806 4710 889 4775 solis
908 4721 963 4775 est
976 4711 1127 4774 charitas
1139 4722 1175 4775 et
1192 4711 1287 4788 fides,
1302 4726 1336 4776 et
1357 4712 1405 4775 illi
