3424 5368
339 651 403 716 126
691 660 897 714 smmum
921 658 1118 710 auosarca

336 836 420 902 edat
448 846 484 900 et
516 835 622 910 bibat,
652 856 767 900 annon
797 843 1011 918 perverteret
1038 843 1074 898 et
1106 833 1302 898 destrueret
1327 834 1468 898 omnia?

335 931 424 996 Cum
445 951 514 996 non
534 943 652 1014 potest
669 941 864 1006 externum,
885 930 976 1014 quod
996 931 1084 994 sicut
1104 948 1207 993 unum
1225 938 1378 1013 apparet,
1395 931 1467 994 dis·

336 1043 476 1111 ponere,
498 1028 577 1110 quin
602 1027 735 1091 luxurie
758 1037 793 1091 et
825 1027 1096 1110 intemperantia
1118 1025 1241 1109 perdat
1265 1025 1360 1100 illud,
1385 1027 1466 1108 quid

335 1132 419 1188 tunc
433 1123 460 1186 si
474 1125 580 1188 etiam
593 1123 792 1206 disponeret
806 1123 953 1198 interna,
965 1144 1052 1206 quae
1065 1121 1197 1185 infinita
1207 1121 1310 1184 sunt?
1351 1119 1466 1204 Quare

336 1221 484 1295 interna,
506 1239 548 1284 ne
573 1218 678 1283 homo
701 1219 816 1301 aliqua
834 1218 1015 1282 voluntate
1039 1219 1181 1281 intraret
1206 1218 1238 1279 in
1263 1217 1333 1290 illa,
1354 1229 1390 1281 et
1414 1218 1466 1281 sui

334 1314 416 1396 juris
434 1315 576 1390 faceret,
590 1335 728 1398 prorsus
746 1335 766 1376 a
779 1312 961 1376 voluntate
982 1312 1053 1394 ejus
1070 1323 1237 1395 exempta
1257 1322 1348 1386 sunt,
1366 1333 1462 1394 prae·

333 1419 388 1475 ter
408 1411 591 1486 musculos,
612 1411 667 1494 qui
686 1409 815 1473 faciunt
839 1409 1092 1482 indumentum,
1112 1421 1147 1471 et
1167 1428 1301 1490 quoque
1325 1409 1461 1490 ignora·

335 1515 389 1570 tur
413 1506 587 1591 quomodo
611 1506 645 1570 hi
669 1514 787 1588 agunt,
808 1513 844 1569 et
869 1505 981 1568 solum
1003 1507 1108 1567 scitur
1127 1503 1217 1586 quod
1241 1513 1360 1586 agant.
1405 1515 1463 1578 [8.]

333 1600 454 1666 Simile
474 1612 528 1667 est
551 1620 629 1665 cum
648 1601 807 1684 reliquis:
844 1611 880 1664 ut
905 1601 933 1664 si
956 1600 1061 1663 homo
1082 1601 1281 1682 disponeret
1301 1600 1464 1663 interiora

332 1699 426 1762 oculi
443 1698 486 1761 ad
503 1696 699 1770 videndum,
717 1696 880 1760 interiora
895 1697 985 1759 auris
1002 1697 1044 1759 ad
1065 1695 1283 1768 audiendum,
1300 1695 1464 1759 interiora

334 1793 474 1876 linguae
493 1794 536 1856 ad
557 1793 778 1875 gustandum,
799 1791 962 1856 interiora
982 1794 1070 1855 cutis
1093 1793 1136 1854 ad
1161 1790 1390 1866 sentiendum,
1410 1791 1461 1852 in·

332 1891 460 1952 teriora
477 1889 589 1952 cordis
605 1887 648 1952 ad
668 1887 834 1969 systolice
850 1889 1035 1970 agendum,
1054 1887 1216 1950 interiora
1232 1885 1403 1968 pulmonis
1418 1885 1462 1947 ad

334 1984 584 2066 respirandum,
610 1985 774 2048 interiora
797 1985 996 2048 mesenterii
1020 1982 1063 2046 ad
1087 1981 1357 2045 distribuendum
1378 1979 1461 2063 chy·

282 2139 285 2146 .
334 2078 417 2155 lum,
443 2079 607 2143 interiora
630 2099 749 2144 renum
772 2080 816 2143 ad
842 2080 1102 2148 secernendum.
1127 2078 1290 2142 interiora
1312 2095 1460 2158 organo·

333 2195 409 2239 rum
443 2177 678 2258 generationis
711 2175 754 2238 ad
790 2175 1062 2258 prolificandum‚
1097 2173 1260 2236 interiora
1294 2175 1381 2236 uteri
1417 2173 1461 2235 ad

334 2268 579 2353 perficiendum
610 2270 847 2350 embryonem‚
879 2283 914 2334 et
948 2271 995 2332 sic
1031 2287 1142 2350 porro,
1175 2287 1290 2331 annon
1321 2267 1461 2331 infinitis

334 2366 445 2431 modis
462 2376 676 2448 perverteret
693 2375 729 2429 et
747 2367 942 2429 destrueret
958 2367 990 2428 in
1008 2365 1060 2427 his
1076 2364 1230 2427 ordinem
1248 2365 1460 2445 progressio·

333 2463 386 2525 nis
408 2459 552 2526 Divinae
583 2460 848 2524 Providentiae?
894 2458 996 2542 Quod
1023 2460 1129 2524 homo
1158 2461 1193 2522 in
1223 2459 1380 2522 externis
1403 2460 1460 2534 sit,

331 2568 454 2621 notum
472 2567 546 2633 est;
576 2567 612 2618 ut
632 2557 722 2639 quod
741 2557 841 2620 oculo
858 2556 985 2630 videat,
1003 2556 1227 2631 aureamin,
1247 2555 1364 2638 lingua
1380 2576 1460 2640 gus-

331 2661 398 2726 tet,
423 2663 502 2716 cute
527 2653 667 2726 sentiat,
693 2651 855 2735 pulmone
879 2653 1037 2735 respiret,
1062 2672 1207 2716 uxorem
1229 2653 1459 2735 impraegnet,

330 2756 368 2810 et
398 2748 445 2810 sic
471 2767 582 2830 porro.
629 2745 766 2811 Satisne
790 2757 856 2821 est,
881 2758 918 2812 ut
942 2749 1030 2813 sciat
1053 2757 1212 2820 externa.
1237 2758 1272 2811 et
1297 2747 1460 2832 disponat

332 2842 392 2905 illa
411 2843 453 2906 ad
474 2844 662 2906 sanitatem
679 2845 832 2926 corporis
848 2853 884 2908 et
904 2843 1056 2907 mentis?
1101 2842 1186 2907 Cum
1207 2843 1271 2908 hoc
1292 2863 1360 2906 non
1380 2853 1458 2927 pot·

331 2946 399 3012 est,
425 2937 504 3019 quid
535 2935 633 3000 fieret
664 2938 691 3000 si
725 2958 859 3020 quoque
889 2938 1027 3002 interna
1054 2937 1276 3020 disponeret?
1320 2937 1378 3000 Ex
1407 2938 1459 3000 his

332 3052 423 3096 nunc
452 3044 613 3097 constare
645 3043 774 3114 potest,
795 3035 885 3117 quod
920 3034 948 3097 si
981 3034 1087 3097 homo
1117 3033 1297 3097 manifeste
1325 3035 1459 3099 videret

330 3127 496 3192 Divinam
521 3129 788 3204 Providentiam,
813 3129 953 3194 inferret
977 3149 1015 3192 se
1037 3129 1148 3192 ordini
1175 3137 1212 3192 et
1242 3130 1355 3194 tenori
1378 3150 1458 3213 pro·

328 3225 518 3306 gressionis
538 3223 621 3305 ejus,
642 3243 680 3287 ac
701 3233 917 3306 perverteret
936 3235 971 3289 et
992 3225 1187 3288 destrueret
1207 3223 1313 3288 illum.

395 3318 488 3385 181.
520 3317 621 3402 Quod
641 3319 751 3382 simile
771 3320 817 3383 sit
836 3320 870 3383 in
890 3319 1125 3402 spiritualibus
1144 3320 1281 3395 mentis,
1299 3320 1387 3384 sicut
1403 3330 1459 3385 est

327 3415 363 3478 in
381 3415 592 3480 naturalibus
608 3415 772 3498 corporis,
787 3425 841 3480 est
858 3417 937 3500 quia
953 3417 1070 3479 omnia
1087 3417 1213 3480 mentis
1228 3416 1456 3499 correspond-

326 3523 390 3576 ent
414 3511 572 3574 omnibus
596 3511 768 3594 corporis;
800 3532 904 3596 quare
928 3512 1034 3574 etiam
1058 3531 1156 3575 mens
1179 3513 1252 3595 agit
1276 3532 1399 3596 corpus
1421 3513 1455 3576 in

327 3607 499 3682 externis,
520 3617 555 3670 et
579 3607 613 3670 in
633 3609 806 3672 communi
825 3609 869 3672 ad
893 3628 1033 3672 omnem
1052 3617 1183 3672 nutum.
1229 3607 1318 3692 Agit
1337 3610 1456 3674 oculos

327 3703 373 3766 ad
390 3701 587 3776 videndum,
605 3722 703 3768 aures
719 3703 763 3768 ad
779 3705 998 3780 audiendum,
1011 3726 1050 3768 os
1066 3714 1102 3768 et
1119 3704 1272 3786 linguam
1289 3704 1333 3769 ad
1349 3706 1452 3770 eden·

329 3799 411 3863 dum
439 3808 474 3863 et
504 3797 703 3874 bibendum,
728 3809 764 3864 et
794 3821 929 3885 quoque
952 3801 995 3864 ad
1027 3801 1246 3884 loquendum,
1272 3820 1392 3864 manus
1410 3801 1453 3866 ad

326 3892 532 3967 faciendum,
550 3893 655 3977 pedes
672 3893 715 3957 ad
735 3895 994 3968 ambulandum,
1012 3914 1144 3978 organa
1159 3896 1395 3977 generationis
1411 3895 1453 3960 ad

327 3987 601 4073 prolificandum.
648 3988 748 4053 Mens
779 3992 821 4054 ad
853 3991 938 4054 haec
969 4011 1036 4055 non
1060 3992 1171 4055 solum
1196 3992 1269 4074 agit
1293 4002 1452 4067 externa,

327 4086 389 4149 sed
409 4086 515 4149 etiam
535 4087 672 4150 interna
695 4087 728 4148 in
753 4088 845 4150 omni
866 4087 964 4161 serie,
985 4108 1030 4150 ex
1054 4087 1185 4150 intimis
1204 4087 1325 4151 ultima
1348 4097 1384 4152 et
1407 4109 1452 4152 ex

326 4181 457 4246 ultimis
476 4181 608 4246 intima.
653 4179 708 4246 Sic
729 4182 810 4246 dum
830 4184 903 4266 agit
924 4203 962 4247 os
981 4183 1025 4245 ad
1044 4181 1266 4266 loquendum,
1286 4185 1359 4266 agit
1378 4183 1451 4267 pul·

325 4296 477 4352 monem,
503 4278 695 4360 laryngem,
720 4277 919 4360 glottidem,
945 4279 1108 4362 linguam,
1133 4279 1240 4356 labra,
1265 4289 1301 4344 et
1332 4301 1450 4343 unum·

324 4375 472 4457 quodvis
496 4371 658 4438 distindte
688 4374 731 4438 ad
762 4394 860 4439 suam
884 4371 1092 4440 funEtionem
1116 4376 1228 4453 simul,
1252 4386 1289 4440 et
1318 4397 1452 4460 quoque

323 4468 447 4535 faciem
470 4471 515 4534 ad
539 4470 831 4535 convenientiam.
877 4477 935 4538 [2.]
970 4471 1055 4537 Inde
1079 4481 1189 4556 patet,
1214 4473 1307 4557 quod
1329 4473 1449 4546 simile.

323 4565 417 4647 quod
436 4563 565 4630 dietum
582 4575 636 4630 est
656 4566 699 4630 de
719 4565 835 4630 formis
851 4567 1065 4633 naturalibus
1084 4568 1248 4653 corporis,
1268 4567 1450 4632 dicendum

322 4664 371 4728 sit
391 4664 569 4728 deformis
589 4665 824 4746 spiritualibus
843 4667 992 4748 mentis;
1015 4676 1052 4734 et
1070 4665 1163 4752 quod
1182 4663 1311 4731 dietum
1329 4675 1385 4732 est
1407 4663 1451 4729 de
