3422 5380
315 571 380 637 294
668 563 872 620 SAPIENTIA
895 563 1093 618 ANGELICA

314 757 460 816 summa,
473 759 511 804 se
527 736 678 804 referunt
691 736 734 802 ad
750 735 866 803 omnia
877 758 965 822 quae
980 737 1015 802 in
1028 737 1137 802 tribus
1148 737 1276 822 regnis,
1288 737 1447 819 animali,

315 834 505 918 vegetabili
528 843 564 900 et
587 834 753 910 minerali,
771 843 861 898 sunt.
908 831 993 898 Cum
1017 834 1077 898 illa
1099 855 1187 918 quae
1209 834 1256 898 ibi
1274 843 1366 911 sunt,
1387 855 1444 901 se·

315 931 465 994 cundum
484 931 580 1012 leges
599 930 728 993 ordinis
745 928 860 993 Divini
876 929 910 992 in
930 930 1040 1012 prima
1055 931 1232 994 creatione
1248 930 1443 996 constibili·

315 1035 370 1089 tas
386 1035 591 1089 constanter
610 1025 813 1108 procedunt,
833 1025 1009 1108 quomodo
1032 1033 1114 1090 tunc
1134 1044 1205 1090 non
1227 1034 1346 1110 potest
1366 1023 1447 1090 finis

315 1121 504 1204 primarius,
522 1121 579 1205 qui
602 1129 656 1186 est
676 1119 825 1184 salvatio
843 1122 980 1202 generis
1003 1119 1154 1198 humani,
1178 1122 1367 1186 secundum
1390 1119 1443 1187 sui

314 1217 444 1280 ordinis
464 1216 572 1298 leges,
589 1237 677 1300 quae
696 1224 777 1280 sunt
801 1215 898 1298 leges
918 1217 1065 1282 Divinae
1088 1217 1339 1294 Providentiae,
1356 1238 1440 1282 con·

315 1321 451 1376 stanter
473 1311 686 1395 procedere?
731 1319 789 1378 [2.]
821 1310 948 1394 Specta
977 1313 1082 1377 modo
1104 1314 1262 1380 arborem
1291 1310 1446 1394 {ructuat

314 1426 430 1470 annon
453 1406 513 1471 illa
535 1407 579 1472 ab
602 1407 731 1491 exiguo
753 1407 885 1471 semine
914 1407 1059 1490 primum
1090 1409 1243 1473 nascitur
1266 1416 1304 1472 ut
1335 1416 1446 1472 tenue

314 1521 468 1584 germen,
486 1512 523 1567 et
542 1511 666 1586 postea
681 1503 875 1566 successive
892 1504 1016 1567 crescit
1034 1503 1069 1567 in
1092 1503 1236 1581 caulem,
1253 1512 1289 1569 et
1305 1521 1444 1585 expan-

315 1597 366 1662 dit
389 1616 515 1674 ramos,
532 1607 568 1663 et
591 1597 626 1662 hi
649 1598 849 1679 operiuntur
870 1597 971 1675 loliis,
990 1607 1026 1664 et
1049 1599 1130 1664 dein
1146 1598 1303 1664 extrudit
1325 1598 1444 1674 fiores,

314 1701 352 1758 et
376 1695 466 1776 parit
489 1691 626 1771 fructus,
650 1693 745 1757 etin
769 1692 837 1757 illis
861 1693 960 1776 ponit
983 1714 1076 1758 nova
1102 1697 1244 1770 semina,
1268 1714 1329 1778 per
1351 1711 1445 1777 quae

314 1789 540 1872 perpetuitati
557 1809 636 1854 suae
652 1788 841 1872 prospicit?
884 1787 1002 1854 Simile
1021 1787 1059 1854 fit
1075 1810 1153 1855 cum
1170 1790 1264 1855 omni
1275 1789 1444 1872 virgulto,

314 1894 445 1949 etcum
465 1885 559 1948 omni
577 1885 686 1948 herba
702 1883 786 1966 agri.
832 1882 964 1949 Annon
987 1885 1021 1949 in
1044 1885 1097 1950 his
1114 1888 1230 1951 omnia
1247 1896 1283 1950 et
1304 1883 1441 1968 singula

314 1989 519 2044 constanter
534 1990 570 2045 et
587 1979 789 2044 mirabiliter
804 1981 992 2044 secundum
1009 1980 1106 2064 leges
1122 1983 1173 2046 sui
1188 1982 1319 2046 ordinis
1335 2003 1356 2045 a
1373 1979 1443 2046 fine

315 2076 359 2138 ad
383 2073 485 2140 finem
503 2074 716 2157 procedunt?
761 2071 852 2156 Quid
877 2095 947 2139 non
971 2075 1129 2140 similiter
1151 2075 1227 2140 finis
1249 2078 1439 2161 primarius,

315 2171 371 2254 qui
395 2180 448 2235 est
470 2171 603 2235 caelum
622 2191 668 2234 ex
686 2170 838 2233 humano
856 2171 1010 2252 genere?
1055 2169 1147 2235 Num
1166 2171 1295 2255 aliquid
1315 2173 1349 2236 in
1368 2171 1445 2254 ejus

315 2266 555 2347 progressione
575 2265 647 2327 dari
667 2273 796 2346 potest,
817 2264 908 2348 quod
931 2284 1000 2327 non
1020 2265 1206 2328 secundum
1231 2265 1326 2348 leges
1343 2265 1439 2330 Divi·

315 2380 379 2423 nae
414 2359 654 2423 Providentiae
686 2359 970 2423 constantissime
1003 2359 1197 2443 procedat?
1243 2364 1301 2425 [3.]
1343 2357 1442 2442 Quo·

315 2457 406 2519 niam
429 2465 484 2520 est
500 2456 809 2538 correspondentia
829 2455 920 2518 vitae
943 2455 1094 2519 hominis
1117 2474 1195 2520 cum
1214 2457 1444 2537 vegetatione

314 2551 456 2626 arboris,
473 2549 532 2615 fiat
552 2549 804 2634 parallelismus
821 2570 882 2612 seu
900 2551 1138 2633 comparatio:
1163 2550 1306 2614 infantia
1329 2550 1440 2614 homi-

315 2647 367 2709 nis
386 2655 440 2710 est
459 2646 693 2728 comparative
712 2646 801 2707 sicut
825 2654 982 2708 tenerum
1006 2665 1150 2728 germen
1174 2646 1305 2709 arboris
1327 2645 1444 2729 pullu·

315 2739 392 2804 lans
413 2750 542 2805 eterra
569 2762 614 2804 ex
639 2740 791 2818 semine;
816 2740 963 2823 pueritia
977 2749 1013 2805 et
1033 2739 1270 2805 adolescentia
1293 2740 1446 2804 hominis

314 2845 370 2899 est
391 2837 479 2898 sicut
497 2854 639 2918 germen
664 2834 749 2898 illud
766 2855 925 2898 crescens
941 2837 975 2899 in
992 2835 1128 2898 caulum
1148 2845 1184 2900 et
1206 2835 1441 2900 ramusculos}

314 2952 395 2994 vera
412 2931 591 3004 naturalia,
609 2930 730 3014 quibus
748 2933 859 2994 omnis
876 2931 982 2994 homo
1006 2931 1152 3012 primum
1169 2931 1341 3006 imbuitur,
1359 2940 1442 2995 sunt

314 3027 402 3090 sicut
425 3025 507 3089 solia
528 3026 649 3109 quibus
675 3026 760 3090 rarni
784 3027 982 3108 operiuntur
1009 3024 1162 3110 (“solia”
1189 3046 1258 3090 non
1288 3025 1379 3089 aliud
1404 3028 1443 3089 in

315 3121 432 3185 Verbo
465 3119 701 3206 significant);
737 3121 956 3184 initiamenta
992 3120 1142 3185 hominis
1168 3121 1202 3188 in
1243 3120 1442 3204 conjugium

314 3216 456 3282 boniet
484 3218 566 3292 veri,
590 3238 650 3280 seu
678 3214 876 3299 conjugium
901 3216 1089 3299 spirituale,
1116 3226 1197 3281 sunt
1223 3217 1313 3280 sicut
1339 3216 1444 3280 fiores

314 3332 399 3395 quos
425 3314 528 3377 arbor
551 3311 612 3376 illa
638 3323 796 3394 tempore
818 3311 909 3374 veris
936 3312 1116 3394 producit;
1147 3332 1228 3377 vera
1251 3312 1440 3394 spiritualia

315 3418 393 3471 sunt
409 3407 527 3472 soliola
542 3409 687 3471 istorum
706 3407 849 3483 florum;
880 3407 1052 3488 primitiva
1071 3406 1221 3490 conjugii
1242 3406 1444 3488 spiritualis,

314 3513 394 3566 sunt
411 3504 499 3567 sicut
516 3504 760 3566 inchoamenta
775 3499 921 3580 fructum
946 3501 1038 3566 bona
1054 3501 1244 3585 spiritualia
1259 3513 1439 3586 quaesunt

314 3598 406 3660 bona
422 3599 614 3673 charitatis,
629 3608 709 3662 sunt
726 3599 815 3661 sicut
831 3595 980 3674 fructum
1006 3598 1242 3680 significantur
1257 3598 1363 3664 etiam
1380 3617 1445 3680 per

316 3690 500 3756 “fruetus’'
516 3694 549 3756 in
575 3693 714 3772 Verbo;
740 3693 997 3775 procreationes
1022 3695 1214 3776 sapientiae
1241 3715 1287 3758 ex
1310 3712 1439 3769 amore,

315 3795 395 3848 sunt
418 3787 508 3850 sicut
534 3787 677 3860 semina,
696 3805 757 3868 per
769 3805 853 3868 quas
880 3787 1139 3867 procreationes
1162 3786 1268 3851 homo
1294 3785 1333 3849 fit
1350 3786 1439 3850 sicut

314 3878 437 3944 hortus
465 3891 501 3945 et
529 3881 715 3964 paradisus.
762 3879 880 3944 Homo
903 3881 1009 3945 etiam
1031 3882 1065 3944 in
1085 3881 1205 3946 Verbo
1235 3881 1444 3946 describitur

315 3994 375 4057 per
393 3977 563 4049 arborem,
580 3997 620 4040 ac
640 3976 711 4058 ejus
728 3976 897 4059 sapientia
913 3997 959 4039 ex
975 3994 1091 4039 amore
1114 3996 1176 4060 per
1191 3976 1354 4056 hortum;
1379 3996 1445 4059 per

317 4071 484 4136 “hortum
501 4071 654 4136 Edenis”
674 4091 743 4135 non
760 4071 851 4134 aliud
867 4069 1089 4152 significatur.
1136 4078 1193 4138 [4.]
1226 4070 1343 4135 Homo
1365 4071 1438 4154 qui·

316 4163 394 4227 dem
419 4174 474 4248 est
506 4165 606 4227 arbor
625 4163 717 4227 mala
742 4184 788 4226 ex
816 4163 957 4236 semine,
976 4164 1037 4226 sed
1064 4183 1170 4247 usque
1195 4164 1298 4226 datur
1325 4163 1443 4226 insitio

314 4279 376 4323 seu
399 4259 587 4323 inoculatio
603 4280 649 4324 ex
665 4258 803 4322 ramulis
829 4259 1020 4339 desumptis
1043 4281 1088 4322 ex
1105 4257 1241 4322 Arbore
1257 4261 1361 4332 vitae,
1379 4278 1443 4341 per

315 4372 400 4435 quos
419 4372 539 4415 succus
562 4373 608 4416 ex
629 4352 738 4414 veteri
761 4350 877 4413 radice
902 4351 1106 4413 exantlatus
1132 4351 1279 4413 vertitur
1302 4351 1336 4413 in
1362 4369 1441 4412 suc·

315 4465 392 4511 cum
408 4447 592 4512 facientem
607 4443 735 4510 fructus
750 4446 870 4510 bonos.
917 4445 1014 4508 Haec
1035 4446 1249 4526 comparatio
1267 4443 1357 4509 sadta
1374 4453 1439 4518 est,

316 4545 354 4600 ut
381 4539 520 4613 sciatur,
548 4538 639 4623 quod
668 4556 745 4601 curn
772 4546 846 4601 tarn
872 4547 1038 4602 constans
1065 4537 1263 4620 progressio
1293 4536 1442 4600 Divinae
