3352 5374
420 685 471 736 nn
493 683 629 736 n1v1no
651 682 797 746 anons,
817 679 911 735 raas
932 680 1061 734 tv.-n.
1081 684 1152 750 341·
1284 683 1346 750 149

218 873 287 917 seu
311 857 398 920 sicut
420 875 523 919 causa
545 865 581 920 et
603 862 792 930 causatum,
813 873 882 917 non
905 851 991 917 scire
1013 851 1140 937 aliquid
1160 859 1277 934 potest
1300 850 1346 918 de

222 947 295 1014 hoc
319 951 466 1015 influxu:
499 970 585 1034 quae
604 970 707 1013 causa
728 959 794 1024 est,
814 949 905 1032 quod
928 947 977 1011 illi
1000 949 1055 1030 qui
1078 947 1121 1013 de
1144 958 1221 1012 ortu
1240 966 1346 1030 vege·

219 1046 383 1109 tabilium
414 1057 450 1108 et
479 1044 675 1108 animalium
699 1044 918 1126 scripserunt,
943 1061 1012 1106 non
1030 1052 1223 1128 ‚potuerunt
1245 1042 1347 1110 aliter

217 1159 328 1222 quam
351 1139 519 1203 deducere
543 1138 637 1202 illurn
661 1159 681 1202 a
704 1147 848 1215 natura;
879 1146 914 1202 et
938 1137 965 1199 si
989 1157 1009 1200 a
1032 1138 1118 1213 Deo,
1135 1137 1227 1221 quod
1251 1137 1345 1202 Deus

218 1225 270 1300 ab
292 1235 388 1298 initio
411 1234 572 1297 indiderit
592 1244 734 1297 naturae
756 1233 824 1296 vim
848 1231 1059 1312 producendi
1078 1232 1179 1296 talia:
1207 1231 1254 1296 sic
1274 1253 1344 1298 non

217 1331 385 1404 scientes,
406 1329 496 1410 quod
519 1328 613 1391 nulla
631 1329 681 1390 vis
697 1327 806 1390 indita
824 1328 868 1390 sit
886 1337 1037 1401 naturae,
1051 1337 1105 1391 est
1124 1327 1213 1390 enim
1231 1325 1291 1390 illa
1308 1327 1343 1392 in

216 1443 261 1486 se
280 1435 426 1497 mortua,
443 1433 478 1486 et
497 1443 565 1485 non
582 1421 656 1504 plus
673 1422 803 1485 confert
820 1422 864 1485 ad
884 1422 1138 1504 producendum
1157 1419 1225 1497 illa,
1239 1440 1341 1504 quam

216 1519 312 1581 sicut
331 1520 596 1581 instrumentum
612 1517 646 1578 in
665 1536 768 1596 opere
786 1515 882 1591 labri,
903 1515 995 1598 quod
1015 1526 1051 1578 ut
1071 1524 1153 1596 agat
1173 1526 1341 1597 perpetuo

219 1612 433 1676 movendum
458 1621 524 1674 est.
569 1610 634 1674 Est
664 1609 850 1693 spirituale,
882 1610 972 1691 quod
1002 1610 1169 1692 originem
1199 1611 1294 1674 ducit
1318 1632 1340 1676 a

217 1705 306 1771 'Sole
333 1707 390 1770 ubi
420 1706 596 1779 Dominus,
617 1715 653 1769 et
683 1705 839 1787 procedit
864 1705 906 1768 ad
937 1704 1059 1768 ultima
1078 1714 1230 1781 naturae,
1247 1704 1340 1789 quod

218 1803 383 1884 producit
398 1800 523 1864 formas
539 1799 785 1882 vegetabilium
802 1809 838 1862 et
854 1799 1060 1874 animalium,
1078 1808 1114 1862 et
1130 1800 1221 1864 sistit
1238 1801 1339 1864 mira·

216 1896 305 1960 bilia
328 1915 415 1979 quae
437 1897 471 1958 in
494 1897 645 1978 utrisque
668 1895 803 1969 dantur,
828 1914 866 1956 ac
890 1894 966 1957 illas
989 1895 1164 1975 constipat
1188 1897 1341 1960 materiis

214 2011 267 2056 ex
285 1990 418 2065 tellure,
436 2001 472 2053 ut
489 1990 618 2054 formae
636 1989 716 2053 illae
735 1987 825 2052 fixae
841 1999 876 2052 et
893 1999 1096 2054 constantes
1112 1990 1193 2054 sint.
1240 1989 1339 2055 Nunc

216 2087 304 2168 quia
331 2097 450 2149 notum
479 2096 545 2159 est,
565 2085 656 2167 quod
683 2083 868 2166 spiritualis
891 2085 1036 2147 mundus
1059 2085 1169 2160 detur,
1186 2093 1221 2149 et
1249 2087 1341 2169 quod

215 2179 397 2261 spirituale
420 2181 464 2244 sit
493 2201 513 2243 a
542 2179 623 2244 Sole
640 2179 697 2242 ubi
716 2180 894 2254 Dominus,
915 2189 950 2243 et
981 2181 1037 2261 qui
1067 2201 1087 2243 a
1117 2180 1276 2257 Domin0,
1302 2191 1339 2246 et

214 2277 314 2358 quod
333 2276 366 2338 id
390 2287 472 2356 agat
485 2285 640 2338 naturam
660 2276 704 2336 ad
723 2275 905 2356 agendum,
923 2275 1012 2337 sicut
1030 2276 1143 2338 vivum
1159 2277 1232 2357 agit
1249 2295 1339 2340 mor·

217 2381 329 2442 tuum,
355 2380 427 2433 tum
455 2370 545 2453 quod
575 2369 697 2432 similia
727 2371 760 2431 in
791 2369 850 2431 illo
880 2369 1008 2432 mundo
1030 2369 1164 2444 dentur,
1189 2390 1275 2452 quae
1303 2370 1339 2434 in

217 2467 354 2529 mundo
373 2465 529 2538 naturali,
550 2465 656 2527 videri
675 2473 793 2546 potest
812 2465 904 2546 quod
923 2463 1133 2546 vegetabilis
1150 2476 1187 2528 et
1209 2465 1339 2527 anima·

216 2560 267 2623 'lia
287 2581 354 2623 non
375 2559 511 2622 aliunde
530 2578 631 2641 quam
650 2558 820 2642 perillum
840 2559 1003 2622 mundum
1022 2580 1042 2621 a
1062 2559 1210 2623 Domino
1229 2560 1338 2623 exsti·

215 2657 340 2726 terint,
360 2665 395 2718 et
422 2653 513 2736 quod
532 2654 705 2734 perillum
725 2663 892 2735 perpetuo
910 2656 1085 2732 existant;
1116 2665 1152 2718 et
1176 2656 1223 2718 sic
1246 2654 1337 2738 quod

215 2750 369 2813 influxus
399 2750 580 2812 continuus
603 2750 648 2812 sit
678 2770 697 2812 e
728 2749 856 2813 mundo
879 2750 1044 2830 spirituali
1074 2751 1107 2814 in
1138 2750 1338 2816 naturalem.

215 2844 325 2928 Quod
349 2847 398 2908 ita
422 2846 465 2908 sit
487 2845 520 2908 in
544 2855 709 2926 sequente
732 2845 877 2909 articulo
900 2844 1050 2927 pluribus
1073 2845 1337 2914 confirmabitur.

215 2939 324 3023 Quod
345 2941 449 3004 noxia
471 2960 532 3020 per
547 2938 710 3002 influxum
734 2961 780 3003 ex
802 2940 933 3004 inferno
952 2962 1052 3022 super
1070 2941 1192 3005 tellure
1212 2943 1337 3023 produ·

214 3048 353 3108 cantur,
374 3046 426 3099 est
455 3056 500 3097 ex
531 3035 651 3097 eadem
681 3034 759 3115 lege
787 3037 1030 3115 permissionis,
1050 3056 1115 3117 qua
1145 3038 1217 3116 ipsa
1247 3036 1338 3101 mala

217 3131 300 3193 inde
317 3131 405 3211 apud
423 3129 579 3192 homines
595 3129 757 3192 influunt:
783 3131 826 3193 de
843 3151 908 3212 qua
926 3129 1003 3211 lege
1019 3131 1052 3193 in
1070 3128 1247 3210 Sapientia
1261 3131 1336 3194 An·

210 3225 325 3307 ¹gelica
342 3224 382 3288 de
399 3224 527 3286 Divina
544 3223 764 3288 Providentia
779 3226 921 3287 dicetur.

284 3334 380 3402 341·
407 3317 481 3402 (iv.)
508 3317 603 3395 Quod
621 3317 768 3401 influxus
790 3339 832 3381 ex
853 3319 983 3398 inferno
1000 3327 1153 3399 operetur
1171 3319 1232 3382 illa
1253 3337 1337 3400 quae

214 3434 303 3478 usus
321 3413 406 3478 mali
425 3424 512 3488 sunt,
533 3413 567 3476 in
586 3413 662 3476 locis
682 3413 740 3476 ubi
754 3422 834 3476 sunt
850 3413 912 3476 illa
930 3434 1013 3495 quae
1029 3414 1336 3494 correspondent.-

217 3508 288 3573 tlla
306 3530 392 3592 quae
411 3509 508 3572 malis
528 3510 652 3582 usibus,
673 3508 739 3572 hoc
752 3518 817 3582 est,
838 3507 952 3571 herbis
971 3507 1131 3588 malignis
1150 3519 1185 3572 et
1204 3510 1335 3573 anima·

213 3604 308 3668 libus
333 3605 455 3678 noxiis,
476 3602 757 3684 correspondent,
783 3614 862 3666 sunt
885 3603 1104 3678 cadaverosa,
1126 3605 1247 3685 putria,
1272 3627 1335 3668 ex-

212 3700 438 3763 crementitia
456 3708 491 3762 et
511 3709 694 3772 stercorea,
714 3699 864 3772 rancida,
884 3701 1038 3774 urinosa;
1069 3719 1171 3781 quare
1195 3701 1228 3762 in
1252 3699 1336 3766 locis

212 3794 276 3858 ubi
292 3794 376 3858 haec
393 3804 483 3869 sunt,
497 3793 587 3856 tales
602 3793 740 3866 herbae,
758 3805 793 3856 et
810 3794 893 3857 talia
905 3794 1119 3868 animalcula,
1133 3816 1219 3877 quae
1235 3817 1336 3878 supra

211 3900 409 3954 memorata
427 3899 516 3964 sunt,
537 3891 716 3966 existunt;
740 3901 775 3952 et
800 3890 833 3952 in
854 3890 946 3953 zonis
965 3891 1101 3952 torridis
1121 3890 1243 3953 similia
1262 3911 1334 3955 ma-

207 3983 301 4066 jora,
322 3987 409 4050 sicut
432 3996 620 4067 serpentes,
637 3984 794 4058 basilisci,
812 3984 985 4058 crocodili,
1005 3987 1137 4066 scorpii,
1158 4005 1280 4058 mures,
1298 3995 1334 4050 et

213 4080 296 4144 alia.
341 4079 580 4163 Unusquisque
600 4079 706 4153 novit,
727 4082 816 4162 quod
837 4081 989 4160 paludes,
1010 4091 1147 4161 stagna,
1167 4091 1331 4155 stercora,

210 4175 311 4240 humi
330 4176 480 4257 putidae,
501 4175 626 4238 talibus
644 4175 768 4239 relerta
783 4176 871 4252 sint;
892 4186 963 4238 tum
980 4175 1069 4256 quod
1088 4176 1193 4237 noxia
1209 4173 1333 4238 volati-

210 4270 263 4334 lia
292 4271 380 4334 sicut
412 4270 517 4333 nubes
547 4270 823 4353 atmosphaeram
853 4270 1029 4352 impleant,
1050 4281 1086 4333 et
1115 4271 1207 4352 quod
1236 4270 1332 4333 noxii

207 4383 350 4430 vermes
363 4365 448 4428 sicut
461 4365 599 4447 agmina
615 4375 751 4440 terram,
766 4376 800 4429 et
816 4375 1019 4428 consumant
1036 4364 1158 4428 herbas
1170 4385 1275 4447 usque
1287 4362 1331 4428 ad

208 4460 359 4523 radices.
404 4457 518 4524 Semel
541 4461 575 4522 in
598 4479 676 4522 meo
698 4459 800 4523 horto
823 4461 1060 4533 animadverti,
1081 4459 1171 4541 quod
1196 4460 1229 4521 in
1253 4479 1330 4542 spa-

206 4555 266 4622 tio
283 4554 383 4618 ulnae
395 4575 504 4637 paene
519 4555 631 4619 omnis
644 4552 756 4637 pulvis
772 4554 804 4620 in
821 4555 960 4618 minima
975 4554 1130 4619 volatilia
1142 4575 1258 4618 versus
1275 4555 1330 4632 sit,

208 4669 296 4714 nam
319 4648 441 4712 baculo
462 4651 626 4732 agitatus,
650 4650 739 4713 sicut
762 4648 867 4713 nimbi
896 4669 933 4713 se
962 4650 1182 4714 sustulerunt.
1228 4647 1330 4730 Quod
