3418 5370
308 645 371 711 232
660 639 865 694 sumnum
888 640 1085 694 cucumer

308 835 432 892 mores,
449 824 485 881 et
505 826 630 900 postea
648 836 709 900 per
727 834 874 880 amores.
919 813 989 880 Sed
1009 836 1116 900 usque
1134 814 1226 882 mala
1244 836 1315 881 non
1333 837 1437 902 sepa·

307 923 427 976 rantur
449 921 485 978 et
501 911 683 993 ejiciuntur
706 933 752 976 ex
775 911 926 988 homine,
947 910 1009 976 sed
1033 912 1137 976 modo
1156 922 1381 976 removentur
1399 923 1437 979 et

307 1009 352 1072 ad
377 1008 486 1073 latera
509 999 738 1090 delegantur;
770 1017 806 1071 et
830 1007 968 1091 quando
997 1007 1042 1070 ibi
1066 1017 1159 1084 sunt,
1184 1017 1221 1072 et
1248 1007 1377 1072 bonum
1400 1012 1437 1075 in

308 1105 434 1179 medio,
454 1115 535 1167 tunc
555 1104 648 1167 mala
666 1123 735 1167 non
755 1113 947 1187 apparent;
972 1104 1132 1187 quicquid
1156 1105 1248 1168 enim
1267 1106 1300 1168 in
1320 1108 1437 1170 medio

307 1211 375 1275 est,
395 1199 461 1264 hoc
485 1198 613 1264 directe
637 1201 701 1263 sub
722 1200 850 1264 intuitu
869 1210 935 1274 est,
956 1219 996 1263 ac
1020 1200 1157 1266 videtur
1179 1210 1215 1263 et
1239 1201 1434 1284 percipitur.

309 1295 360 1360 At
378 1297 555 1359 sciendum
571 1305 636 1370 est,
650 1295 742 1378 quod
759 1296 902 1360 tametsi
918 1295 1046 1359 bonum
1064 1305 1118 1359 est
1136 1297 1170 1358 in
1190 1296 1315 1370 medio,
1329 1318 1437 1380 usque

307 1391 415 1456 homo
433 1411 502 1455 non
522 1392 601 1454 ideo
616 1391 651 1453 in
667 1390 760 1454 bono
779 1392 835 1466 sit,
854 1392 919 1454 nisi
935 1391 1027 1455 mala
1046 1411 1134 1474 quae
1153 1393 1196 1456 ad
1216 1391 1327 1456 latera
1343 1403 1436 1468 sunt,

308 1499 457 1571 vergant
481 1490 641 1552 deorsum
665 1497 726 1551 aut
749 1497 967 1566 extrorsum;
990 1487 1020 1550 si
1040 1485 1200 1570 spectant
1220 1507 1351 1552 sursum
1375 1499 1437 1552 aut

308 1584 506 1660 introrsum,
520 1604 590 1647 non
606 1592 741 1648 remota
757 1591 849 1659 sunt,
864 1602 943 1646 nam
960 1603 1067 1667 usque
1084 1585 1309 1649 connituntur
1324 1585 1437 1648 redire

308 1681 353 1745 ad
370 1682 530 1744 medium.
573 1679 743 1742 Deorsum
756 1688 815 1742 aut
832 1690 1030 1743 extrorsum
1047 1689 1195 1762 vergunt
1211 1677 1435 1762 aspectant,

308 1777 448 1860 quando
470 1776 575 1839 homo
593 1775 680 1858 sugit
699 1795 761 1837 sua
784 1774 876 1838 mala
899 1784 937 1839 ut
957 1784 1115 1858 peccata,
1134 1783 1170 1839 et
1189 1776 1300 1858 magis
1323 1775 1435 1839 adhuc

308 1891 387 1935 cum
417 1882 594 1936 aversatur
624 1871 706 1949 illa;
738 1891 818 1935 nam
848 1881 930 1934 tune
960 1869 1022 1936 illa
1048 1871 1194 1936 damnat
1220 1881 1257 1936 et
1284 1871 1436 1936 devovet

307 1967 451 2042 inferno,
469 1987 509 2030 ae
525 1967 607 2029 facit
624 1976 662 2030 ut
678 1965 758 2030 illuc
775 1964 947 2048 spectent.

371 2063 470 2146 284·
501 2059 704 2126 Intellectus
720 2061 870 2126 hominis
886 2073 942 2127 est
957 2063 1126 2145 recipiens
1145 2072 1219 2127 tam
1235 2062 1317 2126 boni
1332 2082 1436 2146 quam

307 2159 402 2234 mali,
430 2167 467 2222 et
494 2167 567 2222 tam
591 2158 661 2220 veri
685 2176 788 2240 quam
812 2158 909 2237 salsi;
937 2179 1007 2222 non
1032 2167 1149 2222 autem
1173 2159 1249 2241 ipsa
1272 2157 1436 2222 voluntas

305 2252 478 2333 hominis;
502 2253 587 2317 haec
611 2253 676 2316 erit
696 2253 752 2316 vel
775 2254 810 2316 in
833 2253 926 2317 malo
944 2254 1001 2318 vel
1020 2255 1054 2317 in
1078 2253 1194 2332 bono;
1221 2274 1290 2318 non
1314 2265 1435 2337 potest

306 2371 385 2417 esse
408 2359 576 2433 utroque;
609 2367 688 2411 nam
711 2348 875 2413 voluntas
897 2358 953 2412 est
975 2349 1050 2432 ipse
1072 2348 1190 2425 homo,
1210 2358 1246 2413 et
1271 2349 1317 2413 ibi
1338 2368 1437 2413 amor

306 2447 401 2510 vitae
419 2445 501 2528 ejus.
547 2444 680 2509 Bonum
697 2454 733 2509 et
750 2445 879 2508 malum
894 2452 1011 2509 autem
1027 2445 1061 2508 in
1077 2442 1258 2509 intellectu
1274 2457 1436 2529 separata

306 2551 388 2608 sunt
422 2543 510 2604 sicut
544 2542 719 2604 internum
752 2550 790 2604 et
822 2550 1029 2620 externum;
1064 2540 1145 2604 inde
1178 2549 1296 2624 potest
1328 2540 1435 2605 homo

306 2636 449 2704 interius
471 2637 505 2700 in
529 2636 621 2700 malo
640 2655 717 2700 esse
740 2646 778 2701 et
800 2637 955 2701 exterius
978 2634 1146 2700 inbono:
1171 2645 1209 2699 at
1231 2655 1336 2719 usque
1355 2655 1435 2701 cum

305 2731 412 2796 homo
428 2730 643 2809 reformatur,
661 2731 790 2795 bonum
809 2741 846 2796 et
863 2732 992 2796 malum
1008 2731 1285 2807 committuntur,
1298 2740 1334 2796 et
1350 2742 1433 2797 tunc

305 2828 430 2895 existit
454 2824 632 2890 conflictus
662 2837 698 2892 et
728 2847 856 2911 pugna,
881 2848 969 2913 quae
995 2827 1025 2891 si
1055 2827 1170 2910 gravis
1200 2836 1267 2904 est,
1290 2837 1437 2893 vocatur

305 2925 469 2998 tentatio,
495 2931 532 2986 at
555 2922 584 2986 si
602 2942 672 2986 non
695 2925 812 3006 gravis
835 2934 902 2998 est,
926 2922 965 2988 fit
992 2923 1082 2987 sicut
1108 2923 1294 2988 fermentat
1317 2925 1435 2988 vinum

305 3027 365 3083 aut
389 3019 507 3082 sicera.
553 3016 588 3082 Si
612 3027 696 3082 tunc
719 3019 848 3083 bonum
866 3019 986 3095 vincit,
1011 3017 1140 3082 malum
1159 3037 1237 3084 cum
1260 3039 1322 3083 suo
1344 3019 1435 3083 falso

304 3124 503 3182 removetur
519 3114 563 3178 ad
583 3113 705 3190 latera,
723 3116 960 3197 comparative
979 3115 1069 3179 sicut
1087 3113 1168 3179 faex
1187 3115 1281 3180 cadit
1297 3115 1341 3179 ad
1356 3115 1434 3179 sun·

305 3211 387 3276 dum
415 3214 526 3289 vasis;
555 3231 596 3275 ac
623 3211 752 3276 bonum
776 3210 812 3274 fit
838 3211 928 3276 sicut
950 3211 1067 3274 vinum
1090 3220 1171 3294 post
1193 3210 1433 3277 fermentatio-

305 3327 385 3372 nem
404 3327 611 3388 generosum
628 3317 664 3371 et
680 3308 790 3372 sicera
808 3305 911 3371 clara.
957 3306 1008 3372 At
1024 3307 1053 3370 si
1069 3306 1198 3371 malum
1213 3307 1332 3382 vincit,
1349 3317 1434 3373 tunc

304 3401 433 3467 bonum
450 3423 527 3466 cum
547 3425 610 3467 suo
624 3423 708 3467 vero
727 3412 925 3468 removetur
940 3403 985 3468 ad
1005 3402 1127 3480 latera,
1144 3422 1184 3468 ac
1200 3401 1239 3467 fit
1259 3403 1434 3469 turbidum

304 3518 344 3562 ac
376 3509 517 3575 tetrum,
545 3499 633 3563 sicut
663 3498 946 3563 infermentatum
972 3499 1089 3562 vinum
1118 3519 1158 3563 ac
1188 3499 1435 3564 infermentata

304 3594 423 3658 sicera.
469 3591 694 3676 Comparatio
710 3613 787 3658 cum
803 3594 974 3658 fermento
993 3603 1059 3669 est,
1077 3595 1155 3677 quia
1172 3594 1435 3659 “fermentum''

303 3688 338 3753 in
366 3687 486 3751 Verbo
516 3687 689 3771 significat
715 3688 839 3754 falsum
870 3687 953 3754 mali
981 3687 1034 3774 (ut
1060 3687 1184 3754 Hosclr.
1207 3689 1262 3754 vii.
1283 3708 1325 3770 4;
1351 3689 1434 3756 Luc.

303 3783 363 3848 xii.
384 3799 420 3863 1;
443 3791 480 3848 et
496 3782 606 3868 alibi).
