3418 5368
487 695 539 745 na
562 693 1171 766 1³1vaPRoleENTIA.—N.237.
1335 689 1392 771 183

264 864 347 931 solis
357 866 570 950 appetentiis
582 875 619 931 et
630 865 775 931 fallaciis
786 865 1012 944 concludunt,
1025 877 1062 932 et
1075 888 1145 933 non
1156 867 1276 935 vident
1287 869 1394 950 aliud,

264 973 411 1048 possunt
430 963 543 1046 jurare
562 963 653 1047 quod
677 964 726 1027 ita
749 964 803 1026 sit.
852 962 952 1027 Etsi
975 963 1083 1028 etiam
1102 963 1213 1029 solam
1234 976 1394 1031 naturam

264 1069 473 1142 agnoscunt,
493 1069 641 1142 possunt
660 1059 760 1123 irasci
782 1070 907 1123 contra
926 1059 1124 1124 defensores
1144 1059 1292 1125 Divinae
1312 1063 1395 1126 Pro·

264 1156 452 1232 videntiae,
472 1156 579 1220 modo
598 1174 667 1219 non
687 1156 757 1218 sint
775 1154 989 1231 sacerdotes,
1010 1156 1053 1219 de
1077 1157 1199 1240 quibus
1218 1160 1393 1243 cogitant,

265 1253 357 1336 quod
376 1253 410 1316 id
430 1271 548 1316 eorum
568 1249 745 1316 dodirinae
764 1260 824 1314 aut
843 1248 1028 1315 functionis
1046 1253 1104 1316 sit.

328 1349 428 1432 236·
461 1346 764 1411 Enumerabuntur
787 1366 877 1410 nunc
905 1346 1019 1431 aliqua
1046 1369 1134 1432 quae
1158 1349 1394 1432 permissionis

265 1453 357 1518 sunt,
377 1452 413 1506 et
438 1463 544 1526 usque
564 1442 752 1506 secundum
773 1441 870 1524 leges
890 1441 1038 1507 Divinae
1059 1444 1313 1520 Providentiae,
1333 1465 1395 1530 per

264 1558 351 1621 quae
375 1559 468 1604 mere
492 1538 660 1603 naturalis
683 1538 789 1602 homo
812 1560 849 1602 se
872 1559 935 1622 pro
963 1550 1086 1603 natura
1116 1551 1238 1604 contra
1268 1540 1393 1617 Deum,

265 1642 300 1697 et
324 1653 386 1715 pro
408 1634 559 1698 humana
582 1635 765 1717 prudentia
788 1645 912 1698 contra
936 1633 1098 1699 Divinam
1123 1637 1393 1712 Providentiam,

264 1729 457 1794 confirmat.
502 1729 553 1795 Ut
574 1749 650 1793 cum
667 1729 822 1793 Verbum
842 1730 949 1812 legit:
998 1728 1101 1813 Quod
1118 1733 1394 1814 sapientissimus

264 1823 452 1899 hominum,
474 1824 633 1888 Adamus
657 1834 693 1888 et
717 1846 815 1901 uxor,
836 1845 874 1889 se
897 1827 991 1907 passi
1014 1827 1084 1890 sint
1108 1847 1129 1890 a
1152 1835 1312 1908 serpente
1338 1849 1392 1890 se·

265 1921 353 1997 duci,
372 1931 407 1986 et
430 1922 521 2005 quod
546 1921 640 1984 Deus
663 1921 729 1985 hoc
754 1943 814 2005 per
837 1921 997 1986 Divinam
1018 1942 1114 1985 suam
1136 1922 1394 1987 Providentiam

265 2037 335 2079 non
351 2018 527 2081 averterit.
573 2014 676 2099 Quod
695 2017 825 2099 primus
842 2037 960 2082 eorum
980 2017 1080 2094 filius,
1097 2017 1236 2094 Cainus,
1254 2021 1391 2084 occide·

263 2113 306 2175 rit
338 2112 475 2176 fratrem
499 2133 596 2176 suurn
620 2112 781 2188 Abelem,
806 2123 842 2177 et
873 2112 967 2176 Deus
995 2134 1065 2177 non
1094 2124 1175 2178 tunc
1207 2114 1394 2180 abduxerit

265 2204 439 2291 loquendo
462 2227 539 2271 cum
564 2207 636 2282 illo,
660 2208 723 2272 sed
747 2208 852 2271 modo
875 2218 957 2290 post
980 2207 1118 2282 sactum,
1140 2209 1394 2273 maledicendo.

266 2301 369 2384 Quod
388 2323 476 2386 gens
494 2303 686 2368 Israelitlca
704 2305 738 2366 in
755 2303 896 2367 deserto
912 2303 1058 2368 coluerit
1078 2305 1223 2367 vitulum
1241 2323 1394 2380 aureum,

265 2407 299 2461 et
314 2400 497 2482 agnoverit
512 2419 590 2463 eum
607 2420 669 2482 pro
686 2398 763 2463 Deo
779 2400 835 2483 qui
851 2421 870 2462 e
887 2408 979 2462 terra
994 2399 1150 2481 Aegypti
1167 2399 1247 2463 illos
1259 2401 1394 2477 eduxit,

265 2513 343 2558 cum
367 2505 486 2559 tamen
510 2493 669 2578 Jehovah
693 2493 761 2558 hoc
785 2495 914 2559 vidite
946 2493 1069 2558 Monte
1095 2493 1189 2558 Sinai
1213 2516 1332 2578 prope,
1358 2505 1394 2561 et

266 2611 335 2655 non
359 2593 547 2675 praecavit.
593 2591 684 2654 Tum
709 2591 802 2675 quod
826 2589 940 2653 David
964 2593 1193 2654 numeraverit
1213 2591 1390 2675 populum,

265 2696 301 2750 et
318 2698 505 2770 propterea
520 2688 674 2750 immissa
690 2685 735 2750 sit
756 2687 877 2768 pestis,
895 2706 914 2749 e
934 2705 1001 2768 qua
1017 2694 1072 2748 tot
1091 2685 1199 2749 millia
1215 2687 1394 2751 hominum

265 2783 451 2865 perierunt,
465 2793 500 2846 et
518 2783 610 2866 quod
628 2781 722 2845 Deus
735 2800 805 2844 non
822 2791 904 2845 ante
918 2782 979 2845 sed
997 2789 1077 2861 post
1093 2777 1219 2845 ladium
1236 2784 1280 2845 ad
1297 2782 1394 2848 illum

266 2879 397 2942 miserit
435 2878 568 2943 Gadem
608 2877 827 2961 prophetam,
863 2886 900 2941 et
941 2877 1198 2941 denuntiaverit
1234 2899 1395 2961 poenam.

267 2973 370 3056 Quod
394 2974 572 3038 Salomoni
590 2973 794 3056 permissum
813 2972 915 3036 luerit
934 2973 1125 3037 instaurare
1143 2974 1258 3037 cultus
1282 2974 1393 3038 idolo·

266 3067 429 3133 latricos:
455 3079 490 3133 et
515 3069 632 3132 multis
651 3069 791 3150 regibus
807 3077 887 3152 post
904 3067 1001 3131 illurn
1022 3069 1204 3151 profanare
1224 3071 1394 3153 templum

266 3176 302 3229 et
319 3163 439 3230 sandia
459 3165 645 3229 ecclesiae:
670 3173 705 3228 et
732 3165 869 3228 demum
888 3164 979 3246 quod
999 3165 1097 3246 genti
1117 3165 1171 3228 isti
1191 3166 1394 3247 permissum

267 3263 312 3326 sit
332 3260 528 3343 crucifigere
548 3259 746 3324 Dominum.
792 3259 831 3322 In
851 3259 904 3321 his
924 3267 960 3322 et
980 3259 1098 3322 multis
1115 3259 1191 3322 aliis
1210 3261 1243 3322 in
1264 3258 1394 3334 Verbo,

267 3360 405 3442 agnitor
435 3368 579 3422 naturae
609 3368 645 3423 et
680 3357 882 3440 prudentiae
905 3356 1077 3420 humanae
1109 3377 1177 3419 non
1209 3358 1305 3422 videt
1331 3359 1396 3421 nisi

267 3475 369 3540 quam
385 3457 559 3519 contraria
576 3455 722 3517 Divinae
739 3453 1001 3516 Providentiae:
1026 3474 1131 3536 quare
1148 3452 1215 3515 illis
1235 3464 1272 3516 ut
1292 3473 1394 3535 argu·

268 3553 395 3616 mentis
415 3562 534 3634 potest
551 3553 600 3614 uti
617 3551 660 3614 ad
681 3549 878 3631 negandum
899 3547 1005 3623 illam,
1027 3551 1053 3611 si
1074 3568 1142 3611 non
1165 3549 1200 3611 in
1220 3550 1396 3614 exteriore

266 3669 328 3712 sua
346 3649 572 3731 cogitatione,
590 3667 677 3730 quae
697 3657 750 3709 est
768 3645 927 3727 proxima
943 3643 1111 3727 loquelae,
1129 3666 1235 3728 usque
1254 3645 1287 3708 in
1307 3646 1395 3709 inte·

266 3745 354 3808 tiore
374 3764 460 3828 quae
479 3753 614 3807 remota
633 3751 687 3806 est
706 3761 727 3804 a
747 3739 894 3822 loquela.

331 3851 424 3921 237.
454 3835 576 3901 Omnis
592 3837 705 3900 cultor
728 3835 778 3898 sui
801 3843 837 3898 et
859 3833 973 3897 cultor
991 3844 1136 3900 naturae
1155 3845 1279 3899 contra
1298 3834 1395 3898 Divi·

268 3953 347 3998 nam
371 3933 627 3997 Providentiam
650 3951 688 3993 se
713 3928 890 4005 confimat,
911 3949 989 3993 cum
1011 3931 1046 3994 in
1070 3931 1199 3994 mundo
1223 3930 1317 3993 videt
1341 3939 1397 3995 tot

267 4031 401 4113 impios,
428 4038 463 4092 et
497 4037 552 4092 tot
582 4027 718 4090 illorum
750 4025 961 4108 impietates,
985 4036 1022 4090 et
1053 4024 1152 4088 simul
1179 4026 1395 4108 quorundam

267 4125 494 4208 gloriationes
507 4143 551 4186 ex
564 4123 644 4196 illis,
656 4132 691 4185 et
706 4142 811 4204 usque
824 4140 893 4184 non
905 4119 1038 4203 aliquas
1050 4119 1185 4183 illorum
1200 4121 1397 4202 punitiones

267 4232 451 4305 propterea
467 4242 487 4284 a
503 4219 590 4284 Deo.
637 4217 685 4281 Et
702 4219 812 4300 magis
829 4227 952 4281 contra
965 4216 1124 4280 Divinam
1140 4217 1396 4281 Providentiam

266 4339 305 4382 se
334 4315 528 4392 confirmat,
553 4333 630 4379 curn
658 4313 754 4377 videt
779 4314 871 4396 quod
894 4314 1083 4378 succedant
1109 4312 1396 4390 machinationes,

267 4414 413 4478 astutiae
440 4421 476 4477 et
506 4411 587 4486 doli,
616 4411 722 4474 etiarn
750 4419 873 4474 contra
899 4411 985 4492 pios,
1011 4407 1121 4490 justos
1152 4418 1187 4472 et
1220 4409 1396 4472 sinceros:

267 4519 303 4574 et
336 4509 428 4593 quod
462 4507 630 4588 injustitia
664 4505 842 4588 trumphet
871 4526 973 4588 super
1000 4504 1168 4587 justitiam
1203 4504 1237 4567 in
1263 4501 1398 4584 judiciis

268 4617 304 4671 et
327 4607 361 4670 in
381 4605 542 4688 negotiis.
589 4603 762 4687 Imprimis
784 4623 822 4667 se
845 4600 1037 4676 confirmat,
1058 4618 1134 4664 cum
1155 4600 1250 4663 videt
1274 4600 1398 4681 impios

267 4703 310 4764 ad
343 4703 492 4766 honores
522 4699 633 4776 evehi,
658 4718 697 4762 ac
728 4697 800 4762 heri
824 4707 1007 4779 magnates
1038 4707 1074 4761 et
1104 4696 1287 4780 primates:
1323 4706 1397 4760 tum
