3424 5368
500 671 553 724 ue
575 671 712 724 nunus
735 672 1092 726 Pnovmeurra-u.
1110 676 1182 724 222.
1346 659 1406 742 ¹⁶3

275 963 395 1048 QUOD
440 976 554 1032 HOMO
594 977 675 1031 NON
720 978 902 1031 INTERIUS
935 978 1183 1030 IMMITTATUR
1224 977 1265 1030 IN
1302 977 1407 1028 VERA

408 1073 525 1136 FIDEI,
550 1074 598 1124 ET
629 1074 671 1124 IN
698 1074 803 1125 BONA
833 1073 1079 1137 citaremus,
1107 1074 1184 1125 NISI
1214 1073 1405 1137 QUANTUM

408 1169 450 1220 IN
473 1167 572 1219 ILLIS
590 1168 733 1219 POTEST
751 1168 896 1219 TENERI
916 1169 1037 1232 USQUE
1055 1170 1108 1220 AD
1132 1168 1253 1219 FINEM
1276 1168 1403 1219 VITAE.

343 1367 434 1420 ποι.
467 1353 508 1418 In
532 1351 730 1418 Christiano
760 1351 842 1417 orbe
869 1363 991 1416 notum
1024 1362 1090 1429 est,
1117 1352 1208 1435 quod
1236 1351 1407 1416 Dominus

277 1448 365 1514 velit
388 1449 538 1514 omniurn
562 1447 722 1523 salutem,
739 1457 775 1512 et
798 1468 933 1530 quoque
963 1449 1055 1531 quod
1086 1448 1303 1531 omnipotens
1336 1448 1407 1524 sit;

280 1564 385 1628 quare
405 1543 503 1607 multi
523 1564 569 1607 ex
585 1564 627 1606 eo
651 1542 874 1618 concludunt,
892 1544 983 1626 quod
1003 1542 1277 1625 unumquemque
1296 1542 1407 1624 possit

280 1640 425 1714 salvare,
443 1648 480 1702 et
502 1639 594 1722 quod
618 1638 696 1701 illos
716 1637 829 1702 salvet
850 1637 906 1720 qui
929 1638 1116 1721 implorant
1136 1638 1407 1702 misericordiam

282 1737 413 1819 ipsius;
447 1735 612 1817 imprimis
641 1734 690 1797 illi
721 1735 778 1816 qui
806 1733 994 1816 implorant
1021 1734 1116 1797 illam
1143 1754 1204 1815 per
1225 1733 1406 1796 formulam

281 1832 359 1895 fidei
382 1840 556 1912 receptae,
574 1841 611 1894 ut
636 1829 731 1893 Deus
756 1829 858 1892 Pater
878 1831 1081 1892 misereatur
1109 1838 1251 1911 propter
1269 1828 1405 1903 Filium,

280 1927 445 2010 imprimis
480 1927 509 1989 si
539 1925 638 1989 simul
671 1924 860 2008 implorant
896 1932 931 1986 ut
968 1921 1070 1987 fidem
1101 1924 1196 1987 illam
1229 1925 1409 2006 recipiant.

281 2022 350 2088 Sed
378 2022 469 2106 quod
497 2041 634 2105 prorsus
664 2020 764 2084 aliter
791 2021 845 2096 sit,
866 2020 1038 2083 videbitur
1060 2022 1094 2083 in
1118 2019 1264 2085 articulo
1287 2020 1409 2084 ultimo

280 2118 377 2200 hujus
401 2114 655 2193 transadtionis,
681 2117 738 2181 ubi
774 2115 1007 2198 explicabitur
1029 2116 1121 2200 quod
1145 2116 1314 2180 Dominus
1337 2136 1406 2181 non

282 2215 390 2296 possit
407 2233 511 2295 agere
530 2223 653 2277 contra
676 2212 773 2295 leges
793 2210 939 2275 Divinae
955 2233 1038 2276 suae
1063 2212 1311 2287 Providentiae,
1328 2215 1409 2296 quia

281 2329 385 2392 agere
408 2319 531 2372 contra
550 2309 637 2384 illas,
658 2308 747 2372 soret
772 2328 876 2388 agere
900 2321 1023 2373 contra
1054 2309 1215 2372 Divinum
1239 2308 1408 2374 Amorem

282 2424 379 2468 suum
402 2412 437 2467 et
455 2413 579 2467 contra
601 2403 761 2468 Divinam
787 2403 998 2489 Sapientiam
1018 2425 1126 2480 suam,
1146 2407 1195 2469 ita
1218 2416 1340 2470 contra
1363 2405 1408 2470 Se

283 2499 420 2581 lpsum;
451 2499 507 2562 ubi
530 2499 711 2575 videbitur,
733 2502 825 2584 quod
853 2503 933 2566 talis
956 2503 1153 2567 immediata
1176 2502 1411 2567 misericordia

284 2615 352 2658 non
371 2594 494 2657 dabilis
513 2596 569 2671 sit,
583 2597 662 2678 quia
681 2597 827 2663 salvatio
844 2599 993 2662 hominis
1009 2598 1046 2662 fit
1064 2619 1123 2681 per
1142 2599 1265 2673 media,
1286 2619 1408 2662 secun·

283 2691 364 2753 dum
388 2711 474 2772 quae
504 2691 627 2755 ducere
655 2692 829 2758 hominem
857 2715 927 2758 non
957 2704 1075 2778 potest
1102 2695 1188 2758 alius
1215 2714 1316 2776 quam
1352 2695 1410 2777 qui

283 2785 358 2850 vult
374 2787 526 2849 omniurn
545 2785 706 2864 salutem,
727 2799 763 2853 et
782 2790 883 2853 simul
899 2791 1121 2873 omnipotens
1140 2799 1205 2866 est,
1222 2791 1269 2853 ita
1288 2789 1409 2854 Domi-

284 2900 356 2943 nus.
403 2879 518 2944 Media
540 2902 601 2964 per
619 2903 706 2967 quae
725 2882 831 2949 homo
849 2906 869 2949 a
886 2885 1038 2951 Domino
1056 2885 1199 2961 ducitur,
1219 2895 1299 2949 sunt
1322 2906 1411 2968 quae

284 2985 452 3040 vocantur
483 2976 579 3060 leges
609 2978 755 3044 Divinae
781 2980 1045 3059 Providentiae3
1083 2982 1174 3044 inter
1196 3000 1280 3063 quas
1303 2981 1409 3043 etiam

284 3083 339 3137 est
361 3071 460 3147 haec,
477 3074 570 3156 quod
590 3074 695 3139 homo
714 3078 749 3139 in
766 3098 847 3141 vera
863 3079 1056 3159 sapientiae
1073 3086 1109 3140 et
1125 3077 1159 3140 in
1176 3075 1268 3139 bona
1284 3077 1411 3139 amoris

284 3188 353 3232 non
369 3168 512 3232 interius
531 3169 749 3248 immittatur,
764 3174 827 3235 nisi
846 3181 1010 3256 quantum
1027 3173 1061 3234 in
1078 3170 1144 3234 illis
1163 3179 1282 3254 potest
1298 3171 1410 3234 teneri

283 3282 390 3345 nsque
413 3263 457 3326 ad
479 3262 582 3327 finem
602 3267 705 3329 vitae.
751 3265 819 3331 Sed
838 3279 876 3331 ut
899 3268 966 3331 hoc
986 3284 1102 3331 coram
1121 3266 1252 3330 ratione
1275 3274 1409 3348 pateat,

283 3356 530 3440 explicandum
548 3370 602 3424 est
621 3361 654 3423 in
670 3361 737 3425 hoc
756 3363 876 3426 ordine
887 3384 940 3426 :—

465 3507 508 3576 (i.)
535 3509 621 3578 Quod
632 3508 715 3564 homo
726 3513 853 3564 immitti
859 3513 954 3581 posset
967 3514 1000 3565 in
1014 3512 1190 3582 sapentiam
1206 3527 1306 3564 renem
1317 3513 1408 3580 speti-

604 3581 732 3634 tualr'um
753 3588 781 3636 et
801 3599 910 3652 quoque
928 3586 960 3636 ἐκ
975 3599 1103 3637 amorem
1125 3581 1257 3644 illarum,
1275 3587 1305 3636 et
1322 3598 1410 3650 usque

602 3667 659 3704 non
670 3653 841 3722 reformari.

457 3719 511 3790 (ii.)
538 3721 624 3792 Quod
634 3725 664 3776 si
678 3721 760 3777 homo
766 3727 867 3794 postea
878 3725 915 3779 ab
929 3725 991 3780 illes
1001 3726 1116 3789 recedit,
1132 3731 1160 3779 et
1174 3726 1207 3780 in
1224 3726 1408 3780 contrariam

604 3793 673 3854 abit,
680 3796 824 3866 profanet
835 3797 942 3851 sanila.

442 3859 507 3930 (iii.)
534 3863 620 3933 Quod
629 3864 723 3934 plura
732 3883 844 3937 genera
852 3869 1100 3938 profanationem
1117 3870 1187 3930 sint,
1203 3868 1254 3921 sed
1269 3867 1347 3936 quod
1357 3864 1410 3920 hoc

597 3951 693 4005 genus
706 3941 835 3991 omnium
843 3941 1002 4008 pessimum
1023 3941 1071 3994 sit.

442 4001 507 4074 (lv.)
535 4005 623 4077 Quod
640 4007 702 4061 ideo
719 4009 865 4063 Dominus
882 4027 939 4064 non
956 4012 1083 4064 interius
1101 4013 1246 4064 riremittat
1264 4007 1408 4064 komimm

600 4079 633 4130 in
651 4095 722 4132 vera
737 4083 901 4206 segeintiae
913 4086 942 4134 et
957 4082 1050 4136 se'mul
1064 4083 1096 4134 in
1119 4081 1190 4136 Mna
1210 4083 1329 4142 amoris,
1349 4083 1413 4135 nesi

600 4155 743 4275 qeetczntum
790 4167 836 4207 mo
846 4155 880 4206 in
891 4153 954 4206 illis
959 4157 1055 4224 potest
1064 4153 1163 4207 teneri
1171 4169 1260 4222 usqne
1270 4152 1315 4206 ad
1314 4152 1409 4222 finem

600 4237 633 4274 vt
647 4238 690 4277 ae.

349 4397 439 4450 m.
471 4383 523 4469 (i.)
550 4385 649 4465 Quod
655 4387 751 4453 homo
762 4389 904 4454 immitti
911 4389 1023 4471 possit
1033 4389 1069 4452 in
1081 4388 1282 4470 sapientiam
1294 4409 1409 4452 rerum

264 4478 528 4560 ..spiritualium,
558 4492 592 4545 et
617 4505 743 4568 quoque
763 4486 798 4550 in
821 4507 968 4550 amorem
993 4485 1143 4559 illarum,
1166 4495 1198 4548 et
1222 4505 1325 4567 usque
1344 4504 1409 4546 non

283 4573 633 4653 reformari-Causa
651 4590 717 4657 est,
738 4582 815 4663 quia
834 4582 962 4645 homini
981 4579 1198 4644 rationalitas
1214 4589 1250 4644 et
1266 4578 1409 4642 libertas

283 4679 351 4745 est,
372 4690 432 4752 per
447 4672 719 4739 rationalitatem
736 4686 854 4759 potest
871 4676 997 4741 elevari
1016 4677 1049 4738 in
1068 4675 1274 4759 sapientiam
1297 4693 1407 4757 paene
