3268 5380
378 711 438 776 106
732 725 933 776 SAPIENTIA
957 726 1153 776 lunatica

374 894 430 958 Fit
446 897 584 977 quidem
599 895 804 958 illuminatio
820 895 864 957 ab
882 896 1035 958 interiori
1054 917 1099 958 ex
1116 895 1191 959 luce
1208 897 1375 978 graduum
1393 917 1492 978 supe-

372 987 517 1064 riorum;
541 997 577 1050 at
593 987 652 1049 illa
671 1007 691 1049 a
710 987 818 1068 gradu
834 987 991 1061 naturali,
1010 989 1065 1070 qui
1082 988 1300 1068 circumtegit
1317 1000 1352 1051 et
1373 991 1491 1060 ambit,

372 1080 534 1160 recipitur
557 1099 618 1161 per
640 1079 850 1150 continuum,
869 1079 917 1142 ita
941 1079 1084 1152 lucidius
1108 1089 1143 1143 et
1168 1081 1280 1159 purius
1304 1082 1491 1142 secundum

372 1189 551 1234 ascensum
567 1191 574 1248 ;
594 1169 659 1233 hoc
676 1180 741 1244 est,
752 1171 876 1251 gradus
890 1170 1056 1234 naturalis
1069 1170 1260 1234 illustratur
1271 1172 1315 1233 ab
1329 1173 1491 1235 interiore

372 1282 417 1324 ex
437 1262 511 1324 luce
530 1263 697 1343 graduum
718 1263 928 1343 superiorum
949 1262 1109 1335 discrete,
1128 1263 1188 1325 sed
1209 1264 1242 1325 in
1262 1284 1300 1325 se
1317 1266 1492 1326 continue.

372 1351 428 1416 Ex
446 1352 497 1415 his
514 1364 623 1436 patet,
637 1354 727 1436 quod
740 1353 854 1428 hom0,
868 1354 1029 1436 quamdiu
1042 1355 1075 1417 in
1089 1355 1217 1417 mundo
1229 1357 1324 1428 vivit,
1339 1365 1375 1418 et
1390 1376 1449 1436 per
1459 1357 1491 1417 id

371 1447 403 1507 in
416 1446 561 1508 naturali
574 1446 682 1527 gradu
695 1454 759 1520 est,
769 1465 837 1508 non
852 1447 960 1526 possit
973 1446 1100 1510 elevari
1112 1448 1144 1509 in
1155 1449 1264 1528 ipsam
1275 1449 1490 1528 sapientiam,

372 1537 480 1618 qualis
496 1536 556 1599 illa
572 1547 626 1600 est
638 1538 728 1617 apud
742 1537 897 1618 angelos,
912 1538 972 1600 sed
991 1538 1095 1600 modo
1111 1540 1144 1602 in
1159 1539 1269 1600 lucem
1282 1541 1490 1619 superiorem

372 1627 543 1710 usquead
572 1629 726 1708 angelos,
751 1650 790 1691 ac
814 1631 965 1711 recipere
992 1629 1260 1692 illustrationem
1284 1632 1327 1692 ab
1355 1631 1490 1692 illorum

371 1720 457 1792 luce,
476 1740 563 1801 quae
579 1721 623 1782 ab
641 1722 794 1784 interiori
810 1721 919 1784 influit
940 1741 978 1784 ac
999 1721 1180 1784 illuminat.
1229 1721 1296 1784 Sed
1316 1720 1401 1784 haec
1422 1742 1490 1783 non

371 1821 516 1893 possunt
530 1812 639 1874 adhuc
653 1812 777 1875 clarius
791 1814 937 1875 describi
953 1834 960 1889 ;
981 1823 1099 1894 potest
1113 1813 1233 1876 melius
1246 1813 1489 1894 comprehendi
1599 1885 1600 1898 ,

371 1902 415 1965 ab
427 1901 611 1976 effectibus,
627 1923 704 1966 nam
718 1903 856 1967 effedtus
869 1915 1002 1985 ponunt
1016 1923 1148 1979 causas
1163 1906 1242 1967 dum
1260 1905 1323 1967 hae
1335 1904 1488 1986 aliquan·
1599 1925 1600 1944 ¹

370 2003 443 2057 tum
461 1995 551 2074 prius
568 1991 730 2070 sciuntur,
750 1997 783 2058 in
800 2015 836 2058 se
853 1997 886 2058 in
906 1997 991 2070 luce,
1009 2005 1045 2058 et
1063 1997 1110 2059 sic
1131 1995 1315 2058 illustrant.

434 2109 526 2177 257·
557 2095 706 2160 Effectus
729 2109 830 2160 sunt:
863 2095 923 2178 (ι.)
949 2095 1050 2177 Quod
1075 2118 1171 2160 mens
1195 2098 1356 2160 naturalis
1380 2101 1490 2178 possit

372 2209 475 2270 usque
495 2189 536 2250 ad
561 2189 671 2252 lucem
691 2190 787 2264 caeli,
806 2191 838 2251 in
855 2210 921 2270 qua
937 2200 1016 2252 sunt
1034 2189 1159 2271 angeli,
1176 2189 1312 2262 elevari,
1330 2210 1368 2251 ac
1389 2200 1488 2252 natu·

371 2279 487 2342 taliter
517 2283 692 2362 percipere
722 2302 809 2363 quae
838 2281 954 2362 angeli
973 2282 1206 2361 spiritualiter,
1238 2283 1286 2343 ita
1320 2301 1389 2344 non
1419 2291 1489 2344 tam
1599 2295 1600 2368 g

371 2371 491 2453 plene;
516 2373 576 2434 sed
597 2393 702 2454 usque
725 2393 794 2435 non
813 2383 931 2454 potest
950 2392 1046 2435 mens
1066 2373 1232 2437 naturalis
1250 2373 1399 2436 hominis
1418 2374 1486 2436 ele·

370 2466 440 2525 vari
471 2465 504 2525 in
535 2465 644 2544 ipsam
676 2464 786 2527 lucem
814 2464 1018 2545 angelicam.
1066 2463 1127 2546 (2.)
1165 2464 1266 2546 Quod
1295 2465 1401 2527 homo
1430 2485 1489 2546 per
1599 2487 1600 2514 t

372 2558 563 2621 naturalem
587 2579 683 2620 suam
708 2569 859 2622 mentem
882 2559 1054 2622 elevatam
1084 2561 1127 2621 ad
1160 2560 1269 2622 lucem
1294 2560 1382 2623 caeli
1412 2579 1488 2622 cum
1599 2589 1600 2642 f

370 2652 503 2730 angelis
520 2652 629 2731 possit
647 2653 811 2730 cogitare,
830 2653 935 2714 immo
952 2651 1063 2732 loqui;
1088 2653 1148 2714 sed
1167 2662 1248 2714 tunc
1266 2651 1376 2714 influit
1392 2653 1485 2732 cogi-

371 2743 459 2804 tatio
483 2752 519 2804 et
543 2743 679 2824 loquela
698 2743 899 2824 angelorum
924 2745 956 2804 in
981 2745 1231 2823 cogitationem
1255 2754 1290 2805 et
1315 2743 1484 2824 loquelam

371 2833 562 2895 naturalem
586 2835 744 2908 hominis,
769 2843 804 2896 et
834 2854 902 2896 non
933 2835 1101 2912 vicissim;
1136 2855 1238 2916 quare
1264 2835 1380 2916 angeli
1410 2853 1486 2896 cum

370 2925 506 2988 homine
527 2925 711 3007 loquuntur
735 2927 852 3006 lingua
872 2926 1031 3000 naturali,
1053 2947 1138 3008 quae
1163 2937 1216 2989 est
1239 2927 1387 2988 hominis
1410 2946 1485 2988 ver-

370 3016 501 3079 nacula.
555 3016 616 3099 (3.)
649 3016 751 3097 Quod
774 3017 838 3080 hoc
862 3016 922 3080 fiat
946 3038 1005 3098 per
1028 3019 1192 3081 influxum
1216 3018 1428 3100 spiritualem
1452 3019 1487 3079 in

371 3109 574 3183 naturalem,
604 3119 639 3173 et
668 3130 736 3172 non
767 3130 826 3191 per
856 3109 1003 3192 aliquem
1034 3109 1198 3172 influxum
1227 3109 1420 3172 naturalem
1451 3111 1484 3170 in

370 3201 594 3283 spiritualem.
636 3200 697 3285 (4.)
723 3200 825 3281 Quod
844 3203 1014 3283 sapientia
1030 3201 1189 3272 humana,
1207 3220 1294 3283 quae
1311 3211 1365 3264 est
1385 3211 1482 3264 natu-

368 3297 448 3359 ralis
471 3299 631 3380 quamdiu
658 3297 763 3359 homo
792 3297 825 3358 in
856 3297 983 3357 mundo
1007 3296 1153 3358 naturali
1171 3297 1268 3364 vivit,
1289 3296 1485 3358 nullatenus

369 3390 478 3469 possit
495 3389 621 3452 elevari
637 3389 670 3450 in
687 3389 890 3469 sapientiam
907 3386 1109 3466 angelicam,
1124 3387 1185 3449 sed
1201 3389 1305 3450 modo
1324 3388 1357 3450 in
1377 3408 1483 3470 quan-

369 3481 448 3542 dam
466 3482 650 3560 imaginem
667 3479 757 3559 ejus;
782 3488 965 3550 causaest,
982 3479 1060 3559 quia
1076 3476 1225 3541 elevatio
1241 3481 1367 3541 mentis
1384 3491 1482 3543 natu·

369 3571 449 3633 ralis
473 3571 509 3633 fit
534 3592 594 3651 per
613 3573 823 3643 continuum,
844 3571 932 3632 sicut
955 3569 999 3631 ab
1022 3570 1140 3632 umbra
1163 3571 1206 3631 ad
1231 3570 1353 3644 lucem,
1375 3591 1434 3634 seu
1464 3591 1482 3633 a

369 3665 525 3724 crassiori
554 3663 596 3724 ad
620 3661 742 3743 purius.
792 3661 842 3723 At
867 3681 972 3742 usque
992 3660 1105 3732 hom0,
1128 3661 1216 3741 apud
1237 3681 1337 3744 quem
1357 3662 1483 3743 gradus

369 3753 555 3834 spiritualis
574 3763 712 3833 apertus
736 3761 801 3824 est,
819 3753 851 3813 in
877 3752 969 3815 illam
994 3753 1197 3833 sapientiam
1219 3755 1314 3815 venit
1346 3755 1482 3834 quando

370 3847 523 3917 moritur,
543 3855 578 3906 et
603 3864 735 3925 quoque
759 3843 904 3905 inillam
926 3845 1040 3906 venire
1059 3852 1176 3924 potest
1197 3865 1256 3924 per
1276 3846 1480 3924 sopitionem

368 3939 604 4000 sensationum
624 3936 785 4014 corporis,
807 3945 842 3996 et
862 3945 943 3997 tunc
963 3955 1022 4015 per
1040 3934 1203 3997 influxum
1224 3957 1242 3998 e
1265 3938 1426 4016 superiori
1450 3940 1482 3998 in

368 4035 493 4096 mentis
510 4031 607 4111 hujus
623 4029 820 4110 spiritualia.
853 4028 913 4110 (5.)
946 4029 1044 4092 Mens
1058 4031 1221 4093 naturalis
1237 4031 1384 4094 hominis
1401 4052 1481 4094 con-

368 4127 459 4189 sistit
478 4146 524 4187 ex
548 4123 749 4184 substantiis
769 4122 1010 4201 spiritualibus,
1030 4134 1065 4185 et
1089 4123 1188 4184 simul
1213 4145 1257 4185 ex
1282 4126 1486 4185 substantiis

368 4217 599 4280 naturalibus:
624 4235 670 4275 ex
689 4212 890 4274 substantiis
909 4212 980 4292 ejus
999 4215 1226 4294 spiritualibus
1246 4214 1283 4278 fit
1303 4217 1479 4296 cogitatio,

368 4329 435 4371 non
466 4318 583 4370 autem
613 4327 657 4367 ex
688 4305 889 4367 substantiis
913 4306 1142 4382 naturalibus;
1177 4307 1241 4368 hae
1269 4307 1483 4369 substantiae

366 4401 531 4464 recedunt
556 4417 631 4460 cum
656 4398 760 4460 homo
784 4399 934 4469 moritur,
956 4417 1023 4458 non
1047 4407 1161 4459 autern
1182 4399 1395 4460 substantiae
1415 4400 1481 4479 spi-

367 4490 524 4564 rituales;
549 4510 652 4571 quare
671 4489 791 4551 eadem
812 4488 870 4549 illa
889 4509 985 4550 mens
1005 4499 1082 4568 post
1103 4499 1258 4562 mortem,
1279 4489 1357 4550 dum
1378 4490 1487 4552 homo

368 4582 405 4644 lit
429 4583 563 4661 spiritus
582 4601 641 4642 seu
661 4581 814 4660 angelus,
836 4582 866 4641 in
891 4580 990 4642 simili
1015 4581 1119 4642 forma
1138 4591 1253 4642 manet
1278 4582 1308 4641 in
1334 4602 1399 4661 qua
1423 4581 1482 4643 suit

367 4675 399 4736 in
420 4673 556 4734 mundo.
603 4671 665 4754 (6.)
697 4671 914 4735 Substantiae
934 4672 1022 4734 illius
1039 4673 1162 4734 mentis
1183 4673 1365 4746 naturales,
1384 4693 1485 4755 quae.

411 4784 424 4848 l
