3352 5374
343 707 383 772 94
699 699 899 750 SAPIENTIA
924 699 1116 749 ANGELICA

393 873 536 921 “Florebit
555 873 581 920 in
601 873 643 920 die
665 869 755 933 Ipsius
777 870 874 933 justus,
892 879 919 919 et
938 869 1022 919 multa
1040 834 1093 933 pax
1114 869 1280 934 usquedum
1303 883 1357 918 non
1377 865 1470 918 luna''

474 939 583 998 (Psalm.
597 938 670 986 lxxii.
684 940 710 998 7)
722 951 728 994 ;

342 1065 407 1128 hoc
428 1066 531 1128 etiam
552 1064 594 1126 de
614 1062 773 1125 Domino.

406 1173 502 1241 234·
533 1157 634 1241 Quod
655 1158 822 1222 Dominus
838 1159 882 1221 ab
898 1169 1051 1236 aeterno,
1066 1179 1125 1222 seu
1140 1157 1306 1240 Jehovah,
1325 1159 1467 1223 tertium

342 1253 436 1315 illum
456 1252 599 1334 gradum
620 1272 680 1334 per
697 1251 968 1334 assumptionem
988 1251 1137 1314 Humani
1152 1252 1186 1314 in
1203 1248 1331 1314 mundo
1347 1271 1466 1334 super-

341 1345 499 1418 induerit,
524 1353 597 1406 erat
621 1365 666 1406 ex
690 1364 804 1418 causa,
825 1345 904 1426 quia
927 1345 961 1406 in
985 1338 1079 1407 illum
1108 1364 1175 1406 non
1202 1343 1316 1426 potuit
1340 1344 1468 1407 intrare

343 1439 404 1500 nisi
415 1456 515 1520 quam
528 1457 588 1519 per
597 1446 755 1499 naturam
766 1436 910 1516 similem
922 1447 1064 1499 naturae
1075 1436 1256 1511 humanae,
1265 1437 1313 1500 ita
1324 1455 1392 1498 non
1403 1437 1467 1498 nisi

342 1551 442 1614 quam
461 1551 520 1612 per
537 1531 800 1613 conceptionem
818 1551 838 1593 a
854 1530 980 1594 Divino
999 1552 1071 1605 suo,
1085 1541 1120 1593 et
1138 1552 1197 1613 per
1213 1531 1432 1594 nativitatem
1445 1551 1465 1591 a

342 1625 495 1706 virgine3
519 1625 567 1686 sic
591 1624 681 1686 enim
706 1624 817 1705 potuit
838 1632 1004 1697 naturam,
1026 1644 1110 1706 quae
1130 1626 1163 1686 in
1183 1643 1219 1686 se
1239 1633 1292 1686 est
1317 1632 1463 1698 mortua,

341 1728 378 1779 et
395 1735 500 1798 usque
516 1715 772 1798 receptaculum
786 1714 911 1789 Divini,
926 1736 1063 1790 exuere,
1081 1735 1120 1779 ac
1138 1715 1298 1778 Divinum
1315 1715 1466 1777 induere.

349 1808 425 1872 Hoc
443 1808 650 1890 intelligitur
662 1828 722 1891 per
734 1808 833 1871 binos
849 1817 962 1871 status
977 1808 1113 1871 Domini
1130 1810 1162 1871 in
1179 1808 1318 1882 mundo,
1332 1808 1388 1890 qui
1403 1827 1465 1870 vo·

342 1911 465 1964 cantur
480 1911 594 1964 status
610 1901 856 1963 exinanitionis
873 1911 908 1964 et
925 1910 1038 1964 status
1051 1900 1320 1982 glorificationiS,
1334 1899 1378 1962 de
1390 1900 1465 1981 qui-

343 1994 405 2056 bus
421 1995 454 2056 in
467 1992 632 2056 Dotirina
644 1991 760 2055 Novae
774 1991 1026 2074 Hz'erosoirmae
1039 1993 1080 2055 de
1094 1993 1234 2056 Domino
1249 1990 1361 2055 astum
1378 2001 1443 2055 est.

405 2100 502 2168 235·
533 2085 631 2150 Haec
651 2086 694 2148 de
717 2086 843 2168 triplici
867 2106 1011 2149 ascensu
1034 2087 1200 2168 graduum
1220 2086 1412 2149 altitudinis
1431 2086 1464 2148 in

340 2199 468 2260 genere
488 2177 580 2242 dicta
598 2188 700 2256 sunt;
725 2179 785 2242 sed
805 2179 884 2261 quia
902 2178 950 2241 illi
969 2180 1095 2261 gradus
1115 2179 1239 2242 dantur
1255 2180 1288 2240 in
1305 2178 1466 2240 maximis

338 2281 378 2334 et
397 2272 555 2346 minimis,
574 2281 611 2334 ut
630 2272 664 2335 in
685 2291 767 2334 mox
788 2270 1018 2352 praecedente
1033 2271 1179 2335 articulo
1195 2267 1321 2334 dictum
1338 2281 1404 2344 est,
1422 2270 1466 2331 de

340 2364 408 2426 illis
427 2384 495 2427 non
516 2374 633 2447 potest
649 2363 703 2428 hic
720 2363 847 2446 aliquid
863 2364 897 2425 in
914 2365 1028 2446 specie
1045 2364 1129 2426 dici:
1155 2363 1265 2426 solum
1281 2362 1359 2437 hoc,
1373 2363 1466 2444 quod

342 2457 430 2520 tales
446 2457 573 2538 gradus
596 2457 629 2519 in
654 2456 812 2520 omnibus
831 2464 867 2519 et
891 2457 1034 2538 singulis
1058 2456 1193 2528 amoris,
1214 2466 1249 2519 et
1273 2455 1352 2520 inde
1375 2454 1467 2518 tales

341 2550 468 2631 gradus
488 2552 521 2613 in
541 2549 699 2612 omnibus
721 2559 758 2612 et
782 2549 925 2630 singulis
948 2549 1148 2631 sapientiae,
1169 2561 1204 2612 et
1224 2570 1269 2611 ex
1289 2547 1356 2611 illis
1376 2548 1467 2612 tales

341 2641 468 2722 gradus
485 2643 518 2704 in
534 2642 691 2704 omnibus
707 2651 743 2705 et
759 2642 903 2725 singulis
919 2661 1038 2705 usuum
1052 2643 1142 2718 sint;
1162 2641 1224 2704 sed
1240 2642 1331 2724 quod
1344 2660 1465 2705 omnes

342 2733 390 2796 illi
410 2735 443 2798 in
465 2734 615 2798 Domino
638 2735 707 2798 sint
730 2733 864 2810 infiniti,
884 2735 919 2798 in
939 2734 1065 2816 angelo
1083 2745 1199 2797 autem
1219 2745 1254 2798 et
1274 2735 1307 2798 in
1327 2733 1465 2797 homine

342 2824 438 2889 finiti.
485 2825 536 2889 At
550 2827 723 2909 quomodo
740 2827 866 2909 gradus
882 2825 931 2890 illi
950 2828 1075 2890 suntin
1092 2846 1220 2901 amore,
1232 2827 1266 2890 in
1282 2827 1464 2908 sapientia,

340 2927 378 2981 et
397 2918 431 2981 in
451 2918 577 2994 usibus,
597 2937 666 2983 non
686 2926 804 3000 potest
821 2918 968 2982 describi
987 2928 1022 2983 et
1042 2918 1155 2983 evolvi
1174 2919 1236 2982 nisi
1254 2919 1289 2982 in
1308 2919 1406 2984 serie.

343 3203 457 3290 Quou
480 3220 576 3272 runs
598 3221 678 3272 nur
700 3219 855 3272 cunnus
877 3218 1128 3271 nurtruuuus
1156 3218 1199 3270 1u
1229 3217 1368 3283 QUOv1s
1391 3216 1462 3270 uo·

469 3313 567 3363 unte
597 3314 623 3363 A
653 3311 893 3365 uarwmara
914 3310 1013 3373 surr,
1039 3310 1087 3361 ΕΤ
1113 3309 1219 3376 ouon
1241 3309 1464 3362 succussus

470 3405 628 3456 Possmr
650 3405 817 3466 usuum,
843 3403 892 3454 ar
925 3403 1030 3469 ouon
1064 3402 1173 3454 s1cu‘r
1203 3402 1462 3464 asumuntur,

470 3497 582 3548 nouo
606 3497 647 3548 tu
671 3483 832 3548 Doutuo
854 3496 923 3558 s1r,
948 3482 1377 3548 er0u1nus1u1uu0.

404 3657 503 3740 236.
535 3655 636 3740 Quod
663 3667 732 3722 tres
756 3659 883 3741 gradus
907 3657 1101 3723 altitudinis
1124 3657 1157 3719 in
1182 3656 1302 3739 quovis
1324 3655 1462 3719 homine

340 3752 422 3826 sint,
447 3747 615 3814 haetenus
637 3770 707 3814 non
731 3751 902 3814 innotuit:
948 3759 1139 3823 causaest,
1164 3749 1243 3830 quia
1264 3747 1313 3811 illi
1337 3747 1462 3828 gradus

341 3862 409 3907 non
426 3842 558 3924 cogniti
576 3841 731 3920 luerunt;
753 3853 789 3907 et
806 3841 966 3926 quamdiu
983 3840 1032 3904 illi
1047 3842 1175 3923 gradus
1192 3840 1378 3914 latuerunt,
1393 3857 1461 3902 non

340 3944 485 4018 possunt
509 3934 565 3998 alii
589 3935 716 4018 gradus
739 3935 827 4010 sciri,
847 3954 948 4017 quam
970 3934 1096 4016 gradus
1117 3934 1294 4010 continui;
1325 3942 1362 3996 et
1385 3949 1461 3995 cum

339 4027 374 4092 hi
397 4027 524 4109 gradus
543 4026 653 4091 solum
674 4029 837 4102 sciuntur,
858 4027 951 4090 credi
975 4035 1094 4108 potest
1118 4026 1209 4108 quod
1228 4044 1325 4088 amor
1347 4033 1383 4087 et
1406 4042 1460 4086 sa·

339 4119 470 4202 pientia
486 4119 575 4201 apud
593 4117 767 4183 hominem
786 4119 891 4182 modo
903 4138 963 4200 per
980 4118 1179 4182 continuum
1195 4125 1365 4180 crescant.
1410 4114 1461 4180 At

338 4212 516 4276 sciendum
537 4221 601 4286 est,
622 4212 713 4294 quod
733 4211 824 4294 apud
844 4211 1104 4293 unumquemvis
1124 4210 1298 4273 hominem
1320 4229 1340 4273 a
1370 4208 1459 4271 nati·

337 4305 449 4368 vitate
469 4315 540 4367 tres
560 4303 688 4386 gradus
705 4303 899 4366 altitudinis
918 4323 977 4365 seu
997 4303 1137 4366 discreti
1157 4303 1238 4376 sint,
1257 4321 1341 4364 unus
1360 4321 1461 4384 supra

339 4405 398 4459 aut
423 4398 513 4459 intra
536 4396 703 4460 alterum:
735 4405 770 4459 et
794 4395 885 4479 quod
908 4397 1138 4478 unusquisque
1157 4393 1283 4477 gradus
1306 4392 1459 4457 altitudi-

339 4489 392 4551 nis
411 4509 470 4551 seu
487 4488 657 4552 discretus
674 4487 779 4551 etiam
795 4487 923 4552 habeat
943 4487 1069 4571 gradus
1089 4486 1280 4551 latitudinis
1300 4506 1358 4550 seu
1377 4505 1460 4549 con-

338 4581 466 4656 tinuos,
489 4580 677 4644 secundum
701 4600 787 4663 quos
807 4579 865 4644 ille
889 4581 1016 4644 crescit
1040 4601 1100 4664 per
1122 4579 1349 4658 continuum;
1379 4596 1460 4642 nam

338 4671 514 4756 utriusque
533 4673 671 4754 generis
689 4671 816 4756 gradus
840 4673 873 4736 in
897 4673 1050 4736 omnium
1069 4671 1228 4736 maximis
1252 4682 1287 4736 et
1312 4671 1461 4734 minimis
