3422 5380
516 621 567 673 na
590 620 727 673 nrvrua
750 621 1103 674 summanum-n.
1124 624 1195 690 339.
1361 624 1419 689 301

289 789 407 858 cordia
429 790 670 871 crediderunt;
694 801 731 856 et
754 792 836 858 dum
853 791 991 876 spiritus
1008 790 1088 857 faeti
1107 791 1288 857 voluerunt
1313 801 1349 858 ut
1367 789 1421 874 ju·

289 886 440 951 cundum
464 885 601 950 illorum
624 885 792 952 infernale
815 907 878 951 seu
897 886 1086 970 jucundum
1110 886 1202 963 mali,
1226 909 1272 951 ex
1296 888 1423 953 Divina

289 977 557 1062 Omnipotentia
578 990 616 1045 et
644 981 746 1046 simul
772 1003 818 1046 ex
842 982 969 1047 Divina
987 983 1224 1046 Misericordia
1247 992 1421 1047 transmu-

289 1085 423 1143 taretur
445 1077 479 1139 in
499 1074 686 1158 jucundum
709 1077 864 1142 caeleste
882 1098 943 1142 seu
961 1075 1151 1161 jucundum
1170 1078 1262 1152 boni,
1283 1088 1319 1143 et
1343 1078 1424 1162 quia

289 1171 340 1238 ita
360 1173 575 1254 cupiverunt,
599 1173 706 1237 etiam
728 1173 932 1256 permissum
953 1183 1009 1238 est
1032 1183 1069 1238 ut
1092 1174 1137 1239 ab
1159 1173 1293 1256 angelis
1311 1171 1421 1251 fieret,

290 1268 347 1352 qui
369 1278 452 1333 tunc
471 1278 692 1335 removerunt
711 1267 897 1351 jucundum
920 1269 1056 1334 illorum
1078 1269 1264 1334 infernale:
1287 1270 1350 1334 sed
1372 1268 1423 1334 illi

290 1372 385 1440 tunc,
405 1363 485 1446 quia
507 1363 543 1427 id
561 1372 637 1429 erat
659 1362 847 1447 jucundum
865 1366 991 1428 amoris
1013 1367 1106 1430 vitae
1128 1382 1258 1442 eorum,
1276 1365 1423 1447 proinde

290 1459 364 1524 vita
386 1477 516 1533 eorum.
529 1457 710 1541 jacuerunt
729 1460 817 1525 sicut
838 1460 975 1536 mortui,
993 1461 1124 1544 absque
1145 1461 1239 1524 omni
1258 1479 1362 1524 sensu
1384 1469 1422 1526 et

290 1554 385 1620 omni
400 1563 518 1634 motu;
542 1574 605 1618 nec
622 1555 784 1638 possibile
808 1555 871 1620 fuit
886 1552 1059 1622 insufflare
1074 1555 1177 1620 aliam
1191 1556 1299 1620 vitam
1319 1573 1422 1640 quam

291 1667 408 1728 suam;
435 1649 515 1733 quia
537 1650 654 1714 omnia
676 1651 804 1715 mentis
825 1659 863 1716 et
886 1650 1039 1733 corporis
1063 1669 1192 1726 eorum,
1217 1671 1305 1734 quae
1327 1660 1423 1714 retro

290 1765 390 1810 versa
402 1754 514 1821 erant,
528 1764 598 1809 non
611 1754 799 1828 potuerunt
811 1746 1001 1829 retorqueri
1019 1747 1053 1809 in
1065 1745 1296 1811 contrarium:
1315 1765 1423 1828 quare

291 1840 486 1905 resuscitati
504 1851 586 1906 sunt
604 1860 666 1924 per
683 1842 930 1906 immissionem
946 1841 1087 1924 jucundi
1105 1842 1231 1906 amoris
1249 1841 1343 1905 vitae
1360 1861 1422 1906 eo·

290 1955 375 2000 rum.
412 1934 496 2000 Post
506 1936 542 2000 id
555 1936 730 2013 dixerunt,
744 1937 836 2020 quod
851 1937 887 2000 'm
904 1935 966 2001 illo
985 1947 1081 2002 statu
1093 1937 1236 2001 interius
1249 1937 1422 2002 senserint

291 2032 401 2096 dirum
416 2040 452 2094 et
471 2031 646 2114 quoddam
665 2031 884 2107 horrendum,
898 2031 991 2115 quod
1007 2052 1076 2096 non
1092 2031 1275 2096 voluerunt
1294 2051 1421 2115 propa·

290 2127 372 2193 lare.
417 2124 533 2209 Quare
555 2128 590 2191 in
610 2126 717 2193 Caelo
736 2128 871 2204 dicitur,
890 2129 984 2212 quod
1001 2129 1135 2193 facilius
1153 2131 1199 2194 sit
1217 2138 1422 2195 convertere

290 2223 465 2287 bubonem
483 2223 517 2286 in
534 2231 716 2299 turturem,
736 2233 774 2288 et
796 2234 994 2308 serpentem
1018 2225 1053 2288 in
1071 2244 1211 2307 agnum,
1231 2243 1334 2308 quam
1357 2224 1421 2287 ali·

291 2336 393 2402 quem
406 2318 562 2401 spiritum
574 2317 778 2383 infernalem
793 2319 829 2382 in
841 2319 1004 2401 angelum
1017 2319 1114 2384 caeli.
1152 2325 1211 2384 [a]
1241 2317 1419 2385 Tertiumt

293 2411 391 2491 Quod
397 2412 569 2475 dallre'rrae
578 2411 790 2477 ecclesiarum
800 2413 837 2477 in
855 2411 885 2479 C
883 2413 1053 2476 hristiano
1066 2411 1154 2489 orbe,
1167 2412 1309 2477 interius
1327 2423 1420 2494 spec·

290 2515 392 2581 tatae,
413 2505 484 2570 sint
498 2515 616 2570 centra
638 2517 900 2572 mmentaneam
920 2507 1142 2572 salvationem
1163 2528 1206 2570 ex
1226 2507 1422 2574 imnudtata

291 2601 552 2667 misericordia:
593 2601 658 2666 sed
686 2623 789 2686 usque
821 2603 914 2687 quod
939 2603 1077 2667 externi
1100 2603 1252 2666 ecclesias
1272 2602 1421 2669 homr'rtes

290 2695 389 2762 illam
406 2695 595 2761 stabiliant.
642 2694 831 2762 Dodlrinae
853 2699 1007 2762 omnium
1031 2697 1255 2762 ecclesiarum
1278 2697 1422 2764 interius

290 2790 470 2877 spectatae
489 2795 618 2858 docent
635 2793 752 2857 vitam.
790 2792 975 2876 Cujusnam
994 2792 1161 2858 ecclesiae
1179 2790 1335 2857 doctrina
1353 2802 1420 2872 est,

267 2937 268 2940 ,
291 2909 379 2975 quae
398 2908 468 2952 non
486 2888 604 2964 docet,
624 2889 716 2972 quod
735 2889 841 2953 homo
857 2909 894 2953 se
909 2889 1152 2971 exploraturus
1168 2890 1222 2964 sit,
1236 2890 1368 2952 visurus
1383 2897 1421 2956 et

290 2986 470 3068 agniturus
488 3003 551 3046 sua
570 2991 737 3066 peccata;
764 2983 983 3048 confessurus
1001 2983 1072 3060 illa,
1092 2985 1342 3068 paenitentiam
1361 3003 1420 3051 ac·

290 3091 397 3157 turus,
426 3089 463 3146 et
492 3079 572 3143 dein
596 3075 746 3142 victurus
768 3080 877 3143 vitam
900 3079 1049 3142 novam?
1094 3078 1180 3161 Quis
1202 3079 1331 3163 absque
1353 3080 1420 3147 hoc

291 3178 425 3242 monito
450 3185 487 3242 et
510 3183 698 3260 praecepto
721 3173 916 3240 admittitur
938 3174 982 3238 ad
1010 3171 1173 3239 Sanctam
1196 3172 1420 3240 Communio·

290 3273 394 3338 nem?
432 3271 570 3356 Inquiro
588 3279 625 3337 et
644 3269 911 3336 confirmaberis.
960 3269 1062 3352 Cujus
1078 3269 1245 3334 ecclesiae
1264 3269 1421 3337 doctrina

290 3378 355 3444 est,
380 3389 468 3454 quae
495 3388 564 3432 non
590 3365 752 3431 fundatur
774 3386 875 3449 super
898 3365 1093 3447 praeceptis
1123 3364 1310 3446 decalogi?
1363 3367 1419 3434 Ac

290 3473 479 3546 praecepta
496 3464 657 3548 decalogi
676 3471 757 3527 sunt
780 3471 967 3545 praecepta
985 3461 1087 3523 vitae.
1133 3457 1220 3542 Quis
1238 3460 1344 3524 homo
1362 3482 1420 3527 ec·

289 3557 427 3634 clesiae‚
451 3559 486 3622 in
516 3579 585 3642 quo
614 3557 743 3643 aliquid
773 3556 943 3621 ecclesiae
969 3562 1034 3632 est,
1059 3554 1115 3638 qui
1145 3574 1214 3619 non
1245 3558 1419 3639 agnoscit,

290 3675 367 3722 cum
391 3657 497 3733 audit,
522 3657 615 3741 quod
638 3658 791 3722 salvetur
807 3657 862 3742 qui
885 3657 974 3722 bene
992 3656 1090 3731 vivit,
1107 3664 1144 3720 et
1167 3656 1421 3722 condemnetur

289 3756 345 3838 qui
372 3752 484 3818 male?
531 3753 647 3838 Quare
671 3757 705 3819 in
729 3755 814 3821 Fide
838 3755 1031 3837 symbolica
1053 3752 1306 3830 Athanasiana‚
1331 3776 1419 3838 quae

289 3853 395 3918 etiam
418 3859 473 3916 est
496 3849 663 3917 Doltrina
685 3853 719 3916 in
743 3863 822 3919 toto
841 3851 1040 3918 Christiano
1058 3853 1142 3918 orbe
1160 3861 1311 3935 recepta,
1332 3851 1418 3919 haec

290 3951 473 4016 dicuntur:

343 4091 457 4166 “Quod
474 4093 623 4149 Dominus
639 4103 784 4151 venturus
797 4097 837 4152 sit
852 4097 891 4152 ad
910 4097 1107 4168 judicandum
1122 4096 1208 4153 vivos
1220 4105 1252 4152 et
1265 4105 1416 4158 mortuos.

288 4176 320 4222 et
334 4176 408 4220 tunc
423 4163 466 4220 illi
482 4166 534 4237 qui
550 4166 631 4221 bona
647 4165 793 4229 fecerunt,
811 4169 966 4224 intrabunt
983 4168 1013 4225 in
1029 4169 1123 4226 vitam
1139 4180 1300 4231 aeternam,
1317 4165 1417 4238 etqui

289 4236 367 4292 mala
380 4236 525 4300 fecerunt,
543 4237 572 4292 in
588 4237 688 4309 ignem
703 4237 885 4293 aeternum.”

287 4399 346 4462 lod
379 4395 437 4462 Ex
453 4397 574 4481 quibus
591 4406 700 4479 patet,
718 4398 809 4479 quod
833 4395 1010 4463 doetrinae
1026 4399 1178 4463 omnium
1195 4398 1418 4463 ecclesiarum

286 4490 431 4556 interius
455 4491 634 4575 spodiatae
658 4494 808 4558 doceant
831 4494 958 4570 vitam;
982 4504 1018 4558 et
1044 4496 1124 4577 quia
1147 4495 1275 4558 docent
1297 4495 1418 4570 vitam,

286 4587 440 4656 doceant
452 4591 544 4675 quod
556 4590 706 4656 salvatio
718 4591 764 4656 sit
777 4591 965 4655 secundum
978 4591 1085 4655 vitam
1099 4612 1108 4670 ;
1132 4610 1171 4654 ac
1184 4593 1258 4655 vita
1269 4588 1422 4655 hominis
