3424 5368
355 661 414 744 156
704 672 906 725 snerauma
930 673 1127 728 Aucatrcn
1180 727 1181 730 ,

349 869 481 932 aquo:
513 847 603 914 tales
629 847 747 931 itaque
773 857 854 912 sunt
878 847 1069 930 dignitates
1095 860 1132 916 et
1162 873 1248 936 opes
1271 853 1479 936 spirituales,

349 965 438 1030 quae
457 955 620 1009 aeternae
640 954 730 1007 sunt.
777 947 834 1008 [6.]
866 943 983 1008 Aliter
1000 967 1084 1010 vero
1103 945 1140 1011 fit
1160 947 1238 1023 illis,
1258 950 1380 1033 quibus
1399 951 1478 1034 dig·

351 1044 478 1105 nitates
498 1051 534 1103 et
555 1059 641 1123 opes
664 1039 698 1102 in
723 1037 851 1103 mundo
869 1038 1006 1105 suerunt
1027 1040 1288 1108 malediuiones
1300 1067 1309 1123 ;
1340 1045 1374 1110 hi
1398 1048 1479 1131 quia

348 1137 426 1200 illas
446 1136 509 1199 sibi
528 1135 731 1210 tribuerunt,
749 1143 784 1198 et
808 1153 878 1199 non
897 1135 1024 1212 usibus,
1044 1147 1082 1201 et
1106 1139 1185 1222 quia
1204 1159 1273 1202 non
1293 1141 1477 1208 voluerunt

349 1233 441 1317 quod
468 1252 547 1296 usus
570 1231 831 1294 dominarentur
850 1251 952 1314 super
976 1231 1068 1308 illos,
1093 1235 1154 1298 sed
1182 1234 1232 1298 illi
1259 1257 1360 1319 super
1385 1259 1476 1315 usus,

349 1349 435 1411 quos
464 1335 712 1410 reputaverunt
737 1335 774 1391 ut
796 1345 887 1403 usus,
912 1337 1079 1410 quantum
1102 1349 1165 1393 suo
1194 1329 1316 1394 honori
1339 1343 1375 1396 et
1394 1355 1478 1398 suae

348 1423 480 1506 gloriae
494 1423 755 1500 inserviverunt,
769 1422 848 1486 ideo
864 1423 898 1486 in
914 1422 1046 1487 inferno
1059 1435 1151 1500 sunt,
1165 1435 1201 1490 et
1218 1427 1265 1490 ibi
1280 1426 1363 1490 vilia
1378 1447 1476 1492 man·

349 1519 448 1601 cipia,
468 1521 503 1583 in
527 1527 731 1601 contemptu
754 1529 790 1582 et
814 1518 973 1596 miseria;
1005 1540 1110 1602 quare
1133 1522 1212 1605 quia
1230 1521 1419 1605 dignitates
1440 1533 1477 1590 et

350 1635 434 1696 opes
454 1614 534 1678 illae
554 1624 710 1695 pereunt,
730 1613 890 1678 dicuntur
910 1617 1141 1698 temporariae
1160 1627 1196 1681 et
1215 1617 1377 1682 caducae.
1424 1619 1478 1684 De

349 1709 401 1774 his
420 1721 457 1774 et
476 1709 543 1773 illis
561 1711 612 1774 ita
630 1709 734 1773 docet
753 1708 933 1787 Dominus,

399 1852 463 1904 “Ne
477 1853 601 1916 reponite
616 1853 695 1902 vobis
710 1853 852 1902 thesauros
869 1852 897 1902 in
914 1862 993 1912 terra,
1006 1854 1051 1903 ubi
1069 1868 1172 1916 aerugo
1189 1865 1217 1904 et
1234 1855 1308 1904 tinea
1322 1857 1478 1920 corrumpit,

482 1929 509 1970 et
528 1921 574 1968 ubi
592 1918 666 1968 iures
681 1919 837 1981 perfodiunt
854 1927 881 1968 et
902 1918 1043 1969 furantur:
1063 1921 1202 1970 recondite
1219 1931 1310 1970 autem
1328 1923 1406 1971 vobis
1421 1923 1480 1972 the·

482 1999 578 2034 sauros
596 1986 623 2033 in
641 1985 724 2042 caelo,
739 1985 784 2033 ubi
803 1999 890 2048 neque
908 1999 1009 2048 aerugo
1029 1999 1116 2048 neque
1135 1986 1209 2036 tinea
1222 1989 1377 2050 corrumpit,
1391 1999 1418 2038 et
1433 1987 1479 2038 ubi

482 2051 556 2100 iures
566 2066 620 2099 non
640 2051 803 2112 perfodiunt,
816 2064 903 2114 neque
914 2051 1054 2108 iurantur:
1073 2065 1136 2100 nam
1149 2053 1194 2101 ubi
1207 2061 1249 2102 est
1263 2053 1406 2102 thesaurus
1418 2068 1480 2104 ves-

482 2125 542 2176 ter„
552 2117 646 2166 etiam
659 2127 702 2166 est
713 2129 760 2166 cor
769 2127 890 2166 vestrum
899 2115 913 2136 '¹
926 2117 1033 2178 (Marri.
1049 2117 1083 2167 vi.
1098 2119 1196 2181 19-21).

350 2277 408 2341 [7.]
428 2273 568 2340 Tertio:
596 2272 694 2353 Quod
701 2273 889 2356 dt'gnitates
900 2283 933 2338 et
947 2283 1024 2356 opes
1033 2296 1118 2357 quae
1129 2284 1209 2339 sunt
1219 2274 1477 2355 maledt't‘lrones,

349 2371 533 2452 respebiive
546 2371 597 2434 ad
608 2371 792 2452 dignitates
810 2378 843 2432 et
859 2378 936 2451 opes
953 2391 1037 2452 quae
1052 2380 1132 2434 sunt
1147 2369 1393 2446 benedilirbnes,
1407 2373 1480 2437 sint

349 2466 435 2530 sicut
446 2487 509 2530 non
521 2466 657 2550 aliquid
665 2465 715 2529 ad
728 2486 843 2540 omne;
866 2475 899 2528 et
916 2465 1002 2528 suut
1012 2465 1104 2548 quod
1115 2486 1178 2529 non
1195 2466 1230 2529 in
1249 2488 1285 2531 se
1298 2477 1359 2543 est,
1373 2467 1476 2531 adid

350 2561 440 2644 quod
453 2563 487 2625 in
506 2583 542 2626 se
552 2571 611 2624 est.
658 2558 771 2624 Omne
792 2560 884 2644 quod
904 2563 1003 2643 perit,
1025 2571 1061 2624 et
1081 2581 1150 2624 non
1170 2559 1207 2625 fit
1225 2561 1365 2646 aliquid,
1386 2565 1480 2627 intus

348 2659 382 2719 in
403 2678 439 2720 se
459 2678 528 2721 non
548 2667 602 2722 est
621 2656 759 2739 aliquid,
781 2665 834 2720 est
852 2657 991 2740 quidem
1011 2667 1115 2720 extus
1133 2655 1273 2740 aliquid,
1294 2659 1400 2722 immo
1416 2679 1478 2741 ap·

349 2763 447 2835 paret
477 2755 567 2817 sicut
596 2754 753 2828 multum,
774 2763 811 2817 et
840 2753 1043 2836 quibusdam
1066 2754 1155 2817 sicut
1180 2773 1294 2828 omne,
1315 2757 1478 2837 quamdiu

349 2849 461 2925 durat,
482 2849 542 2912 sed
568 2868 637 2911 non
662 2849 755 2911 intus
787 2849 820 2911 in
851 2868 898 2911 se.
946 2847 1011 2912 Est
1042 2849 1130 2913 sicut
1154 2848 1362 2931 superficies,
1388 2852 1480 2914 intra

348 2964 450 3027 quam
468 2964 537 3008 non
553 2953 607 3008 est
624 2943 771 3027 aliquid;
796 2953 832 3007 et
849 2954 904 3007 est
922 2943 1008 3008 sicut
1026 2964 1174 3027 persona
1187 2944 1315 3009 theatri
1332 2946 1366 3008 in
1382 2946 1480 3028 regia

348 3050 458 3116 veste,
478 3040 559 3104 dum
579 3038 679 3103 ludus
699 3037 832 3105 finitur:
860 3050 897 3102 at
922 3039 1013 3122 quod
1034 3051 1153 3104 manet
1177 3041 1210 3102 in
1231 3054 1423 3116 aeternum,
1443 3041 1478 3105 id

347 3136 383 3199 in
399 3157 435 3200 se
451 3145 619 3220 perpetuo
638 3145 692 3200 est
711 3135 851 3219 aliquid,
869 3136 919 3199 ita
937 3155 1060 3214 omne;
1088 3145 1125 3200 et
1145 3156 1280 3220 quoque
1301 3136 1378 3211 Est,
1398 3139 1479 3220 quia

347 3252 417 3298 non
437 3233 563 3297 desinit
581 3253 668 3296 esse.

411 3336 506 3403 218·
537 3333 613 3420 (iii.)
643 3333 741 3414 Quod
761 3333 969 3417 temporaria
991 3355 1030 3398 ac
1051 3344 1189 3399 aeterna
1211 3344 1410 3417 separentur
1434 3334 1478 3398 ab

347 3429 487 3508 homine,
505 3432 567 3496 sed
578 3430 670 3514 quod
685 3433 930 3516 conjungantur
945 3451 966 3493 a
980 3428 1148 3493 Domino:
1171 3430 1262 3513 quod
1280 3431 1330 3493 ita
1345 3431 1403 3505 sit,
1420 3439 1476 3496 est

347 3529 427 3611 quia
442 3528 559 3591 omnia
574 3526 722 3590 hominis
739 3536 820 3589 sunt
837 3526 1058 3608 temporaria,
1075 3526 1258 3608 exquibus
1274 3526 1381 3589 homo
1396 3535 1476 3608 pot·

346 3635 402 3688 est
419 3625 534 3688 vocari
554 3623 792 3707 temporarius,
811 3643 851 3686 ac
871 3623 987 3686 omnia
1004 3622 1144 3685 Domini
1159 3630 1240 3684 sunt
1259 3631 1413 3695 aeterna,
1430 3641 1476 3685 ex

347 3719 469 3804 quibus
499 3719 668 3783 Dominus
692 3729 837 3782 vocatur
861 3718 1061 3796 Aeternus;
1096 3736 1136 3781 ac
1164 3718 1374 3800 temporaria
1395 3724 1477 3781 sunt

347 3833 435 3900 quae
458 3813 560 3879 finem
580 3814 711 3879 habent
735 3824 771 3878 et
794 3822 951 3897 pereunt,
971 3823 1008 3877 at
1031 3821 1174 3876 aeterna
1193 3822 1273 3875 sunt
1295 3833 1383 3895 quae
1407 3831 1476 3875 non

347 3913 449 3977 finem
469 3911 613 3988 habent,
634 3921 670 3976 et
694 3931 763 3974 non
784 3919 940 3993 pereunt.
986 3906 1090 3990 Quod
1110 3906 1196 3971 haec
1216 3908 1284 3972 duo
1303 3927 1372 3970 non
1392 3926 1476 3970 con·

344 4009 441 4092 jungi
461 4009 605 4091 possint,
624 4007 687 4071 nisi
706 4027 809 4089 quam
829 4026 890 4089 per
909 4003 1078 4068 infinitam
1098 4003 1305 4086 sapientiam
1323 4001 1475 4079 Domini,

347 4117 384 4171 et
401 4107 449 4168 sic
466 4104 555 4188 quod
576 4126 596 4168 a
615 4103 765 4168 Domino
782 4101 944 4183 conjungi
961 4099 1108 4184 possint,
1126 4109 1162 4162 et
1179 4119 1248 4162 non
1264 4099 1308 4162 ab
1323 4097 1476 4178 homine,

348 4203 490 4287 quisque
514 4210 632 4285 potest
657 4199 782 4262 videre.
829 4197 880 4263 Ut
903 4207 1021 4262 autem
1044 4195 1185 4270 sciatur,
1210 4193 1303 4278 quod
1326 4193 1385 4257 illa
1407 4195 1477 4259 duo

348 4299 393 4364 ab
423 4298 562 4362 homine
590 4305 804 4379 separentur,
829 4303 865 4358 et
896 4314 917 4355 a
946 4291 1098 4356 Domino
1125 4290 1390 4373 conjungantur,
1415 4291 1475 4354 de·

349 4393 612 4458 monstrandum
628 4400 682 4455 est
703 4391 737 4454 in
756 4389 821 4454 hoc
838 4388 967 4452 ordine.
1014 4383 1075 4469 (1.)
1101 4383 1192 4466 Quid
1213 4384 1423 4469 temporaria
1439 4392 1476 4450 et

349 4491 429 4574 quid
449 4499 602 4554 aeterna.
649 4485 710 4571 (2.)
743 4483 846 4569 Quod
865 4483 970 4548 homo
993 4483 1039 4547 sit
1063 4481 1290 4564 temporarius
1313 4481 1348 4544 in
1370 4501 1419 4556 se,
1439 4487 1476 4545 et

350 4587 440 4669 quod
459 4585 627 4649 Dominus
643 4583 688 4647 sit
705 4591 865 4646 aeternus
881 4580 914 4643 in
932 4577 996 4658 Se;
1021 4587 1057 4643 et
1072 4577 1164 4661 quod
1181 4576 1261 4641 inde
1276 4575 1321 4640 ab
1336 4575 1478 4640 homine

348 4700 419 4747 non
443 4681 553 4765 possit
576 4678 764 4762 procedere
788 4677 852 4741 nisi
875 4692 976 4760 quam
1000 4671 1258 4756 temporarium,
1281 4681 1319 4737 et
1340 4669 1433 4756 quod
1455 4686 1480 4736 a
