3422 5380
509 573 561 623 ns
583 570 721 622 nrvrun
744 567 1099 621 summarum-u.
1120 553 1191 636 336.
1348 570 1415 641 297

279 746 411 812 manda
422 754 458 812 et
471 741 679 828 perficienda
690 741 762 808 vita
774 740 866 808 civili
879 739 1027 806 naturali
1039 761 1048 822 ;
1072 749 1146 806 tum
1159 761 1221 823 pro
1232 739 1414 806 formanda

279 855 320 910 et
335 843 543 928 perficienda
557 842 632 905 vita
647 839 768 905 morali
784 839 943 904 rationali
960 861 969 919 ;
993 848 1083 903 utet
1103 859 1166 920 pro
1181 838 1360 903 formanda
1375 847 1412 904 et

281 941 493 1026 perficienda
510 941 583 1003 vita
600 938 767 1022 spirituali
788 936 944 1002 caelesti.
989 950 1047 1010 [2.]
1080 936 1197 1000 Media
1214 935 1274 1001 illa
1293 957 1413 1003 succe·

280 1038 381 1112 dunt,
396 1057 498 1101 unum
515 1057 625 1119 genus
641 1045 722 1120 post
738 1035 896 1109 alterum,
913 1033 958 1098 ab
972 1033 1117 1098 infantia
1133 1054 1239 1117 usque
1255 1034 1299 1098 ad
1315 1045 1413 1100 aeta·

282 1144 357 1202 tem
375 1136 523 1200 hominis
543 1132 711 1210 ultimam,
731 1142 862 1216 etpost
880 1131 976 1197 illam
993 1133 1027 1195 in
1043 1142 1241 1197 aeternum:
1266 1142 1304 1197 et
1322 1133 1412 1199 sicut

281 1235 474 1298 succedunt
497 1232 697 1307 crescendo,
717 1231 767 1296 ita
790 1232 903 1314 priora
925 1229 1011 1295 fiunt
1032 1230 1148 1295 media
1169 1230 1411 1313 posteriorum,

282 1330 522 1413 ingrediuntur
544 1329 636 1393 enim
659 1347 762 1391 omne
788 1328 973 1391 formatum
996 1327 1085 1391 sicut
1109 1347 1233 1391 causae
1256 1327 1412 1410 mediae;

283 1447 365 1492 nam
377 1449 423 1492 ex
436 1427 490 1490 his
502 1427 614 1490 omnis
626 1423 766 1489 effedtus
778 1445 839 1490 seu
851 1444 954 1488 omne
966 1423 1166 1488 conclusum
1178 1434 1234 1489 est
1246 1423 1411 1505 efficiens,

281 1535 321 1592 et
333 1526 412 1589 inde
428 1523 467 1588 fit
484 1544 606 1602 causa;
630 1523 681 1586 ita
696 1524 890 1605 posteriora
904 1521 991 1587 fiunt
1006 1523 1199 1586 successive
1217 1524 1350 1586 media:
1375 1533 1412 1590 et

282 1626 364 1707 quia
387 1623 452 1686 hoc
472 1621 510 1686 fit
533 1621 568 1685 in
591 1629 783 1696 aeternum,
802 1640 871 1684 non
894 1621 997 1684 datur
1018 1629 1232 1702 postremum
1251 1639 1311 1684 seu
1330 1620 1412 1686 ulti·

283 1739 390 1795 mum,
406 1720 498 1804 quod
518 1720 659 1783 claudit.
704 1716 794 1782 Nam
810 1719 899 1781 sicut
914 1727 1095 1782 aeternum
1110 1727 1165 1783 est
1184 1717 1314 1800 absque
1332 1717 1411 1795 fine,

283 1817 335 1882 ita
353 1817 524 1900 sapientia
542 1836 630 1899 quae
649 1816 683 1878 in
699 1825 879 1878 aeternum
896 1815 1021 1878 crescit
1040 1823 1095 1880 est
1108 1815 1236 1898 absque
1255 1813 1331 1880 fine
1376 1815 1412 1882 Si

284 1914 362 1979 finis
390 1915 581 1998 sapientiae
610 1913 698 1978 soret
723 1913 813 1995 apud
843 1914 1049 1995 sapientem,
1073 1913 1200 1995 periret
1226 1911 1412 1994 jucundum

283 2013 475 2096 sapientiae
495 2011 577 2093 ejus,
597 2012 688 2096 quod
708 2011 867 2075 consistit
886 2011 919 2074 in
937 2019 1105 2094 perpetua
1123 2009 1413 2093 multiplicatione

283 2119 322 2175 et
342 2107 605 2172 fructificatione
624 2108 718 2191 ejus;
742 2116 779 2172 et
797 2109 845 2171 sic
858 2105 1046 2190 jucundum
1061 2107 1156 2172 vitae
1172 2106 1256 2190 ejus,
1275 2117 1311 2172 et
1334 2107 1414 2174 loco

283 2205 357 2288 ejus
376 2206 577 2270 succederet
593 2205 780 2288 jucundum
796 2205 939 2287 gloriae,
953 2205 988 2268 in
1007 2224 1076 2288 quo
1091 2205 1168 2269 solo
1180 2213 1322 2269 nonest
1341 2207 1414 2270 vita

283 2303 467 2382 caelestis;
491 2301 530 2367 fit
549 2302 654 2366 homo
672 2302 731 2366 ille
750 2304 887 2384 sapiens
909 2312 991 2367 tunc
1009 2322 1078 2365 non
1094 2302 1240 2385 amplius
1259 2303 1347 2366 sicut
1359 2300 1413 2385 ju·

284 2403 394 2477 venis,
418 2401 479 2465 sed
502 2401 591 2464 sicut
614 2419 736 2473 senex,
760 2410 797 2464 et
824 2399 968 2464 tandem
990 2400 1080 2463 sicut
1102 2399 1308 2482 decrepitus.
1354 2405 1414 2466 [3.]

284 2496 442 2562 Tametsi
464 2496 635 2579 sapientia
657 2496 823 2577 sapientis
841 2497 875 2560 in
894 2495 993 2561 caelo
1016 2499 1141 2563 crescit
1163 2498 1198 2561 in
1220 2507 1413 2574 aeternum,

285 2615 394 2679 usque
409 2605 528 2658 tamen
547 2613 617 2657 non
643 2593 746 2657 datur
760 2594 952 2676 sapientiae
964 2594 1145 2677 angelicae
1157 2593 1415 2679 approximatio

285 2693 331 2758 ad
355 2693 559 2775 sapientiam
583 2690 744 2755 Divinam
763 2691 855 2768 talis,
874 2701 912 2756 ut
934 2692 1030 2756 illam
1053 2695 1165 2775 possit
1187 2693 1414 2774 contingere;

284 2801 342 2855 est
360 2790 594 2871 comparative
613 2788 703 2852 sicut
719 2789 843 2854 dicitur
866 2791 910 2854 de
929 2788 1021 2854 linea
1035 2788 1130 2855 recta
1145 2791 1271 2855 circum
1288 2790 1414 2872 hyper·

286 2887 403 2954 bolam
420 2885 522 2951 duGta
534 2887 697 2951 continue
713 2888 980 2970 approximante
993 2897 1029 2954 et
1043 2908 1209 2973 nusquam
1222 2898 1414 2970 tangente3

284 2994 324 3052 ct
350 2987 438 3050 sicut
462 2985 587 3048 dicitur
615 2985 659 3048 de
686 2985 887 3068 quadrando
911 2984 1051 3051 circulo.
1095 2985 1153 3049 Ex
1178 2985 1232 3050 his
1254 2994 1415 3050 constare

285 3092 418 3168 potest,
442 3083 523 3167 quid
547 3081 752 3163 intelligitur
767 3102 829 3166 per
847 3084 972 3160 media,
989 3102 1050 3165 per
1071 3103 1160 3167 quae
1183 3083 1310 3146 Divina
1332 3081 1414 3146 Pro·

284 3181 442 3247 videntia
465 3190 636 3264 operatur,
666 3189 705 3246 ut
734 3179 841 3245 homo
869 3181 916 3248 sit
942 3181 1059 3258 homo,
1085 3201 1126 3246 ac
1154 3191 1192 3245 ut
1220 3177 1417 3264 perficiatur

286 3280 402 3363 quoad
418 3277 655 3358 intellefitum3
678 3286 715 3344 et
733 3280 826 3362 quod
844 3277 929 3345 haec
943 3280 1056 3345 media
1075 3279 1248 3343 communi
1260 3297 1347 3343 voce
1363 3277 1416 3343 di·

284 3388 410 3441 cantur
432 3400 523 3443 vera.
569 3375 733 3442 Totidem
757 3377 862 3442 etiam
885 3387 966 3442 sunt
982 3377 1107 3450 media,
1125 3396 1185 3459 per
1201 3395 1287 3459 quae
1309 3374 1417 3442 homo

284 3471 452 3538 formatur
464 3486 500 3541 et
513 3474 687 3559 perficitur
699 3475 813 3558 quoad
825 3473 1055 3549 voluntatem,
1069 3474 1131 3537 sed
1143 3472 1229 3537 haec
1242 3474 1416 3538 communi

286 3591 373 3636 voce
387 3573 545 3636 dicuntur
557 3572 668 3651 bona;
692 3593 738 3637 ex
751 3573 804 3636 his
820 3582 874 3636 est
887 3572 1016 3636 homini
1034 3592 1140 3646 amor,
1154 3592 1200 3636 ex
1218 3571 1286 3635 illis
1298 3582 1416 3637 autem

285 3680 343 3736 est
361 3669 490 3733 homini
509 3669 690 3750 sapientia.
736 3668 940 3752 conjunctio
959 3671 1096 3736 illorum
1114 3669 1196 3734 lacit
1219 3669 1415 3750 hominem;

288 3786 369 3834 nam
392 3766 502 3850 qualis
525 3765 585 3830 illa
602 3777 667 3843 est,
686 3766 767 3831 talis
786 3779 840 3832 est
864 3767 979 3832 homo.
1025 3768 1123 3833 Haec
1143 3763 1338 3850 conjundlio
1360 3776 1416 3833 est

285 3886 375 3950 quae
395 3875 539 3928 vocatur
557 3865 753 3946 conjugium
769 3867 850 3929 boni
867 3877 903 3930 et
922 3868 1002 3931 veri.

351 3963 455 4046 336·
485 3961 582 4025 Modi
597 3971 726 4036 autem,
741 3981 801 4044 per
817 3985 903 4046 quos
920 3965 1045 4027 Divina
1062 3963 1283 4028 Providentia
1295 3983 1416 4046 opera·

285 4057 393 4122 turin
412 4057 534 4130 media,
555 4066 591 4121 et
610 4059 800 4140 permedia
816 4059 860 4121 ad
878 4058 1094 4122 formandum
1110 4059 1297 4134 hominem,
1318 4070 1353 4123 et
1372 4058 1415 4121 ad

286 4151 533 4235 perficiendum
556 4152 664 4227 illum,
690 4165 770 4218 sunt
795 4156 899 4218 etiam
924 4156 1046 4219 infiniti
1070 4176 1212 4219 numero
1235 4168 1271 4220 et
1295 4156 1417 4220 infiniti

286 4251 460 4313 varietate
475 4271 482 4325 ;
507 4251 654 4312 totidem
671 4261 756 4331 quot
774 4262 853 4315 sunt
871 4254 1090 4333 operationes
1110 4253 1255 4316 Divinae
1271 4252 1415 4334 Sapien-

286 4345 360 4408 tiae
382 4363 428 4405 ex
452 4343 578 4404 Divino
596 4341 728 4408 Amore
748 4346 791 4409 ad
814 4346 1016 4410 salvandum
1039 4347 1236 4423 hominem;
1259 4348 1307 4410 ita
1331 4357 1416 4428 quot

285 4447 369 4504 sunt
380 4437 595 4518 operationes
609 4433 756 4504 Divinae
767 4439 1006 4505 Providentiae
1015 4441 1205 4508 secundum
1218 4438 1315 4521 leges
1325 4459 1416 4517 suas,

285 4532 466 4618 dequibus
479 4523 707 4610 suppetium
720 4541 786 4598 est.
823 4531 926 4618 Quod
939 4532 1034 4598 mou
1048 4535 1101 4605 nn
1112 4531 1323 4608 ascensum
1333 4533 1417 4613 snt,
