3352 5374
408 689 459 739 DE
482 689 619 740 DIVlNO
643 688 789 753 AMORE,
814 690 908 741 PARS
931 691 1068 742 IIL-N.
1092 695 1164 760 204.
1309 682 1348 744 81

224 860 316 924 aliud
338 861 382 924 de
402 857 587 924 effodiibus.
633 858 763 942 Angeli
778 861 976 926 inferiorum
996 862 1169 927 caelorum
1189 865 1350 946 cogitant

223 955 266 1020 de
286 956 396 1020 causis
413 955 506 1020 etde
523 954 655 1032 finibus,
676 955 737 1019 sed
753 956 869 1038 angeli
885 957 1095 1039 superiorum
1113 958 1285 1022 caelorum
1302 981 1349 1024 ex

223 1051 334 1116 causis
349 1061 387 1116 et
404 1072 450 1116 ex
467 1049 610 1131 finibus;
633 1061 669 1115 et
686 1072 731 1116 ex
748 1051 802 1116 his
819 1055 972 1135 cogitare
989 1062 1043 1118 est
1059 1055 1239 1136 superioris
1255 1057 1348 1138 sapi-

223 1147 348 1223 entiae,
372 1157 410 1211 at
436 1146 480 1211 de
502 1144 571 1210 illis
593 1155 647 1210 est
670 1146 846 1211 inferioris.
893 1146 1057 1229 Cogitate
1081 1171 1126 1212 ex
1149 1148 1271 1214 finibus
1294 1159 1351 1215 est

222 1243 425 1325 sapientiae,
441 1263 487 1306 ex
504 1243 614 1306 causis
631 1251 685 1306 est
703 1243 1022 1334 intelligentiae,et
1041 1266 1086 1308 ex
1103 1243 1277 1311 effediibus
1293 1256 1348 1311 est

221 1339 396 1406 scientiae.
441 1338 499 1404 Ex
515 1339 567 1403 his
584 1348 693 1421 patet,
711 1341 802 1424 quod
818 1342 929 1405 omnis
945 1341 1108 1424 persedtio
1124 1344 1290 1422 ascendat
1309 1353 1347 1408 et

221 1433 411 1500 descendat
430 1454 507 1499 curn
526 1435 690 1518 gradibus
709 1445 745 1500 et
764 1436 953 1501 secundum
971 1436 1059 1501 illos.

282 1544 383 1613 2⁰3.
416 1527 587 1612 Quoniam
607 1531 769 1595 interiora
788 1531 939 1596 hominis
956 1552 1044 1615 quae
1067 1532 1138 1614 ejus
1156 1531 1348 1597 voluntatis

220 1633 255 1688 et
284 1622 483 1689 intellectus
506 1636 596 1701 sunt,
617 1625 740 1690 similia
763 1636 843 1691 sunt
867 1627 973 1692 caelis
996 1626 1109 1712 quoad
1132 1628 1269 1710 gradus,
1290 1639 1346 1694 est

219 1719 310 1784 enim
329 1720 444 1796 homo,
461 1721 574 1804 quoad
590 1722 752 1785 interiora
770 1743 857 1806 quae
874 1723 1000 1786 mentis
1016 1721 1087 1805 ejus
1103 1731 1194 1800 sunt,
1212 1723 1345 1789 caelum

196 1816 252 1878 'in
275 1816 415 1881 minima
436 1815 556 1894 forma,
577 1817 656 1881 ideo
678 1818 785 1882 etiam
808 1817 944 1883 illorum
968 1815 1192 1900 perfeetiones
1215 1820 1347 1884 similes

220 1921 308 1976 sunt.
349 1909 418 1976 Sed
447 1910 528 1976 illae
551 1910 777 1995 perfectiones
800 1934 870 1978 non
893 1923 1062 1997 apparent
1085 1914 1185 1979 alicui
1214 1914 1344 1979 homini

219 2008 380 2089 quamdiu
402 2008 436 2072 in
457 2009 586 2072 mundo
605 2009 700 2086 vivit,
722 2018 804 2073 tunc
827 2010 918 2073 enim
942 2011 976 2074 in
999 2009 1116 2074 infimo
1134 2010 1243 2091 gradu
1265 2020 1345 2090 est,

218 2111 254 2166 et
277 2124 322 2168 ex
344 2102 462 2167 infimo
481 2103 590 2185 gradu
609 2123 677 2168 non
697 2115 841 2186 possunt
861 2107 1025 2187 cognosci
1044 2106 1170 2188 gradus
1190 2107 1341 2187 superio·

218 2218 291 2278 res3
319 2198 381 2262 sed
404 2207 483 2282 post
503 2208 650 2263 mortem
668 2209 947 2281 cognoscuntur:
975 2221 1054 2265 nam
1075 2211 1157 2265 tunc
1180 2200 1285 2265 homo
1307 2202 1342 2265 in

216 2292 312 2358 illum
334 2293 479 2376 gradum
501 2293 608 2371 venit,
632 2295 689 2378 qui
712 2293 782 2376 ejus
806 2297 913 2360 amori
944 2306 980 2361 et
1010 2297 1201 2379 sapientiae
1226 2316 1340 2360 corre·

216 2389 378 2471 spondet,
398 2387 436 2453 fit
455 2389 545 2453 enim
566 2398 649 2453 tunc
668 2388 824 2472 angelus,
845 2411 885 2455 ac
909 2391 1092 2455 ineffabilia
1111 2390 1257 2455 naturali
1280 2411 1345 2456 suo

216 2483 347 2548 homini
369 2485 504 2568 cogitat
527 2493 564 2549 et
587 2484 747 2567 loquitur.
794 2485 859 2550 Est
883 2488 973 2550 enim
996 2496 1078 2552 tunc
1098 2485 1247 2550 elevatio
1265 2506 1341 2549 om-

217 2579 309 2643 nium
332 2577 403 2660 ejus
427 2579 553 2643 mentis
578 2599 646 2643 non
668 2579 703 2643 in
727 2581 860 2645 ratione
884 2581 1039 2665 simplici,
1064 2581 1124 2644 sed
1148 2583 1182 2644 in
1206 2581 1343 2645 ratione

216 2673 400 2757 triplicata.
445 2673 485 2738 Ῑη
509 2674 573 2738 hac
596 2674 731 2738 ratione
751 2684 831 2739 sunt
854 2677 982 2759 gradus
1001 2676 1203 2752 altitudinis,
1223 2677 1258 2740 in
1281 2675 1343 2741 illa

217 2779 333 2834 autem
356 2769 484 2853 gradus
507 2768 710 2834 latitudinis.
755 2767 824 2836 Sed
854 2772 888 2835 in
918 2773 1046 2854 gradus
1074 2771 1153 2837 illos
1183 2791 1252 2836 non
1282 2772 1341 2837 alii

216 2866 407 2930 ascendunt
426 2875 462 2930 et
482 2863 673 2942 elevantur,
690 2885 793 2949 quarn
812 2869 869 2951 qui
892 2869 925 2932 in
949 2869 1078 2933 mundo
1101 2869 1135 2932 in
1157 2869 1246 2933 veris
1268 2867 1340 2933 lue·

216 2971 306 3038 runt,
327 2971 363 3024 et
381 2958 440 3025 illa
459 2960 698 3044 applicuerunt
717 2963 819 3026 vitae.

279 3069 380 3141 2⁰4.
410 3054 568 3140 Apparet
591 3057 679 3122 sicut
702 3059 814 3139 priora
837 3060 907 3124 sint
932 3059 1042 3122 minus
1065 3054 1215 3143 perfetta
1236 3077 1340 3141 quam

216 3151 419 3233 posteriora,
439 3172 498 3216 seu
521 3151 690 3234 simplicia
708 3174 809 3238 quam
829 3156 1041 3237 composita;
1066 3155 1126 3218 sed
1146 3174 1251 3236 usque
1271 3155 1340 3236 pri-

216 3265 276 3309 ora
291 3267 336 3310 ex
353 3247 473 3329 quibus
489 3257 568 3311 sunt
584 3250 785 3331 posteriora,
799 3270 859 3313 seu
875 3250 1044 3334 simplicia
1060 3270 1105 3313 ex
1121 3248 1240 3330 quibus
1257 3257 1340 3313 sunt

215 3339 419 3423 composita,
444 3340 645 3427 perfeiiiora
667 3354 758 3408 sunt.
804 3343 914 3409 Causa
944 3356 1010 3420 est,
1032 3345 1109 3427 quia
1140 3344 1252 3425 priora
1278 3363 1339 3407 seu

214 3435 422 3519 simpliciora
441 3446 520 3501 sunt
540 3437 694 3515 nudiora,
714 3460 754 3504 ac
771 3441 881 3504 minus
900 3440 1064 3504 obvelata
1082 3439 1283 3503 substantiis
1302 3448 1339 3503 et

216 3533 368 3597 materiis
386 3534 478 3597 vitae
501 3535 722 3616 expertibus;
754 3546 790 3600 et
814 3546 894 3600 sunt
917 3537 1005 3600 sicut
1024 3535 1211 3614 diviniora;
1235 3555 1340 3619 quare

216 3629 378 3712 propiora
406 3637 486 3694 sunt
514 3626 586 3693 Soli
613 3631 795 3711 spirituali,
824 3632 887 3695 ubi'
914 3632 1091 3696 Dominus.
1137 3630 1217 3712 Ipsa
1247 3631 1338 3694 enim

216 3720 380 3807 perledtio
399 3726 505 3788 estin
525 3723 687 3803 Domino,
706 3736 742 3791 et
766 3728 845 3790 inde
868 3728 901 3791 in
926 3725 1017 3802 Sole,
1038 3727 1095 3809 qui
1119 3735 1173 3790 est
1192 3726 1337 3809 primum

215 3820 406 3902 procedens
423 3819 538 3884 Divini
557 3819 697 3884 Amoris
714 3831 750 3885 et
770 3821 915 3887 Divinae
932 3821 1129 3905 Sapientiae
1146 3820 1276 3902 lpsius;
1301 3831 1336 3884 et

215 3915 294 3978 inde
316 3915 351 3978 in
370 3913 437 3978 illis
459 3935 547 3998 quae
566 3917 724 3997 proxime
743 3919 943 3993 succedunt,
964 3928 1000 3981 et
1023 3919 1071 3980 sic
1095 3917 1212 3980 ordine
1229 3937 1339 3997 usque

215 4011 260 4074 ad
290 4008 415 4086 infima,
440 4030 527 4092 quae
557 4011 645 4075 sicut
673 4012 818 4088 distant,
847 4011 1097 4096 imperfediiora
1127 4022 1217 4074 sunt.
1263 4009 1337 4072 Nisi

215 4105 296 4171 talis
320 4103 483 4189 perfettio
506 4107 661 4169 eminens
683 4107 772 4172 foret
806 4109 840 4171 in
865 4109 1031 4190 prioribus
1054 4117 1090 4170 et
1113 4106 1336 4187 simplicibus,

215 4223 285 4267 non
302 4203 471 4286 potuisset
484 4201 599 4276 homo,
613 4222 677 4266 nec
694 4204 799 4267 ullum
812 4205 949 4280 animal,
964 4225 1008 4268 ex
1026 4205 1155 4267 semine
1173 4203 1337 4277 existere,

216 4309 252 4364 et
276 4307 400 4381 postea
423 4297 630 4376 subsistere;
658 4318 721 4362 nec
746 4302 940 4382 potuissent
965 4301 1095 4362 semina
1118 4298 1275 4361 arborum
1300 4307 1336 4361 et

216 4394 375 4459 fruticum
401 4393 558 4476 vegetari
592 4403 627 4456 et
659 4395 866 4476 prolificare:
899 4417 1001 4460 omne
1031 4397 1121 4458 enirn
1152 4397 1244 4477 prius
1270 4415 1339 4475 quo

217 4491 318 4573 prius,
337 4498 372 4552 et
392 4509 493 4553 omne
510 4487 658 4570 simplex
678 4511 745 4574 quo
764 4492 962 4573 simplicius,
980 4492 1057 4572 quia
1073 4501 1126 4553 est
1145 4486 1337 4571 persefiius,

217 4595 272 4648 est
296 4585 476 4647 immunius
496 4605 514 4646 a
535 4584 677 4648 damnis.
