3424 5368
303 691 363 757 186
649 703 854 756 sensnm
876 699 1074 754 anseurca

299 874 392 960 quod
414 873 518 940 datae
541 871 608 940 illis
632 872 701 938 sint
725 873 862 938 tunicae
886 872 987 957 pellis
1009 872 1054 938 ad
1072 872 1257 942 velandum
1280 895 1430 962 corpus;

299 983 335 1037 et
355 971 446 1055 quod
465 970 570 1054 positi
588 969 658 1034 sint
677 969 816 1034 cherubi
835 987 912 1035 cunr
931 991 1015 1034 ense
1032 969 1233 1036 flammante
1249 973 1293 1036 ad
1308 985 1429 1040 custo-

299 1068 463 1132 diendum
487 1068 577 1132 viam
600 1065 645 1132 ad
667 1065 826 1133 arborem
849 1065 953 1130 vitae.
997 1078 1055 1140 [3.]
1085 1065 1182 1134 Haec
1207 1069 1324 1132 omnia
1347 1080 1429 1135 sunt

299 1163 607 1248 repraesentativa,
620 1183 681 1246 per
692 1183 779 1246 quae
796 1162 1001 1226 describitur
1012 1160 1286 1246 Antiquissimae
1302 1163 1430 1230 Eccle-

300 1261 370 1325 siae
386 1260 602 1332 instauratio,
616 1267 729 1324 status
745 1267 781 1322 et
795 1257 869 1340 ejus
884 1258 1044 1334 mutatio,
1062 1266 1098 1322 et
1115 1259 1254 1324 demum
1270 1261 1429 1325 destruc·

300 1357 369 1420 tio:
401 1377 527 1424 arcana
545 1357 697 1420 omnium
721 1353 869 1430 illorum,
887 1373 974 1437 quae
994 1354 1027 1417 in
1047 1373 1151 1418 sensu
1174 1356 1354 1438 spirituali,
1371 1358 1429 1440 qui

300 1462 354 1516 est
383 1453 417 1517 in
449 1450 593 1534 singulis
626 1451 682 1528 ibi,
711 1451 942 1525 continentur,
967 1447 1146 1532 explicata
1176 1452 1358 1520 videantur
1393 1454 1428 1516 in

299 1546 450 1612 Arcam}
483 1545 690 1613 caelestibus
721 1566 823 1628 super
851 1544 992 1608 Genesin
1021 1554 1058 1608 ct
1087 1544 1254 1622 Exodum,
1279 1547 1430 1616 Londini

300 1644 425 1706 editis:
460 1665 504 1707 ex
522 1643 643 1726 quibus
659 1643 765 1707 etiam
784 1651 945 1705 constare
962 1651 1092 1722 potest,
1109 1643 1201 1725 quod
1218 1664 1278 1727 per
1296 1644 1428 1707 “arbo-

301 1757 373 1801 rem
394 1737 509 1802 vitae”
525 1738 570 1802 ibi
590 1737 805 1820 intelligatur
822 1735 990 1800 Dominus
1006 1735 1119 1818 quoad
1136 1735 1296 1802 Divinam
1318 1738 1431 1822 lpsius

302 1833 566 1908 Providentiam,
584 1843 620 1898 et
643 1832 734 1916 quud
755 1851 816 1914 per
836 1831 1021 1896 “arborem
1041 1831 1207 1896 scientiae
1217 1831 1233 1856 ”
1252 1833 1430 1916 intelliga-

216 2009 219 2016 ,
302 1937 358 1991 tur
377 1929 481 1994 homo
501 1929 614 2011 quoad
634 1929 806 2011 propriam
825 1927 1056 2010 prudentiam.

366 2038 459 2108 ψ.
492 2023 555 2106 (ἰί.)
587 2023 685 2102 Quod
698 2023 835 2105 primus
857 2043 970 2086 eorum
984 2021 1094 2105 filius,
1118 2019 1257 2099 Car'nus,
1277 2023 1433 2088 academ

294 2119 447 2198 fratrem
465 2139 562 2182 suum
579 2118 727 2192 Abelem,
744 2128 776 2181 et
792 2117 884 2182 Deus
902 2137 965 2180 non
985 2126 1061 2180 tunc
1077 2115 1259 2180 abduxerit
1272 2117 1435 2201 loquendo

302 2233 374 2276 cum
392 2213 460 2289 illo,
477 2214 540 2278 sed
554 2213 649 2278 modo
661 2223 743 2295 post
750 2213 887 2292 fatiam
902 2211 1350 2294 maledicendo-Quoniam
1370 2235 1434 2298 per

303 2309 479 2373 Adamum
492 2319 527 2374 et
538 2329 681 2373 uxorem
693 2307 763 2390 ejus
775 2307 982 2390 intelligitur
994 2307 1153 2370 Ecclesia
1165 2307 1431 2392 Antiquissima,

304 2413 341 2468 ut
366 2425 454 2472 nunc
480 2425 581 2488 supra
604 2401 732 2468 diiium
756 2414 821 2477 est,
841 2404 921 2466 inde
945 2423 1005 2486 per
1028 2401 1172 2467 Cainum
1203 2413 1239 2467 et
1266 2403 1431 2480 Abelem,

304 2502 430 2582 primos
447 2520 564 2566 eorum
584 2500 683 2577 filios,
700 2499 943 2582 intelliguntur
958 2499 1027 2562 duo
1043 2498 1231 2563 essentalia
1248 2500 1432 2577 ecclesiae,

304 2607 493 2679 quaesunt
524 2614 621 2660 amor
642 2606 678 2660 et
701 2595 881 2676 sapientia,
906 2613 966 2657 seu
996 2593 1147 2658 charitas
1169 2603 1206 2658 et
1230 2593 1334 2673 fides;
1371 2616 1435 2678 per

305 2691 453 2756 Abelem
488 2710 584 2754 amor
607 2700 641 2754 et
664 2690 825 2764 charitas,
845 2699 882 2753 et
913 2711 974 2772 per
1001 2688 1146 2753 Cainum
1177 2690 1346 2771 sapientia
1369 2711 1433 2754 scu

304 2783 400 2859 fides,
413 2787 447 2848 in
464 2787 579 2868 specie
595 2786 765 2868 sapientia
780 2795 940 2867 separata
955 2784 999 2847 ab
1014 2803 1142 2859 amore,
1153 2805 1212 2848 seu
1228 2783 1314 2849 fides
1329 2805 1434 2868 sepa·

305 2889 382 2944 rata
399 2901 420 2942 a
438 2881 629 2958 charitate;
653 2891 689 2945 et
709 2882 879 2963 sapientia
896 2890 969 2943 turn
987 2877 1073 2944 fides
1089 2891 1250 2963 separata
1268 2881 1348 2944 talis
1364 2891 1432 2956 est,

305 2985 342 3039 ut
360 2995 427 3040 non
446 2977 550 3040 modo
562 2976 694 3058 rejiciat
711 2995 863 3040 amorem
880 2985 915 3040 et
929 2975 1147 3050 charitatem,
1159 2977 1219 3040 sed
1232 2977 1337 3044 etiarn
1353 2977 1435 3041 illas

305 3071 485 3144 annihilet,
505 3083 542 3134 et
562 3073 608 3136 sic
628 3072 767 3136 fratrem
787 3091 884 3134 suum
902 3071 1049 3134 occidat.
1096 3069 1199 3152 Quod
1222 3069 1306 3135 fides
1329 3091 1432 3155 sepa·

305 3175 380 3230 rata
399 3189 420 3230 a
438 3167 609 3232 charitate
628 3168 678 3232 ita
696 3167 812 3241 saciat,
833 3167 866 3230 in
886 3165 1085 3231 Christiano
1104 3166 1186 3229 orbe
1205 3167 1290 3230 satis
1309 3177 1432 3231 notum

305 3274 382 3342 est3
419 3266 576 3329 videatur
593 3265 758 3329 Dollrina
779 3263 898 3327 Novae
918 3261 1153 3344 Hiersoirmae
1173 3263 1214 3326 de
1234 3262 1326 3326 Fide.
1373 3274 1434 3338 [2.]

306 3359 506 3425 ΜεΙεόὶᾶἰο
529 3360 625 3426 Caini
655 3359 802 3424 involvit
825 3369 957 3422 statum
982 3358 1117 3422 illorum
1145 3356 1372 3440 spiritualem,
1396 3357 1432 3420 in

306 3477 407 3539 quern
431 3467 511 3539 post
534 3466 683 3521 mortem
706 3457 860 3530 veniunt,
885 3455 942 3537 qui
964 3463 1127 3536 separant
1150 3451 1253 3518 fidem
1276 3475 1297 3518 a
1319 3452 1433 3517 chari·

305 3562 388 3628 tate,
406 3573 465 3616 seu
484 3553 688 3634 sapientiam
707 3551 752 3614 ab
770 3571 897 3615 amore.
942 3549 1011 3614 Sed
1028 3570 1133 3632 usque
1153 3571 1196 3613 ne
1216 3551 1293 3614 ideo
1312 3555 1434 3633 pereat

305 3649 476 3732 sapientia
498 3669 559 3712 seu
581 3648 678 3723 fides,
699 3649 849 3731 positum
873 3656 928 3710 est
950 3647 1086 3727 signum
1115 3665 1217 3727 super
1246 3643 1365 3721 Caino,
1389 3663 1434 3706 ne

305 3747 531 3820 occideretur,
556 3765 635 3809 nam
663 3764 760 3808 amor
787 3762 857 3806 non
880 3743 982 3806 datur
1004 3743 1134 3824 absque
1162 3742 1344 3825 sapientia,
1369 3757 1434 3804 nec

306 3844 456 3908 charitas
474 3843 603 3926 absque
622 3842 698 3905 fide.
744 3839 834 3924 Quia
853 3861 914 3923 per
932 3839 1017 3904 haec
1038 3860 1147 3922 paene
1166 3838 1276 3903 simile
1295 3858 1431 3922 reprae-

304 3951 482 4004 sentatum
512 3949 578 4014 est,
602 3939 693 4023 quod
721 3959 782 4020 per
809 3956 904 4000 esum
933 3955 978 4000 ex
1007 3935 1129 4000 arbore
1155 3935 1330 4010 scientiae,
1354 3934 1436 3998 ideo

305 4037 460 4119 sequitur
482 4035 547 4098 hoc
567 4035 601 4096 in
621 4034 739 4096 ordine
759 4043 838 4115 post
857 4031 1125 4112 descriptionem
1149 4028 1279 4094 Adami
1302 4039 1338 4094 et
1361 4027 1435 4110 ejus

306 4133 435 4196 uxoris.
482 4130 536 4194 Illi
562 4131 668 4194 etiarn
691 4129 746 4212 qui
769 4129 803 4191 in
827 4126 893 4192 fide
917 4137 1080 4210 separata
1103 4147 1124 4190 a
1146 4124 1317 4190 charitate
1340 4132 1431 4200 sunt,

305 4228 340 4292 in
364 4227 501 4309 propria
524 4225 758 4307 intelligentia
780 4235 871 4299 sunt,
896 4233 932 4288 et
956 4223 1013 4307 qui
1043 4223 1077 4286 in
1101 4222 1271 4287 charitate
1295 4231 1331 4286 et
1354 4218 1436 4284 inde

306 4321 385 4398 fide,
405 4324 439 4386 in
458 4322 694 4405 intelligentia
711 4341 732 4385 a
751 4320 902 4384 Domino
924 4329 1016 4396 sunt,
1037 4320 1087 4383 ita
1109 4318 1143 4381 ln
1167 4317 1294 4382 Divina
1317 4315 1433 4382 Provi-

306 4419 437 4483 dentia.

371 4528 468 4596 243·
494 4510 569 4596 (iii.)
593 4510 691 4591 Quod
699 4531 784 4594 gens
796 4511 989 4576 Israelitica
1004 4511 1038 4574 in
1056 4510 1186 4574 deserto
1197 4507 1335 4573 coluerit
1344 4506 1434 4572 ralu-

307 4609 376 4672 lum
399 4629 546 4684 aureum,
566 4617 600 4672 et
620 4607 798 4690 agnoverit
815 4606 911 4670 illum
929 4617 995 4689 pro
1018 4607 1096 4682 Deo,
1121 4605 1184 4688 qui
1201 4604 1278 4668 illos
1301 4613 1435 4668 eterra

307 4703 460 4787 Aegypti
471 4703 612 4766 edum't:
640 4724 712 4767 cum
731 4713 840 4766 tamen
858 4702 1016 4778 Jelrovalr
1035 4702 1094 4764 hoc
1111 4701 1200 4764 ru'dr't
1216 4721 1234 4762 e
1251 4710 1359 4764 monte
1378 4697 1433 4762 Sr'·
