3424 5368
508 697 557 746 oe
581 695 717 746 orvrun
741 695 1094 746 momontum-u.
1114 697 1187 762 241.
1350 684 1407 764 185

347 881 448 952 240·
479 864 605 932 Omnia
623 866 684 932 illa
699 888 786 950 quae
805 867 839 932 in
858 865 1007 931 numeris
1025 864 1128 950 [236,]
1147 880 1220 947 237,
1241 866 1313 948 238,
1335 881 1409 948 239,

283 965 459 1032 recensita
479 972 571 1040 sunt,
589 960 740 1028 addudta
761 969 842 1027 sunt
864 962 910 1026 ob
932 961 1046 1038 finem,
1066 971 1104 1026 ut
1126 961 1296 1038 videatur,
1316 962 1411 1045 quod

283 1061 401 1128 omnia
423 1069 459 1124 et
483 1058 621 1143 singula
642 1079 731 1144 quae
752 1059 787 1123 in
811 1059 939 1122 mundo
961 1057 1058 1134 fiunt,
1082 1067 1154 1122 tarn
1177 1059 1269 1143 apud
1299 1059 1411 1123 malos

283 1176 388 1243 quam
418 1155 509 1239 apud
539 1157 661 1231 bonos,
686 1157 757 1220 sint
788 1155 933 1220 Divinae
963 1155 1227 1234 Providentiae;
1268 1155 1411 1236 proinde

283 1253 377 1339 quod
403 1253 528 1317 Divina
554 1251 773 1317 Providentia
795 1251 842 1315 sit
865 1251 899 1314 in
921 1250 1200 1334 singularissimis
1222 1251 1411 1332 cogitatio·

286 1368 367 1412 num
397 1357 434 1413 et
464 1344 638 1412 adtionum
664 1346 824 1422 hominis,
848 1356 885 1411 et
911 1346 1004 1430 quod
1026 1346 1106 1410 inde
1130 1346 1175 1410 sit
1199 1347 1411 1410 universalis

285 1443 354 1508 Sed
373 1444 452 1528 quia
471 1442 537 1507 hoc
557 1464 603 1507 ex
621 1441 690 1506 illis
708 1461 777 1505 non
796 1441 904 1505 videri
923 1452 1052 1524 potest,
1072 1442 1136 1505 nisi
1158 1441 1294 1523 singula
1317 1462 1412 1505 seor·

285 1541 350 1604 sim
369 1536 600 1622 explicentur,
620 1537 700 1601 ideo
717 1558 761 1600 eo
779 1537 910 1613 ordine,
929 1558 998 1621 quo
1015 1535 1166 1602 addud‘ta
1188 1548 1279 1613 sunt,
1299 1537 1413 1604 brevi·

285 1645 339 1699 ter
356 1634 568 1719 explicanda
586 1643 678 1708 sunt,
695 1631 892 1715 incipiendo
908 1653 927 1696 a
947 1652 979 1696 n.
998 1633 1070 1714 236.

349 1743 444 1815 241·
473 1728 525 1814 (i.)
552 1727 650 1808 Quod
663 1727 911 1810 sapientissimi
925 1726 1105 1804 hominum,
1118 1727 1276 1792 Adamas
1294 1738 1326 1791 et
1343 1729 1415 1812 ejus

290 1821 395 1900 Uxor,
416 1844 453 1886 se
462 1823 571 1906 passi
582 1825 654 1888 sint
669 1845 691 1887 a
709 1833 861 1904 serpente
878 1822 998 1898 seduci,
1015 1833 1049 1886 et
1064 1823 1155 1905 quod
1168 1823 1260 1887 Deus
1276 1823 1335 1886 hoc
1347 1834 1413 1906 per

286 1917 450 1982 Divinam
481 1939 578 1983 suam
606 1918 862 1983 Providentiam
884 1937 948 1980 non
970 1918 1142 1994 averterit,
1167 1929 1221 1983 est
1245 1921 1324 2002 quia
1354 1940 1414 2002 per
1508 1989 1510 1994 ,

198 2013 201 2020 ’
287 2013 463 2077 Adamum
488 2022 525 2078 et
543 2012 615 2096 ejus
634 2033 778 2078 uxorem
798 2033 868 2077 non
886 2012 1128 2096 intelliguntur
1146 2015 1298 2078 omnium
1316 2015 1415 2097 primi

285 2108 446 2172 homines
464 2110 498 2172 in
518 2110 584 2173 hoc
604 2109 734 2174 mundo
751 2109 869 2185 creati,
885 2109 947 2172 sed
963 2109 1120 2173 homines
1139 2109 1414 2194 Antiquissimae

288 2202 478 2279 Ecclesiae,
504 2223 648 2288 quorum
678 2224 770 2268 nova
799 2205 930 2269 creatio
952 2225 1012 2268 seu
1038 2206 1256 2286 regeneratio
1280 2206 1330 2269 ita
1353 2205 1413 2267 de·

286 2299 417 2380 scripta
436 2308 490 2363 est
506 2320 514 2376 ;
545 2300 621 2382 ipsa
639 2318 730 2363 nova
749 2301 880 2364 creatio
898 2321 958 2364 seu
978 2301 1197 2381 regeneratio
1220 2300 1357 2363 illorum
1370 2301 1414 2362 'in

286 2394 400 2475 capite
424 2394 535 2476 primo
561 2391 750 2478 [Geneseos]
775 2415 836 2478 per
858 2395 1069 2459 creationem
1093 2394 1190 2460 Caeli
1212 2404 1247 2458 et
1266 2394 1393 2459 Terrae
1405 2415 1413 2472 ;

287 2489 459 2571 sapientia
483 2509 523 2553 ac
547 2490 781 2573 intelligentia
803 2489 938 2554 illorum
959 2511 1018 2574 per
1036 2491 1175 2555 hortum
1195 2490 1346 2569 Edenis;
1373 2510 1414 2554 ac

286 2581 364 2649 tlnis
378 2584 469 2648 illius
486 2585 653 2650 ecclesiae
669 2604 730 2668 per
741 2602 836 2648 esum
852 2604 899 2648 ex
914 2586 1035 2649 arbore
1050 2587 1226 2652 scientiae.
1260 2586 1414 2651 Verbum

288 2680 433 2749 enimin
452 2681 528 2745 sinu
547 2701 610 2746 suo
627 2689 681 2744 est
703 2679 891 2764 spirituale,
912 2682 1095 2746 continens
1119 2703 1244 2746 arcana
1269 2682 1414 2745 Divinae

288 2771 508 2856 Sapientiae3
545 2796 584 2840 ac
605 2775 721 2840 utilia
744 2777 999 2852 contineantur,
1019 2779 1253 2861 conscriptum
1277 2788 1331 2842 est
1354 2797 1416 2860 per

288 2889 400 2934 meras
419 2872 745 2954 correspondentias
763 2882 799 2936 et
818 2875 1167 2955 repraesentationes.
1212 2873 1269 2936 Ex
1294 2873 1416 2957 quibus

288 2975 399 3048 patet,
420 2966 512 3050 quod
535 2966 625 3032 illius
644 2967 811 3032 ecclesiae
834 2968 1003 3043 homines,
1020 2970 1077 3052 qui
1096 2970 1261 3052 principio
1279 2969 1415 3033 fuerunt

288 3062 545 3145 sapientissimi,
570 3073 606 3127 et
629 3063 663 3127 in
687 3061 753 3126 fine
777 3084 822 3127 ex
852 3064 942 3128 fastu
972 3067 1131 3147 propriae
1161 3065 1415 3146 intelligentiae

288 3157 439 3241 pessimi,
457 3177 526 3221 non
545 3155 677 3223 sedufti
695 3159 765 3223 sint
780 3160 825 3222 ab
840 3159 956 3242 aliquo
971 3171 1143 3243 serpente,
1160 3160 1221 3223 sed
1238 3161 1282 3223 ab
1298 3179 1415 3223 amore

264 3306 267 3313 .
288 3255 350 3329 sui,
375 3253 431 3338 qui
455 3253 501 3317 ibi
524 3263 578 3318 est
604 3259 739 3338 “caput
761 3253 961 3336 serpentis,”
980 3256 1071 3338 quod
1099 3253 1225 3320 Semen
1252 3254 1414 3328 mulieris,

288 3349 353 3413 lroc
371 3359 437 3422 est,
452 3348 631 3426 Dominus,
646 3351 905 3432 proculcaturus
921 3359 986 3414 est.
1025 3362 1082 3426 [2.]
1107 3349 1194 3432 Quis
1210 3369 1278 3413 non
1296 3360 1415 3432 potest

287 3465 334 3508 ex
365 3445 500 3509 ratione
523 3446 651 3521 videre,
671 3446 763 3530 quod
786 3445 864 3519 alia,
885 3464 987 3527 quam
1011 3466 1097 3528 quae
1124 3445 1288 3510 historice
1311 3445 1357 3507 ibi
1380 3445 1414 3508 in

289 3540 407 3605 littera
431 3551 625 3606 memorata
648 3551 739 3618 sunt,
763 3540 1025 3622 intelligantur?
1070 3539 1155 3622 Quis
1178 3542 1269 3605 enim
1296 3551 1415 3623 potest

289 3635 594 3719 comprehendere,
619 3637 710 3720 quod
740 3637 870 3700 creatio
900 3637 1017 3700 mundi
1047 3637 1198 3718 potuerit
1223 3636 1303 3699 talis
1326 3657 1415 3712 esse,

288 3733 379 3796 sicut
398 3731 443 3794 ibi
463 3732 689 3797 describitur?
712 3752 816 3815 quare
835 3733 941 3795 etiam
961 3732 1087 3795 sudant
1107 3733 1230 3796 eruditi
1249 3733 1283 3795 in
1303 3731 1415 3812 expli-

181 3885 185 3892 .
288 3828 427 3891 catione
451 3824 598 3902 illorum,
618 3829 758 3910 quaein
779 3829 888 3909 primo
911 3828 1025 3910 capite
1049 3837 1141 3901 sunt,
1161 3827 1312 3891 fatentes
1336 3837 1415 3891 tan·

288 3923 370 3987 dem
383 3923 474 4007 quod
492 3943 561 3989 non
578 3923 777 4006 intelligant
791 3945 798 4002 ;
823 3933 896 3987 tum
910 3924 999 4006 quod
1016 3923 1049 3985 in
1066 3923 1169 3987 horto
1180 3944 1239 3987 seu
1256 3923 1416 4006 paradiso

288 4020 426 4085 illorum
458 4023 592 4105 positae
625 4019 748 4084 suerint
779 4019 880 4084 binae
910 4018 1060 4093 arbores,
1085 4039 1153 4084 una
1175 4021 1265 4084 vitae
1288 4029 1325 4084 et
1348 4039 1417 4084 una

290 4119 466 4192 scientiae,
480 4129 516 4180 et
536 4117 621 4181 haec
637 4117 671 4178 in
688 4113 949 4192 offendiculum
973 4123 1011 4177 ut
1027 4124 1075 4192 et,
1092 4117 1184 4200 quod
1200 4137 1246 4181 ex
1264 4116 1340 4180 solo
1356 4137 1416 4180 esu

289 4213 389 4295 hujus
411 4211 541 4276 arboris
564 4214 598 4275 in
622 4221 759 4275 tantum
790 4209 1015 4294 praevaricati
1046 4210 1127 4288 sint,
1151 4221 1188 4276 ut
1212 4231 1281 4275 non
1304 4211 1415 4276 solum

290 4308 351 4383 illi,
368 4306 429 4371 sed
448 4308 553 4371 etiam
573 4307 767 4372 universum
786 4325 896 4389 genus
915 4304 1115 4382 humanum,
1131 4307 1319 4390 posteritas
1337 4305 1416 4372 illo·

290 4421 376 4478 rum,
396 4402 607 4465 damnationi
626 4401 769 4465 obnoxii
789 4400 931 4480 tierent3
958 4419 1072 4481 porro,
1092 4402 1183 4483 quod
1203 4402 1325 4485 aliquis
1344 4422 1417 4467 ser·

289 4516 378 4581 pens
407 4499 579 4580 potuisset
601 4497 680 4560 illos
703 4497 889 4562 seducere:
924 4505 1062 4577 praeter
1084 4495 1151 4558 alia
1176 4495 1233 4572 ibi,
1257 4505 1294 4560 ut
1323 4499 1418 4580 quod

287 4615 380 4660 uxor
392 4602 510 4658 creata
525 4593 570 4658 sit
585 4614 631 4658 ex
648 4603 748 4658 costa
764 4593 896 4669 mariti;
919 4591 1011 4674 quod
1029 4592 1223 4655 nuditatem
1240 4611 1336 4656 suam
1353 4613 1417 4676 ag·

291 4691 452 4756 noverint
482 4700 563 4773 post
586 4688 732 4773 lapsum,
756 4711 796 4754 ac
819 4687 1011 4754 velaverint
1035 4686 1128 4750 illam
1151 4686 1238 4750 soliis
1261 4685 1354 4764 ficus,
1379 4699 1417 4751 et
