3418 5370
487 673 539 725 os
563 671 701 722 mvnm
722 667 1077 720 mormanus-n.
1099 653 1169 735 326.
1342 653 1401 714 281

276 857 396 914 amant
427 848 518 912 enim
548 844 685 919 Divina,
716 862 804 927 quae
837 843 881 904 ab
915 841 997 924 Ipso
1024 849 1116 916 sunt,
1145 837 1302 902 iaciendo
1335 835 1403 908 illa,

275 943 403 1008 Divina
419 963 506 1026 quae
523 950 638 1004 sunta
655 939 742 1015 Deo,
757 949 837 1001 sunt
855 945 1044 1020 praecepta
1059 935 1146 1018 legis
1163 935 1294 1020 Ipsius3
1318 934 1404 998 haec

275 1050 357 1104 sunt
374 1038 479 1112 Deus,
493 1039 571 1121 quia
588 1037 666 1118 lpse
683 1044 737 1099 est
756 1051 854 1096 suum
872 1033 1033 1095 Divinum
1050 1031 1262 1114 procedens;
1286 1039 1322 1094 et
1338 1029 1404 1094 hoc

276 1147 331 1200 est
351 1153 468 1197 amare
489 1133 621 1211 Deum;
640 1151 745 1214 quare
766 1129 934 1192 Dominus
954 1129 1049 1202 dicit,

269 1275 271 1280 ’
327 1279 379 1346 Qui
392 1291 535 1344 praecepta
545 1277 609 1328 Mea
620 1277 691 1334 iacit,
702 1276 747 1325 ille
760 1286 802 1324 est
815 1275 859 1339 qui
875 1283 949 1323 amat
961 1273 1015 1332 Me,
1025 1274 1069 1338 qui
1081 1283 1172 1322 autern
1185 1281 1329 1336 praecepta
1342 1269 1406 1344 Mea

411 1359 465 1394 noo
478 1344 549 1402 iacit,
563 1344 608 1392 ille
622 1342 667 1391 Me
680 1356 735 1390 oon
748 1351 821 1389 amat
834 1341 909 1404 (Joh.
922 1339 976 1389 xiv.
989 1339 1094 1402 21-24):

278 1493 337 1572 Ῑ7.]
360 1524 448 1589 quae
467 1511 651 1578 causaest,
670 1503 762 1586 quod
781 1503 882 1566 binae
901 1500 1043 1566 tabulae
1062 1499 1221 1582 decalogi
1239 1500 1318 1573 sint,
1336 1520 1405 1563 una

278 1618 340 1681 pro
360 1599 447 1674 Deo,
468 1611 504 1663 et
528 1599 639 1663 altera
658 1619 720 1681 pro
739 1598 889 1661 homine.
916 1607 917 1610 ’
935 1597 1029 1662 Deus
1048 1597 1210 1661 continue
1229 1608 1403 1677 operatur,

278 1705 317 1760 ut
334 1697 439 1760 homo
456 1696 598 1777 recipiat
617 1693 676 1757 illa
692 1715 779 1778 quae
797 1695 832 1756 in
851 1714 913 1756 sua
928 1693 1048 1758 tabula
1064 1704 1155 1768 sunt,
1172 1693 1233 1756 sed
1253 1693 1280 1755 si
1299 1692 1405 1755 homo

278 1808 348 1852 non
371 1789 455 1854 lacit
478 1789 539 1852 illa
562 1810 648 1874 quae
672 1789 706 1852 in
730 1809 791 1852 sua
813 1789 932 1853 tabula
955 1799 1046 1862 sunt,
1068 1808 1136 1851 non
1160 1789 1281 1871 recipit
1305 1788 1403 1869 agni·

278 1885 375 1948 tione
390 1885 504 1949 cordis
520 1885 579 1949 illa
594 1905 681 1968 quae
697 1885 732 1948 in
748 1885 869 1949 tabula
885 1884 949 1948 Dei
965 1894 1066 1962 sunt;
1089 1895 1126 1948 et
1142 1886 1171 1948 si
1187 1903 1256 1946 non
1272 1883 1403 1966 recipit,

278 2000 349 2044 non
380 1980 610 2064 conjungitur.
658 1979 772 2064 Quare
796 1981 897 2046 binae
926 1981 1007 2046 illae
1038 1982 1178 2046 tabulae
1202 1977 1405 2061 conjunctae

279 2087 361 2141 sunt
380 2086 417 2141 ut
441 2097 545 2140 unum
565 2079 645 2152 sint,
666 2087 702 2142 et
725 2087 871 2142 vocatae
890 2077 1030 2142 tabulae
1048 2077 1206 2152 foederis
1226 2087 1262 2140 et
1285 2075 1406 2140 foedus

279 2171 454 2254 significat
482 2171 770 2255 conjundiionem.
816 2173 929 2239 Causa
957 2174 1048 2258 quod
1073 2176 1214 2258 quisque
1236 2181 1406 2255 agnoscat

279 2266 406 2346 Deum,
426 2279 463 2332 et
487 2269 717 2352 conjungatur
740 2270 810 2354 Ipsi
840 2271 1029 2335 secundum
1049 2271 1176 2334 bonum
1195 2271 1288 2332 vitae
1312 2289 1403 2342 suae,

279 2373 335 2428 est
351 2365 431 2448 qnia
445 2366 574 2429 bonum
590 2368 683 2430 vitae
699 2377 754 2430 est
770 2368 881 2432 simile
897 2367 991 2430 bono
1007 2367 1098 2449 quod
1118 2367 1152 2430 in
1169 2365 1319 2428 Domino
1337 2372 1403 2437 est,

279 2468 317 2523 et
340 2461 420 2524 inde
443 2462 535 2543 quod
562 2481 583 2523 a
610 2460 762 2526 Domino
784 2474 861 2540 est;
893 2482 996 2545 quare
1020 2481 1098 2524 cnm
1121 2461 1226 2523 homo
1255 2461 1289 2522 in
1312 2460 1405 2521 bono

279 2555 373 2618 vitae
389 2565 454 2630 est,
472 2555 510 2619 fit
530 2553 735 2636 conjunctio.
780 2555 996 2620 Contrarium
1016 2567 1071 2620 est
1090 2575 1166 2619 cum
1184 2555 1275 2619 malo
1290 2555 1403 2632 vitae;

279 2645 347 2712 hoc
372 2649 481 2728 rejicit
510 2648 708 2713 Dominum.
754 2659 812 2718 [8.]
843 2650 1016 2714 Tertium:
1054 2649 1152 2728 Quod
1177 2649 1294 2714 bouum
1316 2649 1407 2713 vitae

280 2763 339 2807 seu
356 2743 435 2808 bene
448 2743 572 2818 vivere,
589 2744 638 2808 sit
643 2746 768 2827 sugere
781 2745 872 2809 mala
887 2747 966 2829 quia
981 2755 1061 2810 sunt
1074 2756 1190 2810 contra
1201 2746 1403 2829 religionem,

280 2837 332 2902 ita
348 2848 464 2903 contra
489 2833 605 2902 Deum,
651 2839 755 2922 Quod
784 2841 849 2905 hoc
880 2843 924 2905 sit
954 2842 1083 2906 bonum
1101 2844 1206 2918 vitae,
1228 2864 1287 2906 seu
1316 2843 1405 2906 bene

280 2935 407 3010 vivere,
429 2934 530 3018 plene
549 2945 728 3008 ostensum
751 2947 805 3000 est
832 2938 866 3002 in
892 2937 1058 3002 Dolirina
1092 2937 1188 3004 Vitae
1211 2949 1281 3021 pro
1307 2937 1407 3001 Nova

281 3028 527 3111 Hterosolyma,
551 3051 572 3094 a
601 3032 768 3115 principio
795 3033 840 3096 ad
869 3031 982 3097 finem.
1028 3032 1160 3116 Quibus
1185 3034 1270 3098 haec
1295 3033 1406 3097 solum

281 3125 451 3207 adjiciam,
471 3127 564 3209 quod
582 3127 610 3188 si
629 3126 720 3191 bona
738 3129 844 3192 iacias
866 3129 900 3191 in
923 3130 1017 3206 omni
1037 3132 1148 3212 copia,
1168 3138 1205 3193 ut
1226 3132 1254 3194 si
1276 3129 1406 3210 templa

282 3219 454 3297 aedifices,
474 3221 534 3285 illa
556 3242 659 3285 ornes
681 3243 722 3285 ac
745 3223 891 3303 impleas
918 3225 1078 3300 donariis,
1098 3227 1127 3290 si
1156 3237 1314 3308 sumptus
1343 3226 1406 3286 im·

282 3316 415 3400 pendas
437 3317 665 3399 hospitalibus
694 3328 731 3383 et
761 3319 999 3392 xenodochiis,
1020 3321 1047 3383 si
1075 3319 1315 3402 eleemosynas
1345 3321 1407 3383 des

266 3413 441 3488 ¹cottidie,
472 3413 651 3497 opituleris
682 3415 793 3478 viduis
826 3423 862 3478 et
896 3415 1045 3498 pupillis,
1078 3417 1107 3480 si
1139 3414 1260 3480 sandia
1293 3417 1407 3479 cultus

283 3508 547 3586 seduloobeas,
570 3510 677 3573 immo
700 3512 728 3574 si
750 3512 896 3593 cogites,
917 3510 1066 3594 loquaris
1089 3521 1125 3577 et
1147 3513 1325 3595 praedices
1348 3513 1409 3576 illa

283 3605 373 3668 sicut
392 3626 437 3668 ex
456 3605 572 3681 corde,
592 3616 628 3671 et
651 3615 769 3670 tamen
788 3627 858 3670 non
875 3606 964 3688 fugis
983 3608 1075 3671 mala
1096 3619 1134 3673 ut
1158 3619 1304 3691 peccata
1323 3630 1407 3673 con·

283 3707 340 3763 tra
355 3699 479 3776 Deum,
496 3701 612 3764 omnia
627 3700 687 3765 illa
703 3701 796 3767 bona
812 3723 881 3766 non
897 3714 978 3767 sunt
993 3704 1105 3783 bona;
1128 3715 1208 3769 sunt
1224 3705 1280 3767 vel
1296 3705 1407 3788 hypo·

284 3795 406 3858 critica
423 3795 480 3859 vel
500 3797 684 3872 meritoria,
704 3817 784 3862 nam
804 3819 910 3882 usque
929 3798 1056 3862 malum
1075 3800 1165 3863 intus
1188 3801 1222 3864 in
1246 3800 1314 3864 illis
1332 3811 1406 3866 est:

284 3890 358 3955 vita
376 3891 468 3955 enim
487 3890 636 3974 cujusvis
658 3901 714 3958 est
736 3894 771 3958 in
793 3895 951 3958 omnibus
975 3905 1011 3959 et
1034 3896 1177 3977 singulis
1195 3917 1283 3980 quae
1302 3897 1407 3976 sacit;

284 3994 322 4049 at
341 3987 432 4051 bona
452 4007 520 4052 non
537 3988 639 4053 aliter
654 3987 740 4054 liunt
758 3990 862 4066 bona,
879 4010 982 4073 quam
1001 4012 1063 4074 per
1080 3994 1308 4056 remotionem
1328 3993 1409 4058 mali

284 4083 425 4147 abillis.
471 4084 529 4148 Ex
549 4084 603 4149 his
623 4095 734 4167 patet,
754 4087 847 4170 quod
865 4087 983 4169 sugere
1002 4087 1094 4151 mala
1112 4090 1192 4172 quia
1210 4101 1332 4154 contra
1354 4113 1408 4156 re·

284 4177 462 4262 ligionem,
486 4181 538 4245 ita
567 4191 691 4245 contra
721 4181 834 4246 Deum
864 4193 955 4258 sunt,
985 4185 1031 4248 sit
1061 4184 1150 4248 bene
1178 4187 1304 4250 vivere.
1351 4191 1408 4254 [9.]

284 4272 473 4356 Quartum:
502 4275 600 4354 Quod
624 4276 704 4341 haec
724 4277 795 4340 sint
822 4279 1006 4343 communia
1028 4280 1172 4343 omnium
1200 4281 1408 4362 relegrbnum,

279 4379 347 4453 per
362 4393 447 4454 quae
460 4372 687 4454 unusquisque
695 4381 809 4455 potest
822 4374 963 4438 salvari.
1009 4375 1214 4457 Agnoscere
1232 4376 1355 4452 Deum,
1372 4386 1409 4441 et

265 4467 485 4531 nonfacere
505 4467 632 4530 malum
655 4469 733 4552 quia
760 4480 815 4532 est
845 4481 966 4534 contra
985 4471 1107 4546 Deum,
1128 4483 1207 4537 sunt
1231 4474 1300 4539 duo
1322 4495 1409 4557 quae

283 4557 413 4627 faciunt
429 4563 522 4647 quod
536 4563 659 4646 religio
675 4565 719 4628 sit
735 4565 858 4648 religio
873 4588 880 4643 ;
904 4568 932 4631 si
951 4567 1051 4632 deest
1068 4588 1183 4645 unum,
1202 4591 1270 4634 non
1291 4580 1410 4654 potest

284 4657 353 4722 dici
375 4658 516 4742 religio;
544 4678 624 4723 nam
647 4679 838 4743 agnoscere
862 4661 972 4725 Deum
996 4673 1032 4727 et
1055 4664 1169 4729 facere
1192 4667 1331 4742 malum,
1356 4680 1411 4733 est
