3418 5370
445 667 496 716 DE
520 627 657 717 mleA
680 667 1036 720 PROVlDENTlA.-N.
1058 674 1129 739 309.
1353 676 1415 746 255

282 841 364 928 quia
384 839 497 904 omnis
515 838 654 922 loquela
671 839 744 904 fluit
763 860 785 903 a
803 842 1029 923 cogitatione,
1050 843 1139 909 sicut
1159 844 1299 912 effeetus
1317 870 1339 913 a
1357 868 1418 916 sua

282 959 400 1014 causa,
423 945 460 1000 et
488 936 599 997 omnis
624 931 714 998 actio
740 955 761 998 a
787 935 971 1002 voluntate
998 940 1167 1018 similiter,
1192 944 1283 1026 quod
1310 945 1417 1012 etiam

282 1056 388 1099 omne
405 1033 439 1098 id
458 1031 588 1106 influat,
608 1031 701 1113 quod
721 1030 827 1095 homo
842 1030 992 1115 loquitur
1008 1043 1044 1097 et
1064 1037 1150 1117 agit,
1167 1040 1309 1103 tametsi
1326 1042 1418 1106 deri·

284 1133 402 1196 vative
418 1153 478 1195 seu
494 1129 657 1192 mediate.
705 1124 807 1208 Quod
825 1149 926 1192 omne
942 1129 1061 1192 influat
1077 1133 1167 1215 quod
1187 1134 1293 1200 homo
1308 1138 1416 1217 videt,

280 1231 392 1306 audit,
417 1230 552 1306 odorat,
577 1236 697 1311 gustat
722 1237 757 1290 et
787 1228 906 1302 sentit,
932 1247 1001 1291 non
1025 1239 1145 1311 potest
1169 1235 1308 1316 negari;
1336 1237 1416 1320 quid

285 1346 354 1390 non
373 1327 464 1410 quod
484 1327 590 1390 homo
610 1326 746 1407 cogitat
770 1332 807 1387 et
831 1322 928 1386 vult?
974 1323 1065 1388 Num
1084 1327 1178 1391 aliud
1198 1339 1318 1411 potest
1340 1352 1416 1397 esse

280 1423 478 1498 discrimen,
496 1443 599 1507 quam
616 1422 707 1507 quod
727 1421 761 1485 in
782 1441 915 1504 organa
930 1441 1092 1487 sensuum
1109 1435 1336 1489 externorum
1355 1448 1417 1492 seu

281 1521 437 1602 corporis
461 1519 603 1582 influant
628 1518 713 1582 talia
740 1538 828 1601 quae
859 1519 893 1581 in
924 1520 1055 1582 mundo
1082 1520 1233 1584 naturali
1263 1531 1355 1598 sunt,
1379 1533 1416 1586 et

280 1615 376 1698 quod
405 1617 439 1679 in
470 1616 683 1679 substantias
716 1615 900 1697 organicas
927 1633 1090 1679 sensuum
1113 1617 1328 1680 internorum
1355 1638 1416 1682 seu

284 1713 411 1775 mentis
430 1711 573 1775 influant
594 1710 679 1774 talia
699 1732 786 1793 quae
813 1712 848 1774 in
868 1713 998 1774 mundo
1017 1712 1189 1795 spirituali
1209 1713 1312 1777 sunt?
1335 1734 1415 1797 pro-

281 1807 363 1870 inde
383 1809 474 1893 quod
492 1809 580 1872 sicut
601 1828 732 1889 organa
752 1827 915 1871 sensuum
935 1817 1161 1871 externorum
1179 1829 1239 1872 seu
1262 1812 1415 1893 corporis

281 1916 364 1970 sunt
393 1907 612 1990 receptacula
637 1904 850 1987 objectorum
875 1905 1097 1981 naturalium,
1121 1907 1173 1970 ita
1199 1907 1413 1973 substantiae

279 2005 466 2084 organicae
483 2023 644 2068 sensuum
658 2004 873 2065 internorum
888 2023 947 2066 seu
965 2004 1091 2066 mentis
1107 2005 1176 2068 sint
1193 2005 1415 2086 receptacula

280 2096 494 2179 objedtorum
517 2098 750 2182 spiritualium.
799 2099 885 2162 Cum
913 2097 995 2163 talis
1019 2109 1135 2162 status
1166 2109 1221 2164 est
1251 2099 1413 2177 hominis,

278 2194 364 2276 quid
388 2205 469 2258 tunc
494 2205 548 2258 est
576 2195 749 2277 proprium
775 2193 870 2277 ejus?
901 2203 938 2257 et
966 2196 1141 2277 proprium
1164 2195 1236 2277 ejus
1259 2216 1328 2260 non
1357 2205 1413 2260 est

280 2291 374 2371 quod
398 2290 468 2354 tale
493 2301 553 2354 aut
577 2289 647 2355 tale
672 2289 929 2373 receptaculum
960 2291 1017 2367 sit,
1042 2292 1121 2373 quia
1150 2291 1215 2354 hoc
1240 2293 1412 2376 proprium

281 2405 352 2449 non
375 2385 466 2449 aliud
498 2395 551 2448 est
581 2403 683 2469 quam
708 2384 809 2467 quale
837 2384 909 2467 ejus
934 2385 1048 2469 quoad
1071 2387 1317 2468 receptionem,
1342 2407 1412 2451 non

279 2492 398 2545 autem
421 2490 475 2545 est
499 2482 672 2564 proprium
692 2482 805 2559 vitae;
837 2501 899 2564 per
922 2481 1096 2563 proprium
1116 2483 1207 2544 enim
1229 2502 1251 2545 a
1273 2483 1411 2548 nemine

279 2576 484 2660 intelligitur
503 2576 607 2651 aliud,
628 2594 730 2657 quam
750 2576 843 2659 quod
864 2576 959 2639 vivat
979 2597 1025 2638 ex
1050 2596 1098 2650 se,
1119 2585 1155 2640 et
1179 2576 1258 2640 inde
1277 2577 1411 2659 cogitet

279 2683 318 2737 et
334 2674 419 2737 velit
435 2693 481 2736 ex
499 2690 554 2735 se:
579 2671 641 2734 sed
658 2671 750 2754 quod
768 2670 834 2733 hoc
851 2671 1026 2754 proprium
1044 2691 1113 2734 non
1131 2671 1176 2735 sit
1191 2673 1282 2754 apud
1298 2672 1410 2737 homi-

281 2787 372 2843 nem,
386 2767 491 2832 immo
508 2767 599 2851 quod
616 2785 679 2830 nec
697 2765 770 2829 dari
788 2766 901 2848 possit
918 2765 1011 2848 apud
1028 2765 1146 2842 ullum,
1164 2787 1185 2830 a
1204 2768 1411 2850 supradictis

279 2866 510 2948 consequitur.

343 2975 449 3042 3⁰9.
480 2957 548 3022 Sed
567 2957 710 3022 referam
730 2956 811 3041 quid
835 2977 856 3022 a
879 2957 1083 3042 quibusdam
1107 2959 1140 3022 in
1165 2959 1294 3025 mundo
1312 2961 1410 3043 spiri·

277 3054 364 3118 tuali
384 3054 516 3132 audivi;
540 3062 638 3118 erant
657 3075 702 3117 ex
724 3053 804 3129 illis,
826 3055 882 3136 qui
902 3055 1121 3117 crediderunt
1140 3056 1311 3137 propriam
1331 3076 1410 3139 pru·

276 3151 435 3213 dentiam
452 3170 528 3213 esse
544 3169 657 3228 omne,
671 3170 711 3213 ac
730 3149 892 3212 Divinam
911 3149 1168 3212 Providentiam
1188 3170 1256 3212 non
1273 3148 1409 3233 aliquid.

282 3244 375 3320 Dixi,
395 3244 487 3327 quod
507 3264 576 3308 non
596 3244 734 3327 aliquod
756 3245 929 3328 proprium
950 3244 1081 3308 homini
1106 3246 1161 3320 sit,
1184 3247 1247 3308 nisi
1266 3243 1351 3308 velis
1374 3245 1409 3310 id

277 3361 405 3404 vocare
429 3341 600 3424 proprium
624 3339 706 3420 ejus,
728 3340 821 3423 quod
848 3339 919 3404 tale
949 3350 1008 3404 aut
1036 3340 1106 3404 tale
1135 3338 1325 3423 subjedlum
1350 3341 1407 3419 sit,

276 3457 341 3501 seu
360 3434 431 3500 tale
450 3447 509 3500 aut
532 3436 602 3501 tale
622 3456 801 3520 organum,
824 3459 884 3501 seu
909 3437 988 3500 talis
1013 3446 1072 3500 aut
1096 3436 1176 3499 talis
1194 3436 1321 3516 sorma;
1346 3435 1407 3500 sed

278 3531 345 3596 hoc
374 3552 441 3595 non
468 3542 523 3597 est
550 3535 724 3617 proprium
749 3534 841 3618 quod
867 3533 1085 3617 intelligitur,
1112 3543 1165 3597 est
1189 3534 1279 3596 enim
1302 3533 1408 3598 modo

275 3627 403 3711 quale;
434 3638 470 3692 at
493 3629 584 3712 quod
611 3628 694 3692 nulli
718 3630 849 3694 homini
875 3631 1013 3714 aliquod
1046 3631 1218 3714 proprium
1247 3631 1290 3692 sit
1318 3629 1406 3695 sicut

277 3725 452 3808 proprium
482 3725 711 3789 communiter
742 3727 959 3809 intelligitur.
1014 3727 1079 3801 llli,
1114 3727 1170 3809 qui
1205 3725 1406 3809 prudentiae

277 3822 435 3902 propriae
452 3821 659 3886 addixerunt
677 3824 804 3899 omnia,
823 3825 880 3907 qui
901 3825 1007 3888 etiam
1029 3825 1144 3888 vocari
1163 3833 1308 3906 possunt
1328 3843 1406 3904 pro·

277 3918 426 3998 prietarii
455 3919 489 3980 in
513 3919 662 4000 imagine
690 3942 762 3997 sua,
790 3924 1054 3987 excanduerunt
1080 3922 1138 3997 ita,
1164 3930 1201 3983 ut
1225 3928 1406 4002 appareret

275 4009 415 4076 flamma
437 4035 482 4076 ex
505 4014 654 4092 naribus,
676 4019 846 4096 dicenteS,
870 4019 1068 4103 “Loqueris
1092 4019 1271 4103 paradoxa
1294 4027 1330 4081 et
1353 4017 1404 4078 in·

273 4127 382 4186 sana;
406 4129 521 4174 annon
538 4111 585 4175 sic
605 4111 694 4178 soret
714 4115 820 4179 homo
839 4115 922 4179 nihil
943 4127 978 4180 et
997 4115 1122 4179 inane?
1145 4113 1201 4178 vel
1221 4114 1309 4178 loret
1327 4113 1407 4176 idea

272 4214 313 4268 et
344 4205 549 4287 phantasia?
580 4209 636 4274 vel
666 4212 754 4276 soret
780 4211 940 4294 sculptile
965 4222 1024 4276 aut
1051 4222 1168 4275 statua
1179 4209 1209 4274 ?”
1254 4216 1311 4278 [2.]
1337 4208 1406 4273 Sed

277 4320 346 4364 non
367 4303 462 4383 potui
481 4304 583 4371 aliter
602 4308 824 4393 respondere,
846 4329 947 4391 quam
964 4309 1054 4391 quod
1075 4308 1278 4391 paradoxon
1298 4316 1333 4369 et
1353 4307 1404 4369 in·

271 4416 397 4461 sanum
420 4401 465 4466 sit
491 4405 642 4479 credere,
669 4405 760 4487 quod
790 4404 896 4468 homo
920 4405 964 4468 sit
992 4404 1065 4466 vita
1094 4424 1139 4466 ex
1171 4423 1219 4476 se,
1244 4402 1405 4486 quodque

270 4497 445 4576 sapientia
462 4511 498 4565 et
519 4500 701 4584 prudentia
721 4519 790 4562 non
808 4499 926 4562 influat
946 4520 966 4561 a
985 4498 1072 4572 Deo,
1091 4497 1150 4560 sed
1171 4497 1262 4579 quod
1282 4499 1350 4561 sint
1371 4500 1405 4562 in

274 4591 424 4670 homine,
446 4598 495 4662 ita
511 4616 646 4680 quoque
665 4594 794 4658 bonum
810 4595 901 4676 quod
921 4594 1100 4658 charitatis
1119 4603 1155 4655 et
1175 4613 1292 4655 verum
1313 4595 1403 4677 quod

267 4685 352 4753 fidei
372 4703 437 4755 est.
485 4691 583 4754 Haec
603 4689 667 4755 sibi
687 4690 886 4765 attribuere,
908 4690 952 4753 ab
970 4688 1063 4752 omni
1084 4689 1243 4784 sapiente
1262 4699 1407 4754 vocatur
