3344 5402
296 638 335 688 10
644 632 849 686 SAPIENTIA
871 633 1068 688 ANGELICA

403 989 518 1076 Quon
540 1005 601 1058 srr
622 1005 722 1059 uuus
744 993 850 1060 Deus
873 993 995 1060 Houo
1017 1007 1043 1060 A
1066 1007 1144 1076 Quo
1166 1008 1305 1063 ouum.

355 1213 423 1283 23.
453 1193 579 1264 Omnia
601 1198 744 1264 rationis
767 1198 939 1264 humanae
962 1219 1000 1265 se
1026 1199 1239 1284 conjungant
1262 1211 1298 1267 et
1321 1203 1418 1286 quasi

291 1304 521 1361 concentrant
543 1297 579 1360 in
601 1296 646 1373 id,
667 1297 759 1381 quod
783 1297 877 1362 Deus
901 1318 987 1361 unus
1010 1296 1156 1363 Creator
1178 1301 1329 1365 universi
1351 1303 1416 1366 sit:

291 1414 395 1477 quare
412 1394 528 1471 homo,
546 1394 715 1470 miratio,
734 1417 779 1459 ex
795 1397 970 1460 communi
989 1393 1186 1462 intellectus
1202 1399 1253 1462 sui
1269 1419 1337 1463 non
1354 1399 1417 1462 ali-

182 1478 190 1492 ’
290 1502 345 1555 ter
363 1493 507 1574 cogitat,
525 1513 588 1557 nec
609 1495 761 1574 cogitare
781 1504 907 1576 potest.
953 1493 1017 1558 Dic
1034 1494 1145 1572 alicui,
1162 1498 1216 1560 cui
1231 1517 1315 1560 sana
1329 1498 1418 1562 ratio

290 1598 356 1666 est,
370 1590 462 1673 quod
479 1589 547 1655 duo
564 1587 747 1655 Creatores
764 1593 911 1655 universi
927 1593 1008 1668 sint,
1026 1604 1062 1657 et
1082 1595 1272 1676 comperies
1291 1614 1417 1676 repug-

291 1688 445 1751 nantiam
469 1709 514 1751 ex
537 1688 598 1753 illo
621 1689 654 1751 in
678 1697 725 1763 te,
750 1699 785 1752 et
811 1688 897 1753 forte
921 1711 967 1753 ex
991 1690 1067 1754 solo
1090 1690 1248 1774 loquelae
1271 1710 1358 1755 sono
1382 1693 1416 1755 in

275 1795 390 1848 aure:
419 1785 509 1849 unde
533 1796 642 1868 patet,
663 1788 754 1868 quod
779 1789 894 1851 omnia
916 1789 1060 1852 rationis
1079 1788 1248 1853 humanae
1272 1811 1308 1853 se
1332 1810 1416 1854 con·

286 1881 435 1965 jungant
454 1893 490 1946 et
510 1895 740 1948 concentrent
758 1885 793 1948 in
812 1885 858 1960 id,
878 1887 971 1969 quod
992 1887 1086 1950 Deus
1105 1908 1191 1951 unus
1210 1889 1266 1953 sit.
1313 1885 1416 1969 Quod

289 1982 339 2044 ita
362 1982 418 2055 sit,
443 1992 522 2045 sunt
545 1982 646 2045 binae
670 2002 802 2045 causae.
846 1981 970 2046 Prima
992 1995 1057 2059 est,
1078 1986 1156 2066 quia
1179 1987 1252 2066 ipsa
1270 1985 1416 2049 facultas

290 2078 505 2143 rationaliter
523 2081 700 2160 cogitandi
720 2081 754 2143 in
777 2101 814 2143 se
833 2077 991 2162 spectata
1010 2101 1079 2145 non
1098 2093 1151 2146 est
1175 2083 1333 2158 hominis,
1353 2083 1416 2146 sed

290 2185 344 2240 est
365 2177 430 2240 Dei
450 2176 540 2258 apud
559 2176 675 2254 illum;
699 2197 744 2240 ex
763 2176 824 2241 illa
843 2178 971 2259 pendet
989 2167 1078 2243 ratio
1094 2179 1244 2244 humana
1265 2181 1299 2243 in
1319 2200 1415 2244 com·

290 2275 394 2349 muni,
415 2284 451 2338 et
474 2293 657 2337 commune
680 2274 762 2339 facit
786 2286 824 2339 ut
847 2276 880 2338 id
904 2277 1020 2339 videat
1044 2278 1133 2340 sicut
1155 2298 1175 2339 a
1198 2297 1245 2340 se.
1289 2275 1416 2342 Altera

290 2381 356 2444 est,
377 2372 456 2453 quia
475 2371 580 2433 horno
598 2391 660 2452 per
677 2372 879 2436 facultatem
900 2373 995 2435 illam
1014 2374 1070 2437 vel
1093 2384 1147 2438 est
1166 2375 1200 2437 in
1219 2374 1295 2437 luce
1314 2375 1413 2451 caeli,

290 2469 346 2531 vel
369 2469 476 2532 trahit
497 2488 678 2532 commune
701 2491 783 2534 suae
806 2472 1029 2551 cogitationis
1052 2472 1143 2547 inde,
1163 2483 1199 2535 et
1222 2473 1415 2537 universale

270 2566 375 2629 vlucis
398 2566 484 2630 caeli
508 2577 562 2630 est
585 2568 677 2650 quod
708 2565 801 2630 Deus
826 2589 910 2631 unus
934 2571 988 2632 sit.
1034 2569 1149 2633 Aliter
1178 2571 1206 2633 si
1236 2569 1341 2634 homo
1368 2590 1414 2634 ex

288 2663 455 2727 facultate
477 2663 536 2726 illa
559 2667 763 2744 perverterit
781 2665 938 2729 inferiora
956 2664 1174 2746 intellectum
1199 2667 1256 2731 ille
1274 2668 1413 2750 quidem

289 2761 399 2842 pollet
417 2761 476 2824 illa
494 2762 670 2835 facultate,
692 2763 752 2825 sed
772 2782 831 2843 per
847 2765 1074 2828 intorsionem
1093 2766 1289 2830 inferiorum
1308 2767 1414 2830 vertit

288 2859 382 2922 illam
403 2859 585 2936 aliorsum3
609 2860 688 2922 inde
705 2859 776 2940 ejus
795 2863 883 2924 ratio
901 2881 970 2924 non
989 2883 1073 2924 sana
1092 2862 1139 2926 fit.

352 2969 421 3037 24.
451 2954 573 3019 Omnis
602 2958 716 3030 homo,
748 2959 888 3020 tametsi
918 2961 1040 3034 nescit,
1070 2961 1204 3041 cogitat
1235 2962 1279 3023 de
1309 2971 1413 3024 coetu

288 3055 376 3117 sicut
401 3057 443 3117 de
467 3055 626 3132 homine;
658 3074 759 3136 quare
783 3057 887 3118 etiam
907 3059 1051 3139 percipit
1069 3057 1161 3121 illico
1187 3074 1264 3119 cum
1288 3059 1414 3121 dicitur

289 3153 380 3234 quod
397 3173 459 3215 rex
476 3153 521 3215 sit
538 3160 641 3233 caput
658 3163 693 3215 et
710 3152 837 3215 subditi
854 3174 987 3236 corpus,
1002 3164 1074 3218 tum
1091 3175 1168 3218 cum
1184 3155 1309 3219 dicitur
1320 3157 1412 3238 quod

288 3252 316 3313 is
338 3259 374 3312 et
396 3249 454 3313 ille
474 3249 554 3313 talis
572 3251 617 3312 sit
640 3251 673 3311 in
698 3253 871 3315 communi
894 3272 1048 3333 corpore,
1067 3252 1132 3316 hoc
1152 3262 1216 3328 est,
1236 3254 1269 3315 in
1292 3273 1412 3335 regnu.

289 3348 406 3412 Simile
428 3357 482 3411 est
506 3367 583 3410 cum
607 3349 773 3427 spirituali
797 3369 939 3431 corpore
958 3352 1046 3413 sicut
1070 3370 1147 3414 cum
1171 3351 1282 3428 civili;
1313 3353 1411 3432 spiri·

288 3446 382 3510 tuale
395 3465 517 3527 corpus
533 3455 588 3508 est
604 3447 762 3521 ecclesia,
777 3445 846 3528 ejus
860 3457 963 3528 caput
976 3458 1030 3511 est
1047 3448 1140 3511 Deus
1153 3446 1281 3512 Homo.
1326 3448 1412 3513 lnde

288 3553 386 3627 patet
403 3543 511 3626 qualis
528 3545 561 3606 in
574 3543 639 3607 hac
652 3547 872 3627 perceptione
884 3555 1066 3627 appareret
1079 3544 1224 3608 ecclesia
1240 3555 1277 3610 ut
1294 3547 1411 3623 homo,

288 3645 316 3705 si
335 3661 404 3705 non
424 3661 510 3704 unus
531 3641 625 3704 Deus
644 3639 789 3706 Creator
811 3651 847 3705 et
870 3640 1094 3706 Sustentator
1111 3645 1258 3707 universi
1278 3647 1411 3727 cogita·

288 3749 392 3814 retur,
413 3740 474 3802 sed
498 3759 560 3821 pro
579 3759 647 3803 uno
666 3738 803 3822 plures;
834 3750 1016 3821 appareret
1045 3741 1079 3804 in
1108 3744 1330 3824 perceptione
1353 3744 1412 3808 illa

289 3838 377 3899 sicut
397 3857 501 3900 unum
529 3857 652 3919 corpus
676 3857 777 3919 super
796 3858 863 3920 quo
885 3838 982 3920 plura
1006 3841 1133 3921 capita,
1153 3841 1202 3903 ita
1226 3861 1294 3904 non
1322 3844 1412 3907 sicut

289 3934 418 4010 Homo,
438 3936 499 3998 sed
519 3937 608 3999 sicut
627 3946 829 3999 monstrum.
875 3934 909 3998 Si
933 3937 1115 4014 diceretur,
1132 3939 1224 4021 quod
1243 3941 1411 4022 capitibus

287 4033 355 4097 illis
378 4054 445 4096 una
469 4035 620 4096 essentia
643 4034 699 4108 sit,
723 4044 760 4097 et
783 4036 874 4117 quod
898 4054 959 4116 per
981 4036 1015 4098 id
1038 4035 1137 4099 simul
1156 4035 1284 4101 faciant
1308 4057 1410 4100 unum

287 4141 402 4213 caput,
424 4150 493 4194 non
513 4141 630 4213 potest
650 4131 716 4194 alia
734 4132 810 4196 idea
830 4133 909 4196 inde
928 4132 1105 4209 resultare,
1126 4153 1228 4217 quarn
1247 4135 1338 4216 quod
1356 4131 1409 4198 vel

288 4231 345 4292 uni
362 4230 465 4311 capiti
482 4230 595 4311 plures
607 4229 710 4292 facies
723 4231 802 4306 sint,
816 4230 871 4294 vel
888 4231 980 4313 quod
997 4229 1147 4313 pluribus
1160 4231 1328 4314 capitibus
1345 4251 1408 4294 una

287 4327 392 4390 facies
412 4328 478 4404 sit;
503 4329 552 4390 ita
571 4326 716 4390 ecclesia
739 4329 773 4390 in
793 4329 1012 4409 perceptione
1032 4329 1210 4391 sisteretur
1227 4327 1408 4392 deformis:

288 4445 365 4488 cum
385 4434 502 4486 tamen
524 4425 617 4487 Deus
640 4445 726 4487 unus
749 4434 802 4488 est
827 4425 948 4508 Caput,
970 4435 1005 4488 et
1028 4425 1175 4488 ecclesia
1198 4434 1252 4488 est
1276 4444 1407 4506 corpus,

289 4523 379 4603 quod
403 4543 423 4584 a
447 4531 530 4584 nutu
555 4521 696 4603 Capitis,
718 4531 753 4586 et
777 4543 845 4586 non
869 4544 889 4586 a
915 4543 962 4598 se,
983 4523 1067 4604 agit,
1089 4533 1126 4585 ut
1150 4542 1285 4605 quoque
1308 4520 1346 4585 fit
1375 4523 1406 4586 in

288 4619 436 4683 homine.
483 4618 568 4682 Inde
587 4640 721 4703 quoque
741 4630 805 4696 est,
826 4622 916 4704 quod
937 4641 1005 4684 non
1030 4620 1093 4683 nisi
1117 4639 1219 4704 quarn
1238 4640 1323 4683 unus
1346 4641 1406 4684 rex
