<?xml version="1.0" encoding="UTF-8"?>
<!DOCTYPE html PUBLIC "-//W3C//DTD XHTML 1.0 Transitional//EN"
    "http://www.w3.org/TR/xhtml1/DTD/xhtml1-transitional.dtd">
<html xmlns="http://www.w3.org/1999/xhtml" xml:lang="en" lang="en">
 <head>
  <title>
</title>
<meta http-equiv="Content-Type" content="text/html;charset=utf-8" />
  <meta name='ocr-system' content='tesseract 3.04.00' />
  <meta name='ocr-capabilities' content='ocr_page ocr_carea ocr_par ocr_line ocrx_word'/>
</head>
<body>
  <div class='ocr_page' id='page_1' title='image "./sapientaangelic01swedgoog_0159.png"; bbox 0 0 3352 5374; ppageno 0'>
   <div class='ocr_carea' id='block_1_1' title="bbox 290 581 1075 682">
    <p class='ocr_par' dir='ltr' id='par_1_1' title="bbox 290 581 1075 682">
     <span class='ocr_line' id='line_1_1' title="bbox 290 581 1075 682; baseline -0.008 -17"><span class='ocrx_word' id='word_1_1' title='bbox 290 581 365 682; x_wconf 71' lang='lat'>&#39;144</span> <span class='ocrx_word' id='word_1_2' title='bbox 653 609 855 662; x_wconf 68' lang='lat' dir='ltr'><strong>sumnum</strong></span> <span class='ocrx_word' id='word_1_3' title='bbox 878 608 1075 660; x_wconf 76' lang='lat' dir='ltr'><strong>nucnnrcn</strong></span> 
     </span>
    </p>
   </div>
   <div class='ocr_carea' id='block_1_2' title="bbox 296 782 1424 4678">
    <p class='ocr_par' dir='ltr' id='par_1_2' title="bbox 298 782 1424 946">
     <span class='ocr_line' id='line_1_2' title="bbox 298 782 1424 871; baseline -0.002 -19"><span class='ocrx_word' id='word_1_4' title='bbox 298 789 380 864; x_wconf 89' lang='lat' dir='ltr'><strong>sint,</strong></span> <span class='ocrx_word' id='word_1_5' title='bbox 405 808 473 871; x_wconf 91' lang='lat' dir='ltr'><strong>quo</strong></span> <span class='ocrx_word' id='word_1_6' title='bbox 501 807 538 850; x_wconf 89' lang='lat' dir='ltr'><strong>se</strong></span> <span class='ocrx_word' id='word_1_7' title='bbox 565 785 716 850; x_wconf 80' lang='lat' dir='ltr'><strong>referunt</strong></span> <span class='ocrx_word' id='word_1_8' title='bbox 743 784 787 848; x_wconf 93' lang='lat' dir='ltr'><strong>ad</strong></span> <span class='ocrx_word' id='word_1_9' title='bbox 816 782 1003 862; x_wconf 89' lang='lat' dir='ltr'><strong>hominem,</strong></span> <span class='ocrx_word' id='word_1_10' title='bbox 1028 792 1065 849; x_wconf 91' lang='lat' dir='ltr'><strong>et</strong></span> <span class='ocrx_word' id='word_1_11' title='bbox 1094 803 1156 868; x_wconf 88' lang='lat' dir='ltr'><strong>per</strong></span> <span class='ocrx_word' id='word_1_12' title='bbox 1180 782 1357 850; x_wconf 87' lang='lat' dir='ltr'><strong>hominem</strong></span> <span class='ocrx_word' id='word_1_13' title='bbox 1378 783 1424 850; x_wconf 89' lang='lat' dir='ltr'><strong>ad</strong></span> 
     </span>
     <span class='ocr_line' id='line_1_3' title="bbox 299 879 499 946; baseline -0.02 0"><span class='ocrx_word' id='word_1_14' title='bbox 299 879 499 946; x_wconf 89' lang='lat' dir='ltr'><strong>Dominum.</strong></span> 
     </span>
    </p>

    <p class='ocr_par' dir='ltr' id='par_1_3' title="bbox 296 969 1424 2350">
     <span class='ocr_line' id='line_1_4' title="bbox 362 969 1423 1057; baseline -0.002 -19"><span class='ocrx_word' id='word_1_15' title='bbox 362 989 466 1057; x_wconf 80' lang='lat'><strong>33⁰.</strong></span> <span class='ocrx_word' id='word_1_16' title='bbox 497 970 669 1053; x_wconf 87' lang='lat' dir='ltr'><strong>Quoniam</strong></span> <span class='ocrx_word' id='word_1_17' title='bbox 693 969 769 1035; x_wconf 89' lang='lat' dir='ltr'><strong>finis</strong></span> <span class='ocrx_word' id='word_1_18' title='bbox 787 970 973 1034; x_wconf 82' lang='lat' dir='ltr'><strong>creationis</strong></span> <span class='ocrx_word' id='word_1_19' title='bbox 996 978 1050 1035; x_wconf 89' lang='lat' dir='ltr'><strong>est</strong></span> <span class='ocrx_word' id='word_1_20' title='bbox 1073 969 1208 1034; x_wconf 89' lang='lat' dir='ltr'><strong>caelum</strong></span> <span class='ocrx_word' id='word_1_21' title='bbox 1228 969 1423 1053; x_wconf 86' lang='lat' dir='ltr'><strong>angelicum</strong></span> 
     </span>
     <span class='ocr_line' id='line_1_5' title="bbox 298 1061 1423 1147; baseline -0.001 -17"><span class='ocrx_word' id='word_1_22' title='bbox 298 1087 344 1130; x_wconf 89' lang='lat' dir='ltr'><strong>ex</strong></span> <span class='ocrx_word' id='word_1_23' title='bbox 368 1066 519 1129; x_wconf 94' lang='lat' dir='ltr'><strong>humano</strong></span> <span class='ocrx_word' id='word_1_24' title='bbox 539 1084 677 1147; x_wconf 84' lang='lat' dir='ltr'>genere,</span> <span class='ocrx_word' id='word_1_25' title='bbox 697 1063 747 1128; x_wconf 91' lang='lat' dir='ltr'><strong>ita</strong></span> <span class='ocrx_word' id='word_1_26' title='bbox 769 1062 957 1127; x_wconf 89' lang='lat' dir='ltr'><strong>humanum</strong></span> <span class='ocrx_word' id='word_1_27' title='bbox 975 1082 1097 1146; x_wconf 86' lang='lat' dir='ltr'><strong>genus,</strong></span> <span class='ocrx_word' id='word_1_28' title='bbox 1117 1063 1197 1127; x_wconf 93' lang='lat' dir='ltr'><strong>ideo</strong></span> <span class='ocrx_word' id='word_1_29' title='bbox 1215 1061 1300 1126; x_wconf 88' lang='lat' dir='ltr'>fines</span> <span class='ocrx_word' id='word_1_30' title='bbox 1319 1062 1423 1129; x_wconf 89' lang='lat' dir='ltr'><strong>medil</strong></span> 
     </span>
     <span class='ocr_line' id='line_1_6' title="bbox 299 1154 1422 1239; baseline 0.002 -19"><span class='ocrx_word' id='word_1_31' title='bbox 299 1168 380 1222; x_wconf 90' lang='lat' dir='ltr'><strong>sunt</strong></span> <span class='ocrx_word' id='word_1_32' title='bbox 393 1159 509 1220; x_wconf 91' lang='lat' dir='ltr'><strong>omnia</strong></span> <span class='ocrx_word' id='word_1_33' title='bbox 521 1157 651 1239; x_wconf 90' lang='lat' dir='ltr'><strong>reliqua</strong></span> <span class='ocrx_word' id='word_1_34' title='bbox 662 1177 749 1239; x_wconf 89' lang='lat' dir='ltr'><strong>quae</strong></span> <span class='ocrx_word' id='word_1_35' title='bbox 762 1165 881 1220; x_wconf 90' lang='lat' dir='ltr'><strong>creata</strong></span> <span class='ocrx_word' id='word_1_36' title='bbox 893 1165 974 1220; x_wconf 91' lang='lat' dir='ltr'><strong>sunt</strong></span> <span class='ocrx_word' id='word_1_37' title='bbox 989 1177 997 1234; x_wconf 87' lang='grc'><strong>;</strong></span> <span class='ocrx_word' id='word_1_38' title='bbox 1022 1175 1108 1239; x_wconf 90' lang='lat' dir='ltr'><strong>quae</strong></span> <span class='ocrx_word' id='word_1_39' title='bbox 1124 1156 1202 1239; x_wconf 89' lang='lat' dir='ltr'><strong>quia</strong></span> <span class='ocrx_word' id='word_1_40' title='bbox 1218 1175 1256 1219; x_wconf 88' lang='lat' dir='ltr'><strong>se</strong></span> <span class='ocrx_word' id='word_1_41' title='bbox 1272 1154 1422 1222; x_wconf 80' lang='lat' dir='ltr'><strong>referunt</strong></span> 
     </span>
     <span class='ocr_line' id='line_1_7' title="bbox 298 1245 1422 1331; baseline -0.002 -17"><span class='ocrx_word' id='word_1_42' title='bbox 298 1252 343 1314; x_wconf 89' lang='lat' dir='ltr'><strong>ad</strong></span> <span class='ocrx_word' id='word_1_43' title='bbox 362 1250 548 1324; x_wconf 89' lang='lat' dir='ltr'><strong>hominem,</strong></span> <span class='ocrx_word' id='word_1_44' title='bbox 563 1245 723 1331; x_wconf 72' lang='lat' dir='ltr'><strong>spedtant</strong></span> <span class='ocrx_word' id='word_1_45' title='bbox 746 1248 832 1312; x_wconf 89' lang='lat' dir='ltr'><strong>haec</strong></span> <span class='ocrx_word' id='word_1_46' title='bbox 852 1249 917 1312; x_wconf 91' lang='lat' dir='ltr'><strong>tria</strong></span> <span class='ocrx_word' id='word_1_47' title='bbox 935 1246 1018 1331; x_wconf 91' lang='lat' dir='ltr'><strong>ejus,</strong></span> <span class='ocrx_word' id='word_1_48' title='bbox 1035 1247 1105 1330; x_wconf 91' lang='lat' dir='ltr'><strong>ejus</strong></span> <span class='ocrx_word' id='word_1_49' title='bbox 1128 1268 1263 1329; x_wconf 90' lang='lat' dir='ltr'><strong>corpus,</strong></span> <span class='ocrx_word' id='word_1_50' title='bbox 1277 1247 1347 1330; x_wconf 91' lang='lat' dir='ltr'><strong>ejus</strong></span> <span class='ocrx_word' id='word_1_51' title='bbox 1367 1269 1422 1312; x_wconf 86' lang='lat' dir='ltr'><strong>ra·</strong></span> 
     </span>
     <span class='ocr_line' id='line_1_8' title="bbox 298 1337 1422 1424; baseline -0.001 -17"><span class='ocrx_word' id='word_1_52' title='bbox 298 1342 441 1416; x_wconf 90' lang='lat' dir='ltr'><strong>tionale,</strong></span> <span class='ocrx_word' id='word_1_53' title='bbox 462 1353 497 1406; x_wconf 92' lang='lat' dir='ltr'><strong>et</strong></span> <span class='ocrx_word' id='word_1_54' title='bbox 517 1342 588 1424; x_wconf 90' lang='lat' dir='ltr'><strong>ejus</strong></span> <span class='ocrx_word' id='word_1_55' title='bbox 607 1340 784 1424; x_wconf 84' lang='lat' dir='ltr'><strong>spirituale</strong></span> <span class='ocrx_word' id='word_1_56' title='bbox 802 1351 943 1423; x_wconf 90' lang='lat' dir='ltr'><strong>propter</strong></span> <span class='ocrx_word' id='word_1_57' title='bbox 956 1337 1231 1422; x_wconf 72' lang='lat' dir='ltr'><strong>conjunctionem</strong></span> <span class='ocrx_word' id='word_1_58' title='bbox 1251 1360 1328 1404; x_wconf 91' lang='lat' dir='ltr'><strong>cum</strong></span> <span class='ocrx_word' id='word_1_59' title='bbox 1349 1341 1422 1406; x_wconf 91' lang='lat' dir='ltr'><strong>Do·</strong></span> 
     </span>
     <span class='ocr_line' id='line_1_9' title="bbox 299 1431 1422 1516; baseline 0 -18"><span class='ocrx_word' id='word_1_60' title='bbox 299 1437 403 1498; x_wconf 93' lang='lat' dir='ltr'><strong>mino.</strong></span> <span class='ocrx_word' id='word_1_61' title='bbox 442 1434 558 1498; x_wconf 90' lang='lat' dir='ltr'>Homo</span> <span class='ocrx_word' id='word_1_62' title='bbox 570 1435 661 1497; x_wconf 90' lang='lat' dir='ltr'><strong>enirn</strong></span> <span class='ocrx_word' id='word_1_63' title='bbox 675 1453 744 1496; x_wconf 94' lang='lat' dir='ltr'><strong>non</strong></span> <span class='ocrx_word' id='word_1_64' title='bbox 762 1443 878 1516; x_wconf 88' lang='lat' dir='ltr'><strong>potest</strong></span> <span class='ocrx_word' id='word_1_65' title='bbox 891 1431 1053 1515; x_wconf 82' lang='lat' dir='ltr'><strong>conjungi</strong></span> <span class='ocrx_word' id='word_1_66' title='bbox 1070 1432 1231 1506; x_wconf 91' lang='lat' dir='ltr'><strong>Domino,</strong></span> <span class='ocrx_word' id='word_1_67' title='bbox 1243 1433 1307 1496; x_wconf 90' lang='lat' dir='ltr'><strong>nisi</strong></span> <span class='ocrx_word' id='word_1_68' title='bbox 1324 1434 1422 1516; x_wconf 90' lang='lat' dir='ltr'><strong>spiri·</strong></span> 
     </span>
     <span class='ocr_line' id='line_1_10' title="bbox 298 1524 1422 1609; baseline -0.002 -17"><span class='ocrx_word' id='word_1_69' title='bbox 298 1528 402 1592; x_wconf 87' lang='lat' dir='ltr'><strong>tualis</strong></span> <span class='ocrx_word' id='word_1_70' title='bbox 415 1529 460 1591; x_wconf 90' lang='lat' dir='ltr'><strong>sit</strong></span> <span class='ocrx_word' id='word_1_71' title='bbox 473 1549 480 1604; x_wconf 90' lang='grc'><strong>;</strong></span> <span class='ocrx_word' id='word_1_72' title='bbox 505 1546 567 1590; x_wconf 90' lang='lat' dir='ltr'><strong>nec</strong></span> <span class='ocrx_word' id='word_1_73' title='bbox 581 1534 699 1609; x_wconf 90' lang='lat' dir='ltr'><strong>potest</strong></span> <span class='ocrx_word' id='word_1_74' title='bbox 710 1525 897 1609; x_wconf 89' lang='lat' dir='ltr'><strong>spiritualis</strong></span> <span class='ocrx_word' id='word_1_75' title='bbox 910 1545 985 1589; x_wconf 91' lang='lat' dir='ltr'><strong>esse</strong></span> <span class='ocrx_word' id='word_1_76' title='bbox 998 1525 1061 1588; x_wconf 90' lang='lat' dir='ltr'><strong>nisi</strong></span> <span class='ocrx_word' id='word_1_77' title='bbox 1077 1524 1256 1588; x_wconf 89' lang='lat' dir='ltr'><strong>rationalis</strong></span> <span class='ocrx_word' id='word_1_78' title='bbox 1269 1527 1314 1589; x_wconf 94' lang='lat' dir='ltr'><strong>sit</strong></span> <span class='ocrx_word' id='word_1_79' title='bbox 1326 1547 1333 1604; x_wconf 91' lang='grc'><strong>;</strong></span> <span class='ocrx_word' id='word_1_80' title='bbox 1358 1545 1422 1591; x_wconf 90' lang='lat' dir='ltr'><strong>nec</strong></span> 
     </span>
     <span class='ocr_line' id='line_1_11' title="bbox 298 1618 1423 1702; baseline 0.002 -18"><span class='ocrx_word' id='word_1_81' title='bbox 298 1630 417 1702; x_wconf 90' lang='lat' dir='ltr'><strong>potest</strong></span> <span class='ocrx_word' id='word_1_82' title='bbox 433 1619 611 1682; x_wconf 90' lang='lat' dir='ltr'><strong>rationalis</strong></span> <span class='ocrx_word' id='word_1_83' title='bbox 628 1638 703 1683; x_wconf 87' lang='lat' dir='ltr'><strong>esse</strong></span> <span class='ocrx_word' id='word_1_84' title='bbox 721 1619 784 1682; x_wconf 90' lang='lat' dir='ltr'><strong>nisi</strong></span> <span class='ocrx_word' id='word_1_85' title='bbox 801 1637 924 1700; x_wconf 90' lang='lat' dir='ltr'><strong>corpus</strong></span> <span class='ocrx_word' id='word_1_86' title='bbox 936 1618 970 1680; x_wconf 92' lang='lat' dir='ltr'><strong>in</strong></span> <span class='ocrx_word' id='word_1_87' title='bbox 983 1626 1075 1681; x_wconf 90' lang='lat' dir='ltr'><strong>statu</strong></span> <span class='ocrx_word' id='word_1_88' title='bbox 1092 1619 1229 1701; x_wconf 84' lang='lat' dir='ltr'><strong>integro</strong></span> <span class='ocrx_word' id='word_1_89' title='bbox 1242 1620 1297 1684; x_wconf 86' lang='lat' dir='ltr'><strong>sit.</strong></span> <span class='ocrx_word' id='word_1_90' title='bbox 1334 1618 1423 1688; x_wconf 84' lang='lat' dir='ltr'>Sunt</span> 
     </span>
     <span class='ocr_line' id='line_1_12' title="bbox 297 1709 1421 1794; baseline -0.001 -17"><span class='ocrx_word' id='word_1_91' title='bbox 297 1713 384 1777; x_wconf 92' lang='lat' dir='ltr'><strong>haec</strong></span> <span class='ocrx_word' id='word_1_92' title='bbox 405 1713 492 1776; x_wconf 90' lang='lat' dir='ltr'><strong>sicut</strong></span> <span class='ocrx_word' id='word_1_93' title='bbox 512 1712 653 1775; x_wconf 90' lang='lat' dir='ltr'><strong>domus:</strong></span> <span class='ocrx_word' id='word_1_94' title='bbox 689 1730 811 1794; x_wconf 91' lang='lat' dir='ltr'><strong>corpus</strong></span> <span class='ocrx_word' id='word_1_95' title='bbox 834 1719 888 1774; x_wconf 91' lang='lat' dir='ltr'><strong>est</strong></span> <span class='ocrx_word' id='word_1_96' title='bbox 912 1711 999 1774; x_wconf 88' lang='lat' dir='ltr'><strong>sicut</strong></span> <span class='ocrx_word' id='word_1_97' title='bbox 1022 1709 1294 1786; x_wconf 80' lang='lat' dir='ltr'><strong>fundamentum,</strong></span> <span class='ocrx_word' id='word_1_98' title='bbox 1313 1713 1421 1776; x_wconf 88' lang='lat' dir='ltr'><strong>ratio·</strong></span> 
     </span>
     <span class='ocr_line' id='line_1_13' title="bbox 298 1799 1424 1886; baseline 0.002 -18"><span class='ocrx_word' id='word_1_99' title='bbox 298 1805 377 1869; x_wconf 88' lang='lat' dir='ltr'><strong>nale</strong></span> <span class='ocrx_word' id='word_1_100' title='bbox 404 1814 458 1868; x_wconf 88' lang='lat' dir='ltr'><strong>est</strong></span> <span class='ocrx_word' id='word_1_101' title='bbox 485 1805 572 1868; x_wconf 90' lang='lat' dir='ltr'><strong>sicut</strong></span> <span class='ocrx_word' id='word_1_102' title='bbox 596 1805 719 1868; x_wconf 88' lang='lat' dir='ltr'><strong>domus</strong></span> <span class='ocrx_word' id='word_1_103' title='bbox 742 1799 1021 1886; x_wconf 69' lang='lat' dir='ltr'><strong>superinstrudta,</strong></span> <span class='ocrx_word' id='word_1_104' title='bbox 1047 1803 1223 1885; x_wconf 89' lang='lat' dir='ltr'><strong>spirituale</strong></span> <span class='ocrx_word' id='word_1_105' title='bbox 1246 1805 1335 1868; x_wconf 88' lang='lat' dir='ltr'><strong>sicut</strong></span> <span class='ocrx_word' id='word_1_106' title='bbox 1362 1805 1424 1871; x_wconf 79' lang='lat' dir='ltr'><strong>illa</strong></span> 
     </span>
     <span class='ocr_line' id='line_1_14' title="bbox 296 1892 1422 1980; baseline 0.004 -20"><span class='ocrx_word' id='word_1_107' title='bbox 296 1897 438 1980; x_wconf 91' lang='lat' dir='ltr'><strong>quaein</strong></span> <span class='ocrx_word' id='word_1_108' title='bbox 461 1899 566 1960; x_wconf 93' lang='lat' dir='ltr'><strong>domo</strong></span> <span class='ocrx_word' id='word_1_109' title='bbox 590 1905 681 1972; x_wconf 90' lang='lat' dir='ltr'><strong>sunt,</strong></span> <span class='ocrx_word' id='word_1_110' title='bbox 701 1906 737 1961; x_wconf 92' lang='lat' dir='ltr'><strong>et</strong></span> <span class='ocrx_word' id='word_1_111' title='bbox 760 1892 956 1977; x_wconf 66' lang='lat' dir='ltr'><strong>conjunctio</strong></span> <span class='ocrx_word' id='word_1_112' title='bbox 979 1915 1056 1960; x_wconf 91' lang='lat' dir='ltr'><strong>cum</strong></span> <span class='ocrx_word' id='word_1_113' title='bbox 1081 1895 1232 1960; x_wconf 91' lang='lat' dir='ltr'><strong>Domino</strong></span> <span class='ocrx_word' id='word_1_114' title='bbox 1254 1906 1308 1960; x_wconf 89' lang='lat' dir='ltr'><strong>est</strong></span> <span class='ocrx_word' id='word_1_115' title='bbox 1332 1898 1422 1965; x_wconf 89' lang='lat' dir='ltr'><strong>sicut</strong></span> 
     </span>
     <span class='ocr_line' id='line_1_15' title="bbox 298 1986 1422 2071; baseline 0.002 -19"><span class='ocrx_word' id='word_1_116' title='bbox 298 1989 480 2053; x_wconf 89' lang='lat' dir='ltr'><strong>habitatio.</strong></span> <span class='ocrx_word' id='word_1_117' title='bbox 527 1987 613 2053; x_wconf 90' lang='lat' dir='ltr'><strong>Inde</strong></span> <span class='ocrx_word' id='word_1_118' title='bbox 628 1997 727 2071; x_wconf 89' lang='lat' dir='ltr'><strong>patet</strong></span> <span class='ocrx_word' id='word_1_119' title='bbox 744 2008 811 2071; x_wconf 92' lang='lat' dir='ltr'><strong>quo</strong></span> <span class='ocrx_word' id='word_1_120' title='bbox 827 1987 957 2063; x_wconf 86' lang='lat' dir='ltr'><strong>ordine,</strong></span> <span class='ocrx_word' id='word_1_121' title='bbox 975 1989 1084 2070; x_wconf 85' lang='lat' dir='ltr'><strong>gradu</strong></span> <span class='ocrx_word' id='word_1_122' title='bbox 1100 1998 1136 2053; x_wconf 92' lang='lat' dir='ltr'><strong>et</strong></span> <span class='ocrx_word' id='word_1_123' title='bbox 1152 1986 1309 2071; x_wconf 67' lang='lat' dir='ltr'><strong>respectu</strong></span> <span class='ocrx_word' id='word_1_124' title='bbox 1328 2010 1422 2068; x_wconf 85' lang='lat' dir='ltr'><strong>usus,</strong></span> 
     </span>
     <span class='ocr_line' id='line_1_16' title="bbox 297 2080 1422 2165; baseline 0.003 -21"><span class='ocrx_word' id='word_1_125' title='bbox 297 2082 356 2165; x_wconf 94' lang='lat' dir='ltr'><strong>qui</strong></span> <span class='ocrx_word' id='word_1_126' title='bbox 378 2091 459 2145; x_wconf 91' lang='lat' dir='ltr'><strong>sunt</strong></span> <span class='ocrx_word' id='word_1_127' title='bbox 482 2080 567 2144; x_wconf 90' lang='lat' dir='ltr'><strong>fines</strong></span> <span class='ocrx_word' id='word_1_128' title='bbox 586 2081 689 2146; x_wconf 92' lang='lat' dir='ltr'><strong>medii</strong></span> <span class='ocrx_word' id='word_1_129' title='bbox 708 2082 903 2156; x_wconf 87' lang='lat' dir='ltr'><strong>creationis,</strong></span> <span class='ocrx_word' id='word_1_130' title='bbox 924 2101 961 2144; x_wconf 90' lang='lat' dir='ltr'><strong>se</strong></span> <span class='ocrx_word' id='word_1_131' title='bbox 984 2081 1135 2146; x_wconf 80' lang='lat' dir='ltr'><strong>referunt</strong></span> <span class='ocrx_word' id='word_1_132' title='bbox 1158 2081 1203 2145; x_wconf 91' lang='lat' dir='ltr'><strong>ad</strong></span> <span class='ocrx_word' id='word_1_133' title='bbox 1225 2081 1422 2163; x_wconf 68' lang='lat' dir='ltr'><strong>hominem</strong></span> 
     </span>
     <span class='ocr_line' id='line_1_17' title="bbox 297 2173 1421 2258; baseline 0.003 -21"><span class='ocrx_word' id='word_1_134' title='bbox 297 2174 389 2258; x_wconf 92' lang='lat' dir='ltr'><strong>quod</strong></span> <span class='ocrx_word' id='word_1_135' title='bbox 404 2193 529 2257; x_wconf 86' lang='lat' dir='ltr'><strong>nempe</strong></span> <span class='ocrx_word' id='word_1_136' title='bbox 544 2174 588 2238; x_wconf 90' lang='lat' dir='ltr'><strong>ad</strong></span> <span class='ocrx_word' id='word_1_137' title='bbox 605 2174 871 2238; x_wconf 88' lang='lat' dir='ltr'><strong>sustentandum</strong></span> <span class='ocrx_word' id='word_1_138' title='bbox 888 2193 1011 2255; x_wconf 91' lang='lat' dir='ltr'><strong>corpus</strong></span> <span class='ocrx_word' id='word_1_139' title='bbox 1024 2173 1106 2255; x_wconf 89' lang='lat' dir='ltr'><strong>ejus,</strong></span> <span class='ocrx_word' id='word_1_140' title='bbox 1117 2174 1161 2237; x_wconf 90' lang='lat' dir='ltr'><strong>ad</strong></span> <span class='ocrx_word' id='word_1_141' title='bbox 1177 2173 1421 2256; x_wconf 86' lang='lat' dir='ltr'><strong>perficiendum</strong></span> 
     </span>
     <span class='ocr_line' id='line_1_18' title="bbox 298 2265 1359 2350; baseline -0.002 -18"><span class='ocrx_word' id='word_1_142' title='bbox 298 2265 469 2332; x_wconf 87' lang='lat' dir='ltr'><strong>rationale</strong></span> <span class='ocrx_word' id='word_1_143' title='bbox 487 2265 570 2348; x_wconf 89' lang='lat' dir='ltr'><strong>ejus,</strong></span> <span class='ocrx_word' id='word_1_144' title='bbox 591 2275 627 2330; x_wconf 92' lang='lat' dir='ltr'><strong>et</strong></span> <span class='ocrx_word' id='word_1_145' title='bbox 646 2265 691 2330; x_wconf 89' lang='lat' dir='ltr'><strong>ad</strong></span> <span class='ocrx_word' id='word_1_146' title='bbox 709 2267 942 2348; x_wconf 91' lang='lat' dir='ltr'><strong>recipiendum</strong></span> <span class='ocrx_word' id='word_1_147' title='bbox 961 2266 1139 2350; x_wconf 85' lang='lat' dir='ltr'><strong>spirituale</strong></span> <span class='ocrx_word' id='word_1_148' title='bbox 1157 2287 1178 2330; x_wconf 92' lang='lat' dir='ltr'><strong>a</strong></span> <span class='ocrx_word' id='word_1_149' title='bbox 1197 2266 1359 2330; x_wconf 82' lang='lat' dir='ltr'><strong>Domine.</strong></span> 
     </span>
    </p>

    <p class='ocr_par' dir='ltr' id='par_1_4' title="bbox 298 2355 1423 4014">
     <span class='ocr_line' id='line_1_19' title="bbox 362 2355 1423 2442; baseline 0.003 -20"><span class='ocrx_word' id='word_1_150' title='bbox 362 2372 459 2442; x_wconf 77' lang='lat'><strong>331·</strong></span> <span class='ocrx_word' id='word_1_151' title='bbox 494 2358 582 2424; x_wconf 86' lang='lat' dir='ltr'><strong>Usus</strong></span> <span class='ocrx_word' id='word_1_152' title='bbox 594 2358 644 2422; x_wconf 88' lang='lat' dir='ltr'><strong>ad</strong></span> <span class='ocrx_word' id='word_1_153' title='bbox 651 2359 906 2422; x_wconf 85' lang='lat' dir='ltr'><strong>sustentandum</strong></span> <span class='ocrx_word' id='word_1_154' title='bbox 917 2355 1060 2440; x_wconf 83' lang='lat' dir='ltr'><strong>Corpus,</strong></span> <span class='ocrx_word' id='word_1_155' title='bbox 1074 2379 1111 2422; x_wconf 91' lang='lat' dir='ltr'><strong>se</strong></span> <span class='ocrx_word' id='word_1_156' title='bbox 1124 2358 1272 2424; x_wconf 83' lang='lat' dir='ltr'><strong>referunt</strong></span> <span class='ocrx_word' id='word_1_157' title='bbox 1288 2361 1332 2423; x_wconf 89' lang='lat' dir='ltr'><strong>ad</strong></span> <span class='ocrx_word' id='word_1_158' title='bbox 1349 2359 1423 2442; x_wconf 76' lang='lat' dir='ltr'><strong>ejus</strong></span> 
     </span>
     <span class='ocr_line' id='line_1_20' title="bbox 300 2451 1421 2528; baseline 0.002 -12"><span class='ocrx_word' id='word_1_159' title='bbox 300 2453 537 2528; x_wconf 89' lang='lat' dir='ltr'><strong>nutritionem,</strong></span> <span class='ocrx_word' id='word_1_160' title='bbox 558 2451 795 2527; x_wconf 90' lang='lat' dir='ltr'><strong>induitionem,</strong></span> <span class='ocrx_word' id='word_1_161' title='bbox 821 2451 1085 2526; x_wconf 89' lang='lat' dir='ltr'><strong>habitationem,</strong></span> <span class='ocrx_word' id='word_1_162' title='bbox 1110 2454 1359 2516; x_wconf 87' lang='lat' dir='ltr'><strong>recreationem</strong></span> <span class='ocrx_word' id='word_1_163' title='bbox 1382 2460 1421 2518; x_wconf 85' lang='lat' dir='ltr'><strong>et</strong></span> 
     </span>
     <span class='ocr_line' id='line_1_21' title="bbox 298 2543 1420 2619; baseline 0.004 -11"><span class='ocrx_word' id='word_1_164' title='bbox 298 2543 577 2619; x_wconf 68' lang='lat' dir='ltr'><strong>delectationem,</strong></span> <span class='ocrx_word' id='word_1_165' title='bbox 616 2545 836 2618; x_wconf 91' lang='lat' dir='ltr'><strong>tutationem,</strong></span> <span class='ocrx_word' id='word_1_166' title='bbox 874 2554 910 2609; x_wconf 94' lang='lat' dir='ltr'><strong>et</strong></span> <span class='ocrx_word' id='word_1_167' title='bbox 955 2545 1257 2610; x_wconf 88' lang='lat' dir='ltr'><strong>conservationem</strong></span> <span class='ocrx_word' id='word_1_168' title='bbox 1294 2554 1420 2612; x_wconf 86' lang='lat' dir='ltr'><strong>status.</strong></span> 
     </span>
     <span class='ocr_line' id='line_1_22' title="bbox 299 2635 1420 2720; baseline 0.003 -19"><span class='ocrx_word' id='word_1_169' title='bbox 299 2635 393 2702; x_wconf 89' lang='lat' dir='ltr'><strong>Usus</strong></span> <span class='ocrx_word' id='word_1_170' title='bbox 423 2638 530 2700; x_wconf 87' lang='lat' dir='ltr'><strong>creati</strong></span> <span class='ocrx_word' id='word_1_171' title='bbox 559 2637 602 2699; x_wconf 88' lang='lat' dir='ltr'><strong>ad</strong></span> <span class='ocrx_word' id='word_1_172' title='bbox 634 2638 787 2719; x_wconf 91' lang='lat' dir='ltr'><strong>corporis</strong></span> <span class='ocrx_word' id='word_1_173' title='bbox 811 2638 1046 2713; x_wconf 89' lang='lat' dir='ltr'><strong>nutritionem,</strong></span> <span class='ocrx_word' id='word_1_174' title='bbox 1068 2647 1148 2701; x_wconf 88' lang='lat' dir='ltr'><strong>sunt</strong></span> <span class='ocrx_word' id='word_1_175' title='bbox 1178 2638 1293 2701; x_wconf 89' lang='lat' dir='ltr'><strong>omnia</strong></span> <span class='ocrx_word' id='word_1_176' title='bbox 1321 2637 1420 2720; x_wconf 83' lang='lat' dir='ltr'><strong>regni</strong></span> 
     </span>
     <span class='ocr_line' id='line_1_23' title="bbox 299 2725 1419 2812; baseline 0.002 -20"><span class='ocrx_word' id='word_1_177' title='bbox 299 2728 508 2811; x_wconf 87' lang='lat' dir='ltr'><strong>vegetabilis</strong></span> <span class='ocrx_word' id='word_1_178' title='bbox 526 2749 612 2811; x_wconf 93' lang='lat' dir='ltr'><strong>quae</strong></span> <span class='ocrx_word' id='word_1_179' title='bbox 631 2731 703 2793; x_wconf 87' lang='lat' dir='ltr'><strong>esui</strong></span> <span class='ocrx_word' id='word_1_180' title='bbox 722 2737 757 2793; x_wconf 92' lang='lat' dir='ltr'><strong>et</strong></span> <span class='ocrx_word' id='word_1_181' title='bbox 780 2731 877 2812; x_wconf 89' lang='lat' dir='ltr'><strong>potui</strong></span> <span class='ocrx_word' id='word_1_182' title='bbox 895 2739 995 2808; x_wconf 88' lang='lat' dir='ltr'><strong>sunt;</strong></span> <span class='ocrx_word' id='word_1_183' title='bbox 1027 2739 1065 2793; x_wconf 93' lang='lat' dir='ltr'><strong>ut</strong></span> <span class='ocrx_word' id='word_1_184' title='bbox 1089 2725 1225 2805; x_wconf 69' lang='lat' dir='ltr'><strong>fructus,</strong></span> <span class='ocrx_word' id='word_1_185' title='bbox 1247 2750 1344 2806; x_wconf 90' lang='lat' dir='ltr'><strong>uvae,</strong></span> <span class='ocrx_word' id='word_1_186' title='bbox 1364 2750 1419 2794; x_wconf 89' lang='lat' dir='ltr'><strong>se·</strong></span> 
     </span>
     <span class='ocr_line' id='line_1_24' title="bbox 299 2821 1421 2907; baseline 0.003 -20"><span class='ocrx_word' id='word_1_187' title='bbox 299 2823 402 2900; x_wconf 89' lang='lat' dir='ltr'><strong>mina,</strong></span> <span class='ocrx_word' id='word_1_188' title='bbox 420 2822 595 2906; x_wconf 85' lang='lat' dir='ltr'><strong>legumina</strong></span> <span class='ocrx_word' id='word_1_189' title='bbox 609 2832 646 2888; x_wconf 88' lang='lat' dir='ltr'><strong>et</strong></span> <span class='ocrx_word' id='word_1_190' title='bbox 661 2821 810 2888; x_wconf 90' lang='lat' dir='ltr'><strong>herbae:</strong></span> <span class='ocrx_word' id='word_1_191' title='bbox 834 2833 908 2888; x_wconf 90' lang='lat' dir='ltr'><strong>turn</strong></span> <span class='ocrx_word' id='word_1_192' title='bbox 925 2826 1041 2888; x_wconf 90' lang='lat' dir='ltr'><strong>omnia</strong></span> <span class='ocrx_word' id='word_1_193' title='bbox 1053 2825 1149 2906; x_wconf 88' lang='lat' dir='ltr'><strong>regni</strong></span> <span class='ocrx_word' id='word_1_194' title='bbox 1165 2825 1321 2888; x_wconf 90' lang='lat' dir='ltr'><strong>animalis</strong></span> <span class='ocrx_word' id='word_1_195' title='bbox 1333 2843 1421 2907; x_wconf 85' lang='lat' dir='ltr'><strong>quae</strong></span> 
     </span>
     <span class='ocr_line' id='line_1_25' title="bbox 300 2915 1421 2998; baseline 0 -17"><span class='ocrx_word' id='word_1_196' title='bbox 300 2915 468 2995; x_wconf 89' lang='lat' dir='ltr'><strong>eduntur;</strong></span> <span class='ocrx_word' id='word_1_197' title='bbox 502 2925 541 2980; x_wconf 92' lang='lat' dir='ltr'><strong>ut</strong></span> <span class='ocrx_word' id='word_1_198' title='bbox 571 2916 688 2992; x_wconf 88' lang='lat' dir='ltr'><strong>boves,</strong></span> <span class='ocrx_word' id='word_1_199' title='bbox 720 2935 858 2992; x_wconf 89' lang='lat' dir='ltr'><strong>vaccae,</strong></span> <span class='ocrx_word' id='word_1_200' title='bbox 878 2915 1026 2998; x_wconf 85' lang='lat' dir='ltr'><strong>juvenci,</strong></span> <span class='ocrx_word' id='word_1_201' title='bbox 1051 2917 1152 2992; x_wconf 88' lang='lat' dir='ltr'><strong>cervi,</strong></span> <span class='ocrx_word' id='word_1_202' title='bbox 1184 2937 1277 2992; x_wconf 89' lang='lat' dir='ltr'><strong>oves,</strong></span> <span class='ocrx_word' id='word_1_203' title='bbox 1306 2916 1421 2993; x_wconf 85' lang='lat' dir='ltr'><strong>haedi,</strong></span> 
     </span>
     <span class='ocr_line' id='line_1_26' title="bbox 300 3006 1420 3092; baseline 0 -18"><span class='ocrx_word' id='word_1_204' title='bbox 300 3027 435 3092; x_wconf 88' lang='lat' dir='ltr'><strong>caprae,</strong></span> <span class='ocrx_word' id='word_1_205' title='bbox 455 3009 547 3092; x_wconf 84' lang='lat' dir='ltr'><strong>agni,</strong></span> <span class='ocrx_word' id='word_1_206' title='bbox 568 3017 604 3072; x_wconf 93' lang='lat' dir='ltr'><strong>et</strong></span> <span class='ocrx_word' id='word_1_207' title='bbox 627 3029 673 3072; x_wconf 88' lang='lat' dir='ltr'><strong>ex</strong></span> <span class='ocrx_word' id='word_1_208' title='bbox 692 3006 760 3071; x_wconf 93' lang='lat' dir='ltr'><strong>illis</strong></span> <span class='ocrx_word' id='word_1_209' title='bbox 783 3007 858 3087; x_wconf 90' lang='lat' dir='ltr'><strong>lac;</strong></span> <span class='ocrx_word' id='word_1_210' title='bbox 889 3017 962 3073; x_wconf 92' lang='lat' dir='ltr'><strong>tum</strong></span> <span class='ocrx_word' id='word_1_211' title='bbox 981 3029 1063 3072; x_wconf 84' lang='lat' dir='ltr'><strong>aves</strong></span> <span class='ocrx_word' id='word_1_212' title='bbox 1086 3018 1122 3072; x_wconf 91' lang='lat' dir='ltr'><strong>et</strong></span> <span class='ocrx_word' id='word_1_213' title='bbox 1145 3010 1256 3091; x_wconf 89' lang='lat' dir='ltr'><strong>pisces</strong></span> <span class='ocrx_word' id='word_1_214' title='bbox 1274 3008 1420 3091; x_wconf 85' lang='lat' dir='ltr'><strong>plurium</strong></span> 
     </span>
     <span class='ocr_line' id='line_1_27' title="bbox 299 3101 1421 3185; baseline -0.001 -18"><span class='ocrx_word' id='word_1_215' title='bbox 299 3121 476 3185; x_wconf 86' lang='lat' dir='ltr'><strong>generum.</strong></span> <span class='ocrx_word' id='word_1_216' title='bbox 521 3101 614 3166; x_wconf 90' lang='lat' dir='ltr'><strong>Usus</strong></span> <span class='ocrx_word' id='word_1_217' title='bbox 633 3101 740 3166; x_wconf 88' lang='lat' dir='ltr'><strong>creati</strong></span> <span class='ocrx_word' id='word_1_218' title='bbox 759 3101 803 3164; x_wconf 90' lang='lat' dir='ltr'><strong>ad</strong></span> <span class='ocrx_word' id='word_1_219' title='bbox 823 3102 976 3184; x_wconf 91' lang='lat' dir='ltr'><strong>corporis</strong></span> <span class='ocrx_word' id='word_1_220' title='bbox 991 3102 1218 3166; x_wconf 90' lang='lat' dir='ltr'><strong>induitionem</strong></span> <span class='ocrx_word' id='word_1_221' title='bbox 1234 3112 1315 3166; x_wconf 88' lang='lat' dir='ltr'><strong>sunt</strong></span> <span class='ocrx_word' id='word_1_222' title='bbox 1334 3121 1421 3184; x_wconf 90' lang='lat' dir='ltr'><strong>quo·</strong></span> 
     </span>
     <span class='ocr_line' id='line_1_28' title="bbox 300 3193 1421 3280; baseline -0.001 -21"><span class='ocrx_word' id='word_1_223' title='bbox 300 3215 366 3280; x_wconf 91' lang='lat' dir='ltr'><strong>que</strong></span> <span class='ocrx_word' id='word_1_224' title='bbox 390 3216 435 3259; x_wconf 86' lang='lat' dir='ltr'><strong>ex</strong></span> <span class='ocrx_word' id='word_1_225' title='bbox 454 3194 587 3258; x_wconf 92' lang='lat' dir='ltr'><strong>duobus</strong></span> <span class='ocrx_word' id='word_1_226' title='bbox 606 3193 673 3258; x_wconf 90' lang='lat' dir='ltr'><strong>illis</strong></span> <span class='ocrx_word' id='word_1_227' title='bbox 691 3193 808 3276; x_wconf 85' lang='lat' dir='ltr'><strong>regnis</strong></span> <span class='ocrx_word' id='word_1_228' title='bbox 824 3193 943 3276; x_wconf 89' lang='lat' dir='ltr'><strong>plura:</strong></span> <span class='ocrx_word' id='word_1_229' title='bbox 975 3194 1134 3258; x_wconf 90' lang='lat' dir='ltr'><strong>similiter</strong></span> <span class='ocrx_word' id='word_1_230' title='bbox 1152 3214 1231 3257; x_wconf 91' lang='lat' dir='ltr'><strong>usus</strong></span> <span class='ocrx_word' id='word_1_231' title='bbox 1253 3195 1298 3257; x_wconf 89' lang='lat' dir='ltr'><strong>ad</strong></span> <span class='ocrx_word' id='word_1_232' title='bbox 1321 3193 1421 3258; x_wconf 90' lang='lat' dir='ltr'><strong>habi·</strong></span> 
     </span>
     <span class='ocr_line' id='line_1_29' title="bbox 299 3283 1421 3370; baseline -0.003 -17"><span class='ocrx_word' id='word_1_233' title='bbox 299 3289 491 3365; x_wconf 88' lang='lat' dir='ltr'><strong>tationem;</strong></span> <span class='ocrx_word' id='word_1_234' title='bbox 532 3296 569 3351; x_wconf 91' lang='lat' dir='ltr'><strong>et</strong></span> <span class='ocrx_word' id='word_1_235' title='bbox 598 3307 733 3370; x_wconf 90' lang='lat' dir='ltr'><strong>quoque</strong></span> <span class='ocrx_word' id='word_1_236' title='bbox 766 3286 810 3349; x_wconf 91' lang='lat' dir='ltr'><strong>ad</strong></span> <span class='ocrx_word' id='word_1_237' title='bbox 844 3286 1106 3362; x_wconf 88' lang='lat' dir='ltr'><strong>recreationem,</strong></span> <span class='ocrx_word' id='word_1_238' title='bbox 1138 3283 1421 3363; x_wconf 66' lang='lat' dir='ltr'><strong>delectationem,</strong></span> 
     </span>
     <span class='ocr_line' id='line_1_30' title="bbox 300 3379 1421 3460; baseline -0.001 -16"><span class='ocrx_word' id='word_1_239' title='bbox 300 3379 510 3445; x_wconf 89' lang='lat' dir='ltr'><strong>tutationem</strong></span> <span class='ocrx_word' id='word_1_240' title='bbox 534 3386 570 3441; x_wconf 90' lang='lat' dir='ltr'><strong>et</strong></span> <span class='ocrx_word' id='word_1_241' title='bbox 597 3379 896 3442; x_wconf 90' lang='lat' dir='ltr'><strong>conservationem</strong></span> <span class='ocrx_word' id='word_1_242' title='bbox 916 3388 1049 3455; x_wconf 84' lang='lat' dir='ltr'><strong>status3</strong></span> <span class='ocrx_word' id='word_1_243' title='bbox 1079 3399 1167 3460; x_wconf 90' lang='lat' dir='ltr'><strong>quae</strong></span> <span class='ocrx_word' id='word_1_244' title='bbox 1190 3397 1259 3442; x_wconf 96' lang='lat' dir='ltr'><strong>non</strong></span> <span class='ocrx_word' id='word_1_245' title='bbox 1279 3399 1421 3443; x_wconf 85' lang='lat' dir='ltr'><strong>enume-</strong></span> 
     </span>
     <span class='ocr_line' id='line_1_31' title="bbox 299 3470 1421 3554; baseline -0.001 -18"><span class='ocrx_word' id='word_1_246' title='bbox 299 3481 419 3536; x_wconf 92' lang='lat' dir='ltr'><strong>rantur</strong></span> <span class='ocrx_word' id='word_1_247' title='bbox 441 3471 520 3554; x_wconf 87' lang='lat' dir='ltr'><strong>quia</strong></span> <span class='ocrx_word' id='word_1_248' title='bbox 546 3480 632 3534; x_wconf 90' lang='lat' dir='ltr'><strong>nota</strong></span> <span class='ocrx_word' id='word_1_249' title='bbox 657 3480 749 3545; x_wconf 90' lang='lat' dir='ltr'><strong>sunt,</strong></span> <span class='ocrx_word' id='word_1_250' title='bbox 773 3489 813 3535; x_wconf 89' lang='lat' dir='ltr'><strong>ac</strong></span> <span class='ocrx_word' id='word_1_251' title='bbox 840 3471 919 3534; x_wconf 92' lang='lat' dir='ltr'><strong>ideo</strong></span> <span class='ocrx_word' id='word_1_252' title='bbox 942 3473 1126 3535; x_wconf 89' lang='lat' dir='ltr'><strong>recensitio</strong></span> <span class='ocrx_word' id='word_1_253' title='bbox 1149 3470 1284 3535; x_wconf 91' lang='lat' dir='ltr'><strong>illorum</strong></span> <span class='ocrx_word' id='word_1_254' title='bbox 1308 3471 1421 3536; x_wconf 90' lang='lat' dir='ltr'><strong>solum</strong></span> 
     </span>
     <span class='ocr_line' id='line_1_32' title="bbox 300 3560 1421 3645; baseline 0.001 -18"><span class='ocrx_word' id='word_1_255' title='bbox 300 3562 459 3645; x_wconf 87' lang='lat' dir='ltr'><strong>impleret</strong></span> <span class='ocrx_word' id='word_1_256' title='bbox 479 3563 634 3645; x_wconf 82' lang='lat' dir='ltr'><strong>paginas.</strong></span> <span class='ocrx_word' id='word_1_257' title='bbox 680 3560 767 3626; x_wconf 91' lang='lat' dir='ltr'><strong>Sunt</strong></span> <span class='ocrx_word' id='word_1_258' title='bbox 785 3563 922 3644; x_wconf 88' lang='lat' dir='ltr'><strong>quidem</strong></span> <span class='ocrx_word' id='word_1_259' title='bbox 946 3562 1056 3626; x_wconf 93' lang='lat' dir='ltr'><strong>multa</strong></span> <span class='ocrx_word' id='word_1_260' title='bbox 1082 3583 1169 3645; x_wconf 90' lang='lat' dir='ltr'><strong>quae</strong></span> <span class='ocrx_word' id='word_1_261' title='bbox 1196 3583 1265 3627; x_wconf 93' lang='lat' dir='ltr'><strong>non</strong></span> <span class='ocrx_word' id='word_1_262' title='bbox 1289 3563 1421 3628; x_wconf 88' lang='lat' dir='ltr'><strong>homini</strong></span> 
     </span>
     <span class='ocr_line' id='line_1_33' title="bbox 300 3653 1422 3736; baseline 0 -16"><span class='ocrx_word' id='word_1_263' title='bbox 300 3656 335 3720; x_wconf 89' lang='lat' dir='ltr'><strong>in</strong></span> <span class='ocrx_word' id='word_1_264' title='bbox 358 3674 455 3718; x_wconf 90' lang='lat' dir='ltr'><strong>usum</strong></span> <span class='ocrx_word' id='word_1_265' title='bbox 478 3655 630 3733; x_wconf 84' lang='lat' dir='ltr'><strong>cedunt3</strong></span> <span class='ocrx_word' id='word_1_266' title='bbox 653 3673 770 3718; x_wconf 90' lang='lat' dir='ltr'><strong>verum</strong></span> <span class='ocrx_word' id='word_1_267' title='bbox 794 3653 961 3736; x_wconf 87' lang='lat' dir='ltr'><strong>superflua</strong></span> <span class='ocrx_word' id='word_1_268' title='bbox 985 3675 1053 3718; x_wconf 95' lang='lat' dir='ltr'><strong>non</strong></span> <span class='ocrx_word' id='word_1_269' title='bbox 1073 3654 1201 3719; x_wconf 90' lang='lat' dir='ltr'><strong>tollunt</strong></span> <span class='ocrx_word' id='word_1_270' title='bbox 1225 3675 1333 3732; x_wconf 91' lang='lat' dir='ltr'><strong>usum,</strong></span> <span class='ocrx_word' id='word_1_271' title='bbox 1358 3655 1422 3720; x_wconf 91' lang='lat' dir='ltr'><strong>sed</strong></span> 
     </span>
     <span class='ocr_line' id='line_1_34' title="bbox 299 3746 1422 3828; baseline 0.002 -18"><span class='ocrx_word' id='word_1_272' title='bbox 299 3746 428 3810; x_wconf 86' lang='lat' dir='ltr'><strong>iaciunt</strong></span> <span class='ocrx_word' id='word_1_273' title='bbox 455 3755 493 3811; x_wconf 89' lang='lat' dir='ltr'><strong>ut</strong></span> <span class='ocrx_word' id='word_1_274' title='bbox 524 3766 603 3809; x_wconf 85' lang='lat' dir='ltr'><strong>usus</strong></span> <span class='ocrx_word' id='word_1_275' title='bbox 629 3747 828 3828; x_wconf 90' lang='lat' dir='ltr'><strong>persistant.</strong></span> <span class='ocrx_word' id='word_1_276' title='bbox 874 3747 986 3810; x_wconf 88' lang='lat' dir='ltr'><strong>Datur</strong></span> <span class='ocrx_word' id='word_1_277' title='bbox 1008 3747 1112 3810; x_wconf 89' lang='lat' dir='ltr'><strong>etiam</strong></span> <span class='ocrx_word' id='word_1_278' title='bbox 1136 3748 1262 3810; x_wconf 91' lang='lat' dir='ltr'><strong>abusus</strong></span> <span class='ocrx_word' id='word_1_279' title='bbox 1277 3768 1422 3828; x_wconf 81' lang='lat' dir='ltr'><strong>usuum;</strong></span> 
     </span>
     <span class='ocr_line' id='line_1_35' title="bbox 300 3837 1423 3913; baseline 0.002 -11"><span class='ocrx_word' id='word_1_280' title='bbox 300 3839 361 3902; x_wconf 89' lang='lat' dir='ltr'><strong>sed</strong></span> <span class='ocrx_word' id='word_1_281' title='bbox 379 3840 505 3903; x_wconf 90' lang='lat' dir='ltr'><strong>abusus</strong></span> <span class='ocrx_word' id='word_1_282' title='bbox 522 3857 590 3902; x_wconf 91' lang='lat' dir='ltr'><strong>non</strong></span> <span class='ocrx_word' id='word_1_283' title='bbox 606 3837 700 3902; x_wconf 91' lang='lat' dir='ltr'><strong>tollit</strong></span> <span class='ocrx_word' id='word_1_284' title='bbox 717 3858 824 3913; x_wconf 91' lang='lat' dir='ltr'><strong>usum,</strong></span> <span class='ocrx_word' id='word_1_285' title='bbox 843 3840 930 3902; x_wconf 89' lang='lat' dir='ltr'><strong>sicut</strong></span> <span class='ocrx_word' id='word_1_286' title='bbox 946 3837 1139 3903; x_wconf 78' lang='lat' dir='ltr'><strong>falsificatio</strong></span> <span class='ocrx_word' id='word_1_287' title='bbox 1154 3839 1224 3903; x_wconf 89' lang='lat' dir='ltr'><strong>veri</strong></span> <span class='ocrx_word' id='word_1_288' title='bbox 1241 3859 1310 3904; x_wconf 92' lang='lat' dir='ltr'><strong>non</strong></span> <span class='ocrx_word' id='word_1_289' title='bbox 1326 3840 1423 3905; x_wconf 90' lang='lat' dir='ltr'><strong>tollit</strong></span> 
     </span>
     <span class='ocr_line' id='line_1_36' title="bbox 299 3931 1150 4014; baseline 0.001 -20"><span class='ocrx_word' id='word_1_290' title='bbox 299 3950 429 4008; x_wconf 87' lang='lat' dir='ltr'><strong>verum,</strong></span> <span class='ocrx_word' id='word_1_291' title='bbox 450 3931 513 3995; x_wconf 91' lang='lat' dir='ltr'><strong>nisi</strong></span> <span class='ocrx_word' id='word_1_292' title='bbox 532 3931 643 3995; x_wconf 92' lang='lat' dir='ltr'><strong>solum</strong></span> <span class='ocrx_word' id='word_1_293' title='bbox 662 3931 752 4012; x_wconf 91' lang='lat' dir='ltr'><strong>apud</strong></span> <span class='ocrx_word' id='word_1_294' title='bbox 772 3931 851 3995; x_wconf 91' lang='lat' dir='ltr'><strong>illos</strong></span> <span class='ocrx_word' id='word_1_295' title='bbox 868 3932 923 4014; x_wconf 93' lang='lat' dir='ltr'><strong>qui</strong></span> <span class='ocrx_word' id='word_1_296' title='bbox 941 3932 975 3994; x_wconf 93' lang='lat' dir='ltr'><strong>id</strong></span> <span class='ocrx_word' id='word_1_297' title='bbox 995 3932 1150 3995; x_wconf 83' lang='lat' dir='ltr'><strong>iaciunt.-</strong></span> 
     </span>
    </p>

    <p class='ocr_par' dir='ltr' id='par_1_5' title="bbox 300 4022 1424 4678">
     <span class='ocr_line' id='line_1_37' title="bbox 362 4022 1424 4109; baseline 0 -20"><span class='ocrx_word' id='word_1_298' title='bbox 362 4036 461 4106; x_wconf 71' lang='lat'><strong>332·</strong></span> <span class='ocrx_word' id='word_1_299' title='bbox 495 4023 584 4089; x_wconf 88' lang='lat' dir='ltr'><strong>Usus</strong></span> <span class='ocrx_word' id='word_1_300' title='bbox 598 4022 893 4107; x_wconf 79' lang='lat' dir='ltr'><strong>adperficiendum</strong></span> <span class='ocrx_word' id='word_1_301' title='bbox 904 4022 1092 4100; x_wconf 82' lang='lat' dir='ltr'><strong>Rationale,</strong></span> <span class='ocrx_word' id='word_1_302' title='bbox 1106 4032 1186 4089; x_wconf 90' lang='lat' dir='ltr'><strong>sunt</strong></span> <span class='ocrx_word' id='word_1_303' title='bbox 1202 4025 1317 4088; x_wconf 88' lang='lat' dir='ltr'><strong>omnia</strong></span> <span class='ocrx_word' id='word_1_304' title='bbox 1332 4043 1424 4109; x_wconf 83' lang='lat' dir='ltr'><strong>quae</strong></span> 
     </span>
     <span class='ocr_line' id='line_1_38' title="bbox 300 4112 1419 4199; baseline 0.004 -21"><span class='ocrx_word' id='word_1_305' title='bbox 300 4114 429 4180; x_wconf 89' lang='lat' dir='ltr'><strong>docent</strong></span> <span class='ocrx_word' id='word_1_306' title='bbox 452 4115 512 4179; x_wconf 94' lang='lat' dir='ltr'><strong>illa</strong></span> <span class='ocrx_word' id='word_1_307' title='bbox 528 4135 615 4199; x_wconf 90' lang='lat' dir='ltr'><strong>quae</strong></span> <span class='ocrx_word' id='word_1_308' title='bbox 631 4135 719 4179; x_wconf 91' lang='lat' dir='ltr'><strong>nunc</strong></span> <span class='ocrx_word' id='word_1_309' title='bbox 736 4112 828 4179; x_wconf 72' lang='lat' dir='ltr'><strong>dicta</strong></span> <span class='ocrx_word' id='word_1_310' title='bbox 847 4125 937 4190; x_wconf 90' lang='lat' dir='ltr'><strong>sunt,</strong></span> <span class='ocrx_word' id='word_1_311' title='bbox 955 4135 995 4179; x_wconf 85' lang='lat' dir='ltr'><strong>ac</strong></span> <span class='ocrx_word' id='word_1_312' title='bbox 1014 4125 1184 4180; x_wconf 90' lang='lat' dir='ltr'><strong>vocantur</strong></span> <span class='ocrx_word' id='word_1_313' title='bbox 1199 4117 1364 4181; x_wconf 90' lang='lat' dir='ltr'><strong>scientiae</strong></span> <span class='ocrx_word' id='word_1_314' title='bbox 1383 4125 1419 4182; x_wconf 91' lang='lat' dir='ltr'><strong>et</strong></span> 
     </span>
     <span class='ocr_line' id='line_1_39' title="bbox 301 4211 1424 4295; baseline 0.002 -20"><span class='ocrx_word' id='word_1_315' title='bbox 301 4213 426 4288; x_wconf 89' lang='lat' dir='ltr'><strong>studia,</strong></span> <span class='ocrx_word' id='word_1_316' title='bbox 446 4233 534 4295; x_wconf 90' lang='lat' dir='ltr'><strong>quae</strong></span> <span class='ocrx_word' id='word_1_317' title='bbox 552 4233 589 4276; x_wconf 90' lang='lat' dir='ltr'><strong>se</strong></span> <span class='ocrx_word' id='word_1_318' title='bbox 608 4213 758 4277; x_wconf 85' lang='lat' dir='ltr'><strong>referunt</strong></span> <span class='ocrx_word' id='word_1_319' title='bbox 782 4214 825 4275; x_wconf 94' lang='lat' dir='ltr'><strong>ad</strong></span> <span class='ocrx_word' id='word_1_320' title='bbox 849 4211 1030 4289; x_wconf 90' lang='lat' dir='ltr'><strong>naturalia,</strong></span> <span class='ocrx_word' id='word_1_321' title='bbox 1051 4214 1287 4290; x_wconf 88' lang='lat' dir='ltr'><strong>oeconomica,</strong></span> <span class='ocrx_word' id='word_1_322' title='bbox 1307 4212 1424 4278; x_wconf 82' lang='lat' dir='ltr'><strong>civilia</strong></span> 
     </span>
     <span class='ocr_line' id='line_1_40' title="bbox 301 4307 1419 4392; baseline 0.001 -21"><span class='ocrx_word' id='word_1_323' title='bbox 301 4317 337 4371; x_wconf 91' lang='lat' dir='ltr'><strong>et</strong></span> <span class='ocrx_word' id='word_1_324' title='bbox 357 4308 521 4387; x_wconf 89' lang='lat' dir='ltr'><strong>moralia;</strong></span> <span class='ocrx_word' id='word_1_325' title='bbox 553 4329 640 4391; x_wconf 89' lang='lat' dir='ltr'><strong>quae</strong></span> <span class='ocrx_word' id='word_1_326' title='bbox 658 4307 714 4371; x_wconf 87' lang='lat' dir='ltr'><strong>vel</strong></span> <span class='ocrx_word' id='word_1_327' title='bbox 737 4329 782 4371; x_wconf 87' lang='lat' dir='ltr'><strong>ex</strong></span> <span class='ocrx_word' id='word_1_328' title='bbox 806 4308 1005 4391; x_wconf 86' lang='lat' dir='ltr'><strong>parentibus</strong></span> <span class='ocrx_word' id='word_1_329' title='bbox 1028 4319 1063 4373; x_wconf 93' lang='lat' dir='ltr'><strong>et</strong></span> <span class='ocrx_word' id='word_1_330' title='bbox 1088 4309 1275 4392; x_wconf 83' lang='lat' dir='ltr'><strong>magistris,</strong></span> <span class='ocrx_word' id='word_1_331' title='bbox 1295 4309 1351 4373; x_wconf 92' lang='lat' dir='ltr'><strong>vel</strong></span> <span class='ocrx_word' id='word_1_332' title='bbox 1373 4329 1419 4372; x_wconf 84' lang='lat' dir='ltr'><strong>ex</strong></span> 
     </span>
     <span class='ocr_line' id='line_1_41' title="bbox 300 4402 1421 4488; baseline 0.003 -23"><span class='ocrx_word' id='word_1_333' title='bbox 300 4402 407 4478; x_wconf 89' lang='lat' dir='ltr'><strong>libris,</strong></span> <span class='ocrx_word' id='word_1_334' title='bbox 425 4404 480 4467; x_wconf 88' lang='lat' dir='ltr'><strong>vel</strong></span> <span class='ocrx_word' id='word_1_335' title='bbox 497 4425 543 4467; x_wconf 89' lang='lat' dir='ltr'><strong>ex</strong></span> <span class='ocrx_word' id='word_1_336' title='bbox 560 4404 772 4467; x_wconf 88' lang='lat' dir='ltr'><strong>commerciis</strong></span> <span class='ocrx_word' id='word_1_337' title='bbox 786 4423 862 4466; x_wconf 92' lang='lat' dir='ltr'><strong>cum</strong></span> <span class='ocrx_word' id='word_1_338' title='bbox 875 4403 960 4479; x_wconf 78' lang='lat' dir='ltr'><strong>aliie,</strong></span> <span class='ocrx_word' id='word_1_339' title='bbox 970 4404 1025 4468; x_wconf 90' lang='lat' dir='ltr'><strong>vel</strong></span> <span class='ocrx_word' id='word_1_340' title='bbox 1038 4426 1083 4468; x_wconf 87' lang='lat' dir='ltr'><strong>ex</strong></span> <span class='ocrx_word' id='word_1_341' title='bbox 1096 4415 1206 4469; x_wconf 89' lang='lat' dir='ltr'><strong>semet</strong></span> <span class='ocrx_word' id='word_1_342' title='bbox 1223 4426 1283 4488; x_wconf 91' lang='lat' dir='ltr'><strong>per</strong></span> <span class='ocrx_word' id='word_1_343' title='bbox 1295 4405 1421 4469; x_wconf 87' lang='lat' dir='ltr'><strong>reflex-</strong></span> 
     </span>
     <span class='ocr_line' id='line_1_42' title="bbox 301 4498 1422 4584; baseline 0.002 -23"><span class='ocrx_word' id='word_1_344' title='bbox 301 4499 398 4562; x_wconf 89' lang='lat' dir='ltr'><strong>iones</strong></span> <span class='ocrx_word' id='word_1_345' title='bbox 414 4500 458 4562; x_wconf 88' lang='lat' dir='ltr'><strong>ab</strong></span> <span class='ocrx_word' id='word_1_346' title='bbox 474 4499 551 4574; x_wconf 87' lang='lat' dir='ltr'><strong>illis,</strong></span> <span class='ocrx_word' id='word_1_347' title='bbox 565 4498 773 4563; x_wconf 89' lang='lat' dir='ltr'><strong>hauriuntur.</strong></span> <span class='ocrx_word' id='word_1_348' title='bbox 820 4499 916 4563; x_wconf 89' lang='lat' dir='ltr'><strong>Haec</strong></span> <span class='ocrx_word' id='word_1_349' title='bbox 933 4500 1101 4564; x_wconf 89' lang='lat' dir='ltr'><strong>rationale</strong></span> <span class='ocrx_word' id='word_1_350' title='bbox 1117 4501 1148 4563; x_wconf 93' lang='lat' dir='ltr'><strong>in</strong></span> <span class='ocrx_word' id='word_1_351' title='bbox 1167 4511 1303 4564; x_wconf 90' lang='lat' dir='ltr'><strong>tantum</strong></span> <span class='ocrx_word' id='word_1_352' title='bbox 1321 4499 1422 4584; x_wconf 86' lang='lat' dir='ltr'><strong>perfi-</strong></span> 
     </span>
     <span class='ocr_line' id='line_1_43' title="bbox 302 4593 1424 4678; baseline 0.003 -22"><span class='ocrx_word' id='word_1_353' title='bbox 302 4593 408 4667; x_wconf 91' lang='lat' dir='ltr'><strong>ciunt,</strong></span> <span class='ocrx_word' id='word_1_354' title='bbox 422 4603 587 4675; x_wconf 89' lang='lat' dir='ltr'><strong>quantum</strong></span> <span class='ocrx_word' id='word_1_355' title='bbox 604 4595 638 4656; x_wconf 96' lang='lat' dir='ltr'><strong>in</strong></span> <span class='ocrx_word' id='word_1_356' title='bbox 654 4595 819 4676; x_wconf 90' lang='lat' dir='ltr'><strong>superiori</strong></span> <span class='ocrx_word' id='word_1_357' title='bbox 838 4595 946 4676; x_wconf 85' lang='lat' dir='ltr'><strong>gradu</strong></span> <span class='ocrx_word' id='word_1_358' title='bbox 963 4615 1041 4658; x_wconf 89' lang='lat' dir='ltr'><strong>usus</strong></span> <span class='ocrx_word' id='word_1_359' title='bbox 1058 4606 1150 4671; x_wconf 90' lang='lat' dir='ltr'><strong>sunt,</strong></span> <span class='ocrx_word' id='word_1_360' title='bbox 1164 4605 1200 4659; x_wconf 88' lang='lat' dir='ltr'><strong>et</strong></span> <span class='ocrx_word' id='word_1_361' title='bbox 1217 4603 1424 4678; x_wconf 88' lang='lat' dir='ltr'><strong>permanent</strong></span> 
     </span>
    </p>
   </div>
   <div class='ocr_carea' id='block_1_3' title="bbox 0 0 1683 5374">
    <p class='ocr_par' dir='ltr' id='par_1_6' title="bbox 0 0 1683 5374">
     <span class='ocr_line' id='line_1_44' title="bbox 0 0 1683 5374; baseline 0 0"><span class='ocrx_word' id='word_1_362' title='bbox 0 0 1683 5374; x_wconf 95' lang='lat' dir='ltr'><strong> </strong></span> 
     </span>
    </p>
   </div>
  </div>
 </body>
</html>
