3410 5382
503 674 554 724 ne
578 673 716 724 u1v1un
739 673 1096 725 quomrum-u.
1125 681 1192 744 130.
1372 671 1411 752 85

285 848 368 913 dum
392 845 484 932 quod
508 845 641 929 cogitat
666 865 735 909 non
755 845 856 922 velle,
876 847 926 910 ita
949 865 1012 910 nec
1028 848 1072 911 ad
1090 850 1301 918 credendum
1320 857 1412 940 quod

286 966 356 1011 non
375 943 496 1019 credit,
514 951 550 1006 et
569 962 706 1025 prorsus
725 962 794 1006 non
814 944 906 1026 quod
927 963 995 1006 non
1013 943 1089 1008 vult
1109 946 1269 1029 credere;
1304 972 1344 1015 ac
1369 954 1411 1017 ad

285 1042 472 1108 amandum
491 1039 583 1123 quod
607 1059 676 1103 non
695 1048 802 1114 amat,
822 1048 859 1103 et
878 1059 1017 1122 prorsus
1041 1059 1111 1104 non
1130 1045 1223 1125 quod
1247 1065 1317 1112 non
1336 1049 1412 1114 vult

284 1159 413 1204 amare.
458 1134 605 1219 Spiritus
634 1137 726 1199 enim
756 1135 905 1199 hominis
935 1156 996 1199 seu
1022 1153 1121 1200 mens
1147 1137 1219 1220 ejus
1248 1142 1282 1206 in
1309 1143 1413 1228 plena

285 1235 448 1299 libertate
472 1241 527 1294 est
551 1231 740 1313 cogitandi,
765 1230 916 1306 volendi,
941 1231 1105 1295 credendi
1130 1243 1165 1297 et
1188 1238 1348 1318 amandi;
1378 1239 1412 1302 in

284 1351 353 1416 qua
376 1328 538 1393 libertate
561 1337 614 1392 est
638 1347 683 1389 ex
707 1325 836 1390 influxu
860 1348 878 1391 e
903 1326 1032 1390 mundo
1059 1329 1238 1410 spirituali,
1263 1335 1319 1417 qui
1342 1354 1412 1399 non

284 1426 391 1508 cogit,
412 1424 553 1506 spiritus
572 1422 662 1487 enim
682 1432 740 1486 aut
765 1441 862 1486 mens
884 1421 1032 1486 hominis
1050 1424 1085 1486 in
1105 1424 1167 1489 illo
1185 1429 1314 1492 mundo
1333 1439 1411 1510 est;

285 1542 355 1586 non
374 1530 491 1584 autem
508 1539 553 1581 ex
573 1517 703 1582 influxu
719 1539 737 1582 e
753 1518 883 1581 mundo
900 1517 1058 1594 naturali,
1077 1522 1217 1604 quinon
1236 1525 1410 1608 recipitur,

285 1619 349 1681 nisi
372 1634 475 1680 unum
499 1623 618 1696 agant.
665 1625 723 1691 [2.]
755 1612 876 1678 Potest
900 1613 1006 1678 homo
1029 1617 1123 1700 adigi
1145 1618 1189 1680 ad
1214 1619 1410 1696 dicendum,

283 1713 376 1797 quod
396 1711 481 1774 haec
501 1709 634 1791 cogitet
654 1719 690 1771 et
710 1707 806 1785 velit,
827 1721 864 1773 et
883 1710 974 1792 quod
998 1711 1084 1777 haec
1104 1714 1224 1777 credat
1243 1723 1278 1778 et
1293 1724 1410 1794 amet;

282 1809 345 1872 sed
370 1809 397 1870 si
420 1804 480 1869 illa
503 1825 572 1868 non
596 1801 785 1868 affedtionis
809 1815 845 1868 et
873 1805 952 1869 inde
978 1809 1122 1872 rationis
1149 1807 1221 1891 ejus
1247 1819 1328 1874 sunt
1351 1821 1411 1874 aut

285 1904 378 1976 fiunt,
397 1921 503 1983 usque
519 1919 588 1962 non
609 1901 752 1982 cogitat,
773 1901 859 1978 vult,
882 1903 992 1967 credit
1008 1911 1044 1967 et
1063 1913 1159 1968 amat
1175 1903 1245 1968 illa.
1291 1905 1412 1970 Potest

283 2000 390 2064 etiam
413 1997 519 2060 homo
542 1996 621 2078 cogi
644 1996 688 2058 ad
714 1996 921 2081 loquendem
949 2019 1011 2082 pro
1034 2000 1213 2082 religione,
1238 1999 1338 2065 etad
1361 2001 1410 2065 ia·

283 2096 443 2159 ciendum
468 2091 657 2156 secundum
681 2090 788 2168 illam,
813 2093 874 2158 sed
903 2113 972 2157 non
999 2104 1118 2177 potest
1145 2095 1224 2177 cogi
1246 2095 1290 2158 ad
1314 2097 1410 2180 cogi·

283 2192 428 2255 tandum
447 2209 510 2272 pro
529 2189 588 2253 illa
607 2210 652 2252 ex
678 2189 791 2273 aliqua
810 2189 887 2265 fide,
908 2200 944 2254 et
968 2190 1012 2252 ad
1032 2189 1220 2254 volendum
1242 2189 1333 2275 [pro]
1351 2191 1412 2256 illa

283 2308 329 2351 ex
357 2287 473 2370 aliquo
502 2305 628 2350 amore.
682 2282 834 2369 Quisque
864 2287 970 2351 etiam
1003 2287 1038 2349 in
1067 2287 1195 2368 regnis,
1225 2289 1260 2350 in
1289 2287 1411 2370 quibus

279 2380 416 2466 justitia
435 2391 471 2446 et
490 2380 655 2463 judicium
680 2381 932 2458 custodiuntur,
950 2383 1088 2463 cogitur
1110 2382 1153 2446 ad
1178 2401 1247 2445 non
1267 2381 1410 2465 loquen-

283 2480 364 2543 dum
388 2488 512 2542 contra
535 2477 749 2560 religionem,
775 2497 837 2541 nec
861 2478 905 2541 ad
928 2477 1123 2542 iaciendum
1146 2488 1271 2543 contra
1293 2477 1409 2558 illam;

282 2575 344 2640 sed
365 2594 471 2659 usque
492 2593 594 2638 nemo
613 2580 732 2657 potest
756 2574 834 2654 cogi
854 2573 897 2636 ad
921 2574 1144 2655 cogitandum
1167 2583 1203 2638 et
1223 2573 1410 2638 volendum

283 2690 346 2755 pro
369 2670 450 2749 illa;
484 2669 620 2733 namin
644 2666 791 2750 cujusvis
814 2667 976 2732 libertate
1000 2679 1054 2732 est
1078 2669 1234 2752 cogitare
1258 2689 1335 2733 cum
1359 2670 1409 2733 in·

283 2767 390 2842 serno,
411 2776 447 2829 et
467 2765 557 2830 velle
583 2785 646 2848 pro
668 2764 740 2837 illo,
759 2773 832 2828 tum
852 2765 958 2828 etiam
982 2765 1138 2846 cogitare
1158 2785 1220 2847 pro
1243 2765 1353 2841 caelo,
1373 2775 1411 2831 et

283 2865 374 2930 velle
393 2885 456 2948 pro
475 2863 556 2942 illo;
585 2861 646 2926 sed
665 2860 755 2924 ratio
775 2859 880 2923 docet
899 2857 1008 2942 qualis
1032 2879 1118 2923 unus
1141 2870 1176 2923 et
1193 2859 1304 2943 qualis
1322 2860 1412 2925 alter

282 2971 349 3036 est,
370 2970 407 3025 et
423 2960 535 3044 qualis
554 2979 629 3022 sors
649 2975 751 3021 unum
773 2963 891 3019 manet
910 2963 947 3018 et
967 2954 1076 3038 qualis
1096 2976 1170 3018 sors
1187 2956 1348 3032 alterum,
1369 2977 1409 3019 ac

282 3057 455 3122 voluntati
484 3077 530 3120 ex
556 3054 691 3119 ratione
722 3060 775 3115 est
804 3049 902 3133 optio
931 3058 967 3114 et
998 3048 1132 3114 eled'tio.
1180 3063 1237 3125 [3.]
1269 3051 1326 3114 Ex
1358 3051 1411 3114 his

283 3163 445 3217 constare
465 3159 593 3235 potest,
614 3147 707 3232 quod
726 3155 911 3210 externum
935 3165 1004 3208 non
1023 3146 1134 3228 possit
1158 3164 1283 3226 cogere
1302 3147 1409 3210 inter·

284 3269 386 3312 num:
420 3247 456 3311 fit
479 3257 597 3310 tamen
618 3242 834 3328 quandoque,
860 3240 922 3304 sed
946 3241 1037 3323 quod
1061 3240 1094 3303 id
1122 3240 1327 3304 damnosum
1353 3241 1409 3317 sit,

283 3342 579 3410 demonstrabitur
597 3341 631 3404 in
654 3338 721 3403 hoc
741 3337 880 3401 ordine:

464 3477 506 3546 (i.)
533 3473 621 3548 Quod
640 3489 721 3528 nemo
741 3471 921 3543 reformetur
933 3472 992 3540 per
1008 3467 1203 3523 miraculae!
1225 3471 1321 3541 srgna,
1340 3471 1412 3540 quia

450 3620 505 3690 (ii.)
533 3550 964 3690 Quorim'rqurmerurper
971 3612 1206 3683 vr'sr'oncs‚etper
1214 3611 1412 3682 loquelascum

602 3687 752 3761 defunctis,
767 3686 840 3754 quia
852 3689 966 3754 cogunt.

441 3763 506 3832 (iii.)
534 3759 622 3832 Quod
643 3774 723 3813 nemo
749 3757 927 3829 reformetur
945 3758 1004 3826 per
1027 3755 1125 3808 minas
1148 3759 1177 3808 et
1197 3757 1314 3825 ponzas,
1339 3757 1412 3824 quia

442 3905 504 3975 (iv.)
533 3835 715 3988 mm.
722 3892 899 3987 reformetur
908 3900 940 3952 ἐκ
952 3897 1077 3952 statibus
1087 3913 1145 3950 non
1156 3895 1376 3951 rationalitates
1386 3901 1414 3950 et

451 4049 503 4118 (v.)
531 3975 972 4133 Qpppnprraerrrgtrgbamatm
984 4047 1014 4096 et
1024 4039 1188 4094 libertatem
1196 4053 1253 4092 non
1263 4040 1306 4093 sit
1314 4043 1413 4092 semet·

443 4191 506 4262 (vi.)
534 4123 861 4274 Quoffiesssiquzffi'znw
873 4182 1081 4257 reformandus
1092 4183 1135 4236 stt
1146 4185 1205 4253 per
1217 4183 1374 4242 arternum,
1386 4185 1414 4234 et

603 4278 660 4316 non
671 4275 811 4314 vrcrssrm.

347 4419 447 4489 13⁰·
481 4401 533 4488 (i.)
560 4401 658 4483 Quod
671 4423 762 4466 nemo
778 4399 979 4482 reformetur
989 4407 1054 4481 per
1068 4392 1234 4461 miracula
1249 4403 1282 4458 et
1296 4392 1410 4477 signa,

281 4498 365 4584 quia
379 4496 659 4583 cogunt-Quod
675 4496 806 4562 homini
823 4497 867 4559 sit
885 4497 1058 4559 internum
1071 4501 1107 4558 et
1119 4500 1303 4556 externum
1316 4489 1411 4572 cogi·

283 4596 440 4674 tationis,
467 4603 504 4660 et
532 4593 624 4679 quod
654 4593 822 4657 Dominus
850 4590 968 4655 influat
995 4610 1055 4672 per
1078 4587 1251 4652 internum
1277 4586 1410 4669 cogita·

282 4692 389 4758 tionis
411 4691 447 4757 in
470 4699 656 4758 externum
680 4688 751 4771 ejus
774 4687 864 4770 apud
889 4685 1075 4763 hominem,
1096 4693 1132 4749 et
1157 4684 1205 4747 sic
1229 4684 1355 4747 doceat
1375 4689 1412 4745 et
