3418 5370
484 705 534 754 DE
558 705 695 755 DIVINA
719 703 1073 754 PnoleENTIAe-N.
1090 693 1163 772 298.
1327 712 1392 778 249

254 877 408 946 essentia
430 885 485 941 est
510 876 653 941 Divinus
676 875 808 957 Amor;
840 887 876 940 et
899 897 944 940 ex
969 876 1094 942 Divina
1114 878 1295 962 Sapientia
1320 902 1388 948 non

253 975 346 1042 aliud
376 972 516 1038 influere
541 982 659 1055 potest
683 993 784 1056 quarn
807 991 938 1048 verum,
963 981 1000 1037 et
1032 992 1078 1037 ex
1104 972 1232 1039 Divino
1255 976 1387 1042 Amore

254 1093 323 1136 non
342 1070 435 1134 aliud
453 1067 591 1133 influere
608 1078 724 1152 potest
743 1086 845 1151 quam
863 1069 1002 1145 bonum,
1024 1079 1060 1133 et
1081 1091 1127 1134 ex
1147 1071 1212 1138 hoc
1233 1075 1294 1138 dat
1314 1074 1386 1139 Do·

254 1169 365 1230 minus
391 1167 425 1229 in
448 1160 629 1228 intellediu
647 1160 865 1226 affedtionem
884 1162 1024 1227 videndi
1045 1187 1175 1244 verum,
1196 1177 1232 1232 et
1252 1191 1387 1254 quoque

252 1260 463 1345 percipiendi
490 1268 527 1324 et
556 1259 743 1342 recipiendi
771 1258 874 1322 illud:
909 1259 957 1322 sic
986 1258 1025 1324 fit
1050 1262 1155 1327 homo
1182 1284 1252 1329 non
1274 1265 1385 1330 solum

253 1359 367 1442 quoad
384 1365 567 1422 externam
583 1355 705 1419 laciem
725 1355 842 1430 homo,
863 1357 923 1419 sed
944 1358 1051 1421 etiam
1067 1361 1181 1442 quoad
1201 1362 1384 1425 internam.

253 1451 339 1536 Quis
356 1473 425 1517 non
441 1452 516 1516 vult
531 1452 640 1515 videri
656 1462 694 1515 ut
711 1451 816 1515 homo
834 1453 1015 1518 rationalis
1031 1465 1066 1518 et
1086 1455 1292 1539 spiritualis?
1336 1457 1385 1521 Et

252 1551 327 1633 quis
343 1569 412 1614 non
428 1549 504 1624 scit,
518 1547 611 1632 quod
627 1546 712 1611 velit
730 1548 839 1611 videri
858 1559 895 1612 ut
912 1550 957 1613 ab
972 1549 1046 1615 aliis
1064 1552 1222 1616 credatur
1234 1553 1325 1636 quod
1340 1555 1383 1616 sit

251 1667 352 1710 verus
368 1645 496 1710 homo?
540 1642 576 1708 Si
599 1645 716 1729 itaque
738 1631 849 1710 solum
869 1655 924 1708 est
943 1646 1121 1710 rationalis
1140 1658 1176 1711 et
1197 1647 1383 1730 spiritualis

251 1741 285 1807 in
309 1752 458 1807 externa
479 1741 599 1816 forma,
624 1752 660 1805 et
693 1763 762 1806 non
787 1742 886 1806 simul
913 1743 946 1805 in
971 1744 1117 1818 interna,
1143 1762 1221 1807 num
1246 1741 1303 1805 ille
1327 1753 1381 1806 est

250 1837 379 1904 homo?
403 1856 482 1902 num
499 1845 554 1901 est
570 1836 664 1900 aliud
681 1857 784 1923 quam
800 1839 887 1901 sicut
904 1837 1026 1902 histrio
1043 1858 1145 1920 super
1157 1837 1308 1913 theatro,
1322 1848 1381 1902 aut

250 1936 340 1999 sicut
359 1935 457 1998 simia
476 1935 529 1997 cui
550 1934 656 1998 iacies
676 1955 786 2018 paene
806 1934 980 1997 humana?
1025 1933 1155 1997 Annon
1177 1935 1256 1997 inde
1276 1953 1380 1998 nosse

249 2040 381 2116 potest,
405 2031 496 2115 quod
521 2029 579 2094 ille
602 2030 715 2095 solum
739 2032 782 2094 sit
804 2029 919 2106 homo,
944 2031 1000 2113 qui
1028 2031 1172 2093 interius
1200 2039 1266 2105 est,
1291 2031 1379 2094 sicut

250 2129 295 2192 ab
314 2127 388 2192 aliis
403 2126 478 2190 vult
494 2126 623 2204 videri;
647 2127 704 2210 qui
723 2127 881 2208 agnoscit
901 2143 1016 2198 unum,
1030 2135 1200 2208 agnoscet
1219 2125 1378 2188 alterum.

250 2223 391 2306 Propria
413 2221 647 2304 intelligentia
669 2221 781 2284 solum
805 2231 922 2304 potest
945 2224 1100 2285 externis
1124 2221 1284 2284 inducere
1308 2221 1376 2284 lor·

250 2337 342 2384 mam
359 2321 555 2394 humanam,
569 2318 629 2381 sed
651 2317 775 2381 Divina
791 2317 1010 2381 Providentia
1026 2318 1155 2380 inducit
1173 2317 1327 2390 internis,
1342 2328 1379 2380 et

249 2437 310 2501 per
320 2415 619 2480 internaexternis
630 2414 725 2478 illam
735 2413 899 2491 sormam;
916 2433 1002 2495 quae
1014 2414 1151 2495 quando
1161 2409 1301 2474 inducia
1311 2423 1376 2488 est,

248 2511 356 2575 homo
372 2531 440 2574 non
453 2519 597 2594 apparet
614 2520 651 2573 ut
668 2509 784 2584 homo,
797 2508 857 2571 sed
875 2517 929 2571 est
942 2507 1056 2570 homo.
1103 2511 1161 2573 [ud
1186 2505 1376 2586 Quartum:

251 2605 351 2686 Quod
362 2605 457 2668 homo
467 2616 530 2687 per
545 2605 586 2668 id
597 2604 783 2668 abducatur
797 2625 819 2666 a
835 2602 934 2679 malo,
952 2622 1015 2666 non
1031 2624 1052 2666 a
1067 2623 1103 2665 se
1117 2601 1212 2664 seda
1224 2600 1376 2664 Domino.

249 2701 352 2784 Quod
372 2720 450 2765 curn
470 2700 595 2765 Divina
614 2700 835 2764 Providentia
854 2700 915 2762 dat
935 2699 1053 2762 videre
1072 2716 1200 2772 verum,
1221 2706 1258 2760 et
1277 2696 1377 2760 simul

248 2795 465 2863 affectionem
485 2797 567 2879 ejus,
587 2796 694 2861 homo
714 2798 822 2880 possit
841 2796 963 2859 abduci
983 2816 1003 2858 a
1022 2792 1125 2868 malo,
1146 2802 1200 2856 est
1220 2794 1297 2875 quia
1317 2815 1376 2856 ve·

248 2914 322 2960 rum
340 2902 512 2958 monstrat
531 2903 567 2956 et
587 2889 717 2972 diclat;
741 2903 871 2956 etcum
890 2891 1051 2955 voluntas
1070 2889 1151 2954 lacit
1170 2889 1216 2964 id,
1233 2887 1375 2970 conjun-

248 2993 300 3075 git
320 3012 358 3054 se
381 3009 458 3054 cum
477 2988 548 3064 illo,
568 3009 608 3052 ac
628 2989 663 3052 in
682 3009 719 3052 se
737 2990 843 3052 vertit
863 3007 980 3051 verum
1000 2988 1034 3050 in
1053 2987 1202 3065 bonum;
1226 2982 1265 3049 fit
1284 2987 1376 3049 enim

248 3088 376 3152 amoris
394 3085 476 3168 ejus,
496 3095 533 3148 et
555 3085 648 3168 quod
667 3085 793 3148 amoris
813 3093 880 3160 est,
905 3083 970 3147 hoc
990 3093 1045 3146 est
1068 3083 1207 3146 bonurn.
1253 3078 1375 3145 Omnis

248 3184 447 3250 reformatio
466 3181 504 3246 fit
528 3203 588 3264 per
606 3200 735 3255 verum,
756 3191 792 3244 et
817 3201 886 3244 non
905 3181 1035 3262 absque
1054 3176 1126 3254 illo,
1147 3196 1226 3240 nam
1245 3177 1375 3260 absque

248 3302 332 3345 vero
351 3290 404 3344 est
427 3278 589 3342 voluntas
610 3279 773 3341 continue
792 3277 825 3340 in
845 3297 908 3340 suo
927 3274 1031 3350 malo,
1051 3283 1087 3338 et
1106 3274 1135 3336 si
1151 3271 1302 3335 consulit
1322 3273 1374 3334 in·

247 3374 436 3449 tellectum,
452 3395 520 3438 non
537 3375 728 3449 instruitur,
746 3373 807 3435 sed
824 3371 1046 3436 confirmatur
1057 3368 1186 3432 malurn
1203 3387 1264 3450 per
1279 3367 1374 3431 lalsa.

249 3480 307 3543 [ed
339 3471 442 3556 Quod
460 3469 728 3552 intelligentiam
745 3470 885 3544 attinet,
900 3467 960 3531 illa
975 3474 1120 3547 apparet
1136 3473 1174 3526 ut
1194 3482 1254 3525 sua
1270 3472 1375 3544 atque

247 3572 385 3655 propria
408 3579 480 3632 tam
503 3567 594 3649 apud
619 3564 940 3629 hominembonum
961 3580 1063 3644 quam
1086 3559 1175 3643 apud
1199 3558 1374 3621 hominem

248 3667 396 3745 malum;
421 3675 457 3730 et
477 3685 612 3748 quoque
634 3671 773 3726 tenetur
791 3661 901 3724 bonus
921 3678 1027 3740 aeque
1050 3675 1155 3737 agere
1177 3675 1223 3717 ex
1246 3651 1374 3716 intelli·

246 3769 366 3850 gentia
382 3768 470 3831 sicut
487 3767 633 3850 propria,
652 3755 942 3846 quemadmodum
959 3751 1090 3817 malus:
1114 3750 1174 3814 sed
1191 3749 1247 3833 qui
1266 3749 1377 3812 credit

248 3863 409 3928 Divinam
429 3865 697 3938 Providentiam,
721 3856 778 3920 ille
798 3850 976 3915 abducitur
999 3869 1018 3911 a
1036 3844 1149 3924 malo;
1173 3855 1211 3908 at
1230 3846 1287 3929 qui
1306 3863 1375 3908 non

248 3961 369 4035 credit,
391 3983 460 4026 non
479 3963 680 4027 abducitur:
711 3969 746 4023 et
769 3951 827 4015 ille
848 3945 969 4020 credit,
990 3944 1046 4028 qui
1069 3941 1229 4025 agnoscit
1249 3939 1375 4004 malurn

248 4086 325 4128 esse
343 4073 535 4149 peccatum,
556 4073 591 4127 et
616 4063 660 4126 ab
684 4061 744 4126 illo
763 4058 836 4124 vult
861 4047 1005 4122 abduci;
1039 4050 1076 4105 et
1097 4038 1155 4103 ille
1179 4057 1247 4101 ”0¹¹
1267 4037 1377 4100 “edit

248 4163 305 4245 qui
324 4181 393 4226 non
414 4161 574 4243 agnoscit
594 4169 630 4224 et
650 4157 735 4223 vult.
781 4149 983 4220 Differentia
1001 4142 1092 4206 inter
1109 4137 1207 4200 binas
1223 4132 1302 4245 illas
1325 4133 1376 4196 in·

248 4257 475 4340 telligentias,
493 4265 548 4321 est
568 4257 657 4320 sicut
677 4256 768 4320 inter
786 4253 820 4317 id
841 4249 932 4333 quod
954 4240 1105 4310 creditur
1123 4252 1199 4297 esse
1221 4251 1258 4340 ¹¹¹·
1275 4251 1322 4306 se,
1343 4238 1378 4339 et

248 4353 339 4419 inter
362 4354 395 4418 id
419 4353 511 4437 quod
530 4352 681 4417 creditur
704 4370 772 4414 non
797 4368 873 4413 esse
896 4346 931 4408 in
955 4364 992 4406 se
1016 4340 1077 4405 sed
1102 4351 1209 4415 usque
1232 4335 1320 4438 §¹01st
1344 4345 1377 4434 Ψ

248 4469 309 4527 se;
334 4459 370 4514 et
389 4459 443 4513 est
462 4469 596 4532 quoque
615 4449 704 4511 sicut
723 4447 812 4511 inter
830 4452 1014 4507 externum
1035 4437 1165 4518 absque
1185 4423 1246 4490 tali
1266 4441 1378 4485 consr-

248 4545 321 4610 mili
340 4547 487 4618 interno,
504 4553 541 4607 et
560 4545 652 4608 inter
668 4552 849 4606 externum
865 4557 941 4602 curn
958 4529 1130 4598 consimili
1149 4529 1306 4595 intern0;
1330 4517 1380 4627 ita

248 4641 338 4704 sicut
355 4641 443 4704 inter
458 4638 614 4722 loquelas
632 4647 668 4702 et
688 4646 809 4719 gestus
825 4635 1006 4696 mimorum
1027 4636 1064 4691 et
1083 4621 1305 4688 hariolorum,
1324 4631 1380 4696 qur

247 4745 358 4817 agunt
375 4756 542 4820 personas
557 4751 689 4818 regum,
706 4730 896 4816 principum
914 4735 951 4790 et
970 4725 1106 4796 ducum,
1124 4728 1161 4783 et
1179 4717 1271 4781 inter
1286 4711 1380 4793 ipsos
