3352 5374
432 677 483 728 ns
502 675 638 727 D1v1No
660 675 804 739 anons,
825 675 918 726 nnus
941 676 1066 726 1v.-u.
1085 679 1155 744 353.
1294 681 1351 747 ¹57

233 846 423 929 cogitando
441 845 485 909 de
504 843 640 921 Divino,
660 843 740 906 dum
757 843 875 907 vident
892 843 1059 907 mirabilia
1077 845 1110 908 in
1130 856 1262 922 natura,
1284 867 1352 911 non

235 950 379 1023 possunt
396 937 621 1015 rationaliter,
643 939 753 1002 minus
768 938 990 1020 spiritualiter
1007 940 1184 1022 cogitare;
1209 941 1270 1005 sed
1294 961 1352 1007 co·

233 1038 348 1120 gitant
374 1035 580 1101 sensualiter
608 1043 645 1099 et
675 1033 917 1112 materialiter3
951 1044 988 1099 et
1017 1045 1099 1100 tunc
1130 1037 1289 1120 cogitant
1318 1039 1353 1100 in

235 1141 356 1197 natura
374 1151 420 1196 ex
439 1140 573 1206 natura,
594 1138 630 1193 et
650 1147 719 1192 non
738 1148 839 1212 supra
858 1127 964 1205 illam,
985 1129 1141 1195 similiter
1163 1142 1200 1197 ut
1223 1132 1352 1198 iaciunt

231 1225 281 1290 illi
303 1227 359 1310 qui
384 1228 419 1291 in
441 1224 573 1288 inferno
592 1234 695 1302 sunt;
728 1222 839 1286 solum
862 1242 939 1287 cum
963 1223 1157 1289 differentia
1178 1246 1199 1289 a
1220 1227 1350 1304 bestiis,

232 1321 324 1404 quod
341 1319 576 1386 rationalitate
593 1317 761 1401 polleant,
780 1317 847 1382 hoc
871 1328 935 1394 est,
956 1319 1047 1403 quod
1070 1320 1205 1403 possint
1223 1320 1351 1386 intelli·

230 1435 324 1499 gere,
343 1416 445 1482 etsie
465 1414 566 1480 aliter
586 1415 741 1496 cogitare
761 1409 817 1476 ¹¹¹si
832 1411 952 1477 velint.

293 1525 391 1596 352.
420 1509 475 1576 Illi
496 1511 552 1594 qui
575 1517 774 1574 averterunt
804 1527 843 1572 se
872 1528 892 1572 a
921 1509 1110 1591 cogitando
1140 1511 1183 1574 de
1213 1509 1350 1588 Divino,

230 1625 308 1670 cum
326 1605 446 1671 vident
464 1603 631 1670 mirabilia
656 1605 689 1667 in
709 1613 843 1679 natura,
863 1613 899 1667 et
924 1625 984 1686 per
1006 1604 1040 1668 id
1060 1603 1144 1669 fiunt
1164 1607 1349 1684 sensuales,

230 1719 300 1765 non
322 1701 481 1784 cogitant
504 1700 597 1782 quod
624 1699 716 1762 visus
738 1697 827 1763 oculi
858 1708 929 1761 tarn
955 1717 1088 1762 crassus
1110 1700 1166 1774 sit,
1187 1710 1224 1765 ut
1255 1701 1352 1782 plura

228 1791 397 1860 insedtula
423 1795 540 1859 videat
570 1794 658 1859 sicut
688 1812 791 1857 unum
823 1792 1015 1870 obscurum,
1047 1803 1084 1858 et
1113 1795 1202 1877 quod
1232 1805 1350 1860 tamen

229 1890 479 1973 unumquodvis
497 1908 614 1955 eorum
634 1889 870 1971 organizatum
890 1889 934 1952 sit
950 1889 994 1953 ad
1014 1889 1231 1953 sentiendum
1251 1900 1287 1955 et
1306 1893 1350 1956 ad

228 2003 266 2050 re
278 1985 497 2061 movendum,
511 1994 547 2048 et
563 1985 611 2049 sic
625 1985 715 2067 quod
732 1983 925 2066 praeditum
940 1985 985 2048 sit
1001 1983 1092 2048 fibris
1109 1995 1146 2050 et
1161 1987 1262 2062 vasis,
1277 1998 1350 2052 tum

228 2078 385 2157 corculis,
405 2078 527 2144 fistulis
543 2077 757 2163 pulmonicis,
778 2077 954 2143 viscerulis
972 2099 1012 2144 ac
1032 2080 1190 2156 cerebris,
1207 2091 1243 2146 et
1259 2083 1350 2165 quod

227 2173 312 2240 haec
329 2183 501 2240 contexta
520 2175 590 2238 sint
610 2195 656 2238 ex
680 2174 866 2257 purissimis
890 2175 925 2238 in
950 2184 1082 2251 natura,
1100 2185 1137 2240 et
1159 2177 1251 2259 quod
1267 2196 1349 2241 con·

227 2279 349 2335 textus
368 2268 419 2333 illi
440 2269 734 2351 correspondeant
754 2267 856 2333 alicui
871 2270 975 2346 vitae,
993 2290 1012 2333 e
1034 2290 1102 2352 qua
1123 2271 1350 2337 minutissima

226 2385 344 2431 eorum
358 2361 520 2430 distincte
532 2373 692 2447 aguntur.
737 2361 823 2430 Cum
836 2365 928 2428 visus
940 2362 1029 2428 oculi
1047 2374 1119 2428 tarn
1134 2385 1267 2430 crassus
1283 2376 1349 2442 est,

226 2470 265 2526 ut
284 2459 383 2544 plura
400 2458 494 2537 talia,
514 2479 591 2525 cum
610 2459 913 2524 innumerabilibus
930 2460 965 2522 in
985 2461 1185 2542 unoquovis,
1204 2480 1349 2544 appare·

225 2564 288 2619 ant
306 2556 339 2620 ei
356 2555 445 2618 sicut
462 2574 605 2638 parvum
621 2553 813 2628 obscurum,
834 2563 871 2618 et
894 2563 1011 2618 tamen
1030 2555 1080 2619 illi
1098 2556 1154 2640 qui
1171 2555 1350 2625 sensuales

225 2660 307 2715 sunt
325 2671 371 2714 ex
389 2648 449 2714 illo
467 2651 541 2714 visu
560 2650 718 2733 cogitant
734 2658 773 2724 et
792 2648 961 2732 judicant,
980 2661 1078 2733 patet
1098 2672 1198 2736 quam
1218 2655 1348 2721 incras-

225 2753 304 2810 sata
322 2754 374 2810 est
394 2764 491 2809 mens
506 2763 635 2822 eorum,
655 2754 691 2809 et
710 2743 790 2808 inde
808 2745 843 2808 in
859 2764 926 2829 qua
943 2744 1090 2830 caligine
1109 2758 1191 2813 sunt
1210 2751 1254 2814 de
1276 2752 1348 2834 spi·

224 2839 412 2905 ritualibus.

287 2948 388 3018 353·
418 2931 570 3019 Quisque
593 2953 640 2999 ex
658 2934 847 3000 visibilibus
868 2936 903 3000 in
927 2945 1050 3000 natura
1066 2947 1185 3020 potest
1207 2958 1244 3006 se
1261 2961 1346 3007 con-

224 3027 360 3094 firmare
377 3049 440 3112 pro
456 3029 596 3106 Divino,
615 3031 644 3092 si
660 3030 746 3106 vult,
766 3040 803 3095 et
820 3050 954 3114 quoque
973 3051 1011 3095 se
1029 3031 1208 3098 confirmat
1227 3037 1283 3118 qui
1302 3038 1346 3103 de

224 3122 302 3190 Deo
320 3125 455 3208 cogitat
482 3146 527 3190 ex
551 3125 644 3204 vita,
678 3134 717 3189 ut
742 3125 824 3190 dum
846 3125 941 3190 videt
959 3124 1117 3190 volatilia
1136 3127 1233 3203 caeli,
1253 3132 1345 3214 quod

224 3219 398 3304 quaelibet
419 3238 537 3285 eorum
560 3221 693 3304 species
715 3220 801 3284 sciat
824 3240 885 3285 sua
907 3219 1082 3296 alimenta,
1107 3231 1143 3286 et
1175 3223 1231 3287 ubi
1253 3234 1343 3302 sunt,

223 3325 415 3399 cognoscat
433 3336 478 3379 ex
498 3336 585 3379 sono
603 3325 640 3380 et
661 3315 736 3380 visu
755 3315 947 3389 consocios,
967 3324 1039 3379 tum
1056 3315 1146 3380 inter
1164 3317 1250 3381 alios
1268 3321 1343 3402 qui·

223 3429 304 3476 nam
323 3428 439 3475 eorum
459 3411 570 3486 amici,
590 3419 627 3475 et
648 3411 786 3494 quinam
803 3409 929 3474 inimici
952 3419 1043 3486 sunt,
1063 3410 1155 3493 quod
1174 3413 1344 3478 connubia

218 3506 380 3592 jungant,
399 3526 604 3588 congressus
622 3507 745 3582 sciant,
765 3513 840 3570 arte
859 3513 994 3569 struant
1013 3505 1124 3582 nidos,
1144 3505 1190 3570 ibi
1211 3519 1344 3591 ponant

221 3623 299 3681 ova,
325 3602 487 3668 incubent
509 3600 588 3678 illis,
613 3611 749 3682 tempus
771 3598 953 3664 incubatus
976 3601 1098 3677 sciant,
1123 3622 1190 3686 quo
1216 3601 1342 3672 exaste

224 3699 414 3764 excludunt
439 3695 563 3780 pullos,
581 3695 659 3761 illos
682 3695 865 3760 tenerrime
888 3705 1018 3773 amant,
1040 3696 1103 3761 sub
1125 3695 1188 3761 alis
1210 3699 1340 3782 fovent,

222 3814 319 3860 escas
342 3794 520 3877 porrigunt
538 3802 573 3857 et
589 3791 697 3867 alunt,
717 3790 782 3854 hoc
802 3810 908 3875 usque
927 3791 1007 3855 dum
1032 3793 1082 3855 sui
1096 3791 1179 3875 juris
1197 3793 1292 3872 fiunt,
1305 3807 1342 3862 et

220 3889 344 3954 similia
360 3897 504 3972 possunt
522 3906 635 3969 agere,
652 3896 688 3950 et
705 3904 883 3968 procreare
898 3884 1059 3950 familiam
1076 3887 1120 3950 ad
1136 3898 1340 3971 perpetuan-

222 3988 301 4051 dum
327 4006 424 4051 suum
443 4003 562 4068 genus.
607 3979 728 4048 Omnis
747 3983 804 4067 qui
825 3981 900 4047 vult
923 3983 965 4048 de
989 3982 1119 4046 influxu
1137 3981 1263 4048 Divino
1280 4005 1342 4068 per

222 4081 385 4146 mundum
405 4077 616 4165 spiritualem
633 4077 668 4141 in
684 4077 873 4142 naturalem
887 4080 1051 4161 cogitare,
1063 4085 1179 4159 potest
1195 4075 1290 4143 illum
1306 4080 1340 4144 in

219 4177 273 4242 his
292 4179 428 4258 videre;
458 4185 576 4259 potest
594 4176 699 4240 etiam
719 4177 747 4239 si
765 4175 838 4240 vult
858 4176 961 4240 corde
980 4196 1043 4240 suo
1060 4175 1184 4251 dicere,
1206 4172 1340 4238 “Tales

219 4275 384 4340 scientiae
402 4293 471 4338 non
487 4282 632 4354 possunt
649 4273 683 4335 in
700 4271 777 4337 illos
789 4272 927 4336 influere
943 4294 989 4337 ex
1005 4271 1078 4337 sole
1094 4292 1154 4356 per
1169 4268 1240 4353 ejus
1256 4268 1341 4333 lucis

219 4370 354 4449 radios;
379 4381 432 4435 est
448 4369 539 4434 enim
557 4367 620 4444 sol,
638 4388 682 4431 ex
699 4388 766 4451 quo
781 4378 904 4432 natura
923 4387 1020 4432 suum
1036 4377 1150 4431 ortum
1166 4376 1202 4428 et
1221 4384 1339 4428 essen·

220 4465 305 4529 tiam
318 4465 423 4542 ducit,
439 4487 540 4550 purus
554 4465 653 4547 ignis,
670 4473 704 4526 et
721 4462 800 4526 inde
812 4463 896 4526 radii
913 4463 997 4526 lucis
1013 4461 1084 4543 ejus
1096 4480 1232 4544 prorsus
1248 4478 1338 4523 mor·

220 4563 270 4624 tui
284 4561 311 4638 ,”
334 4572 369 4625 et
389 4563 436 4625 sic
454 4572 599 4644 possunt
616 4557 834 4632 concludere,
855 4558 945 4639 quod
963 4557 1047 4621 talia
1064 4557 1134 4620 sint
1149 4576 1195 4619 ex
1211 4553 1340 4619 influxu

221 4654 367 4720 Divinae
387 4655 584 4738 Sapientiae
604 4656 636 4719 in
657 4653 778 4718 ultima
797 4662 950 4716 naturae.
