3424 5368
475 680 526 730 Du
550 679 690 732 mvnvs
712 680 1069 736 PROVIDENTIA.-—N.
1093 685 1161 754 ¹79·
1319 691 1381 762 1²3

242 849 400 916 elicitus.
446 850 481 916 Si
502 871 604 916 unum
624 873 671 918 ex
689 851 743 918 his
762 852 872 932 deest,
892 863 1035 921 nonest
1055 873 1153 922 mens
1175 857 1327 925 humana
1345 860 1380 927 in

242 969 310 1011 sua
329 951 411 1012 vita.
457 947 661 1013 Voluntatis
684 947 819 1015 afledli'o
842 960 896 1015 est
918 950 993 1015 finis
1015 973 1036 1015 a
1058 974 1147 1036 quo;
1181 954 1379 1021 intelled'tus

243 1045 420 1126 cogitatio
443 1053 497 1107 est
521 1064 623 1107 causa
646 1065 707 1127 per
729 1065 851 1128 quam;
883 1055 919 1110 et
943 1044 1034 1112 attio
1053 1051 1219 1132 corporis,
1241 1049 1378 1135 loquela

243 1141 329 1214 oris,
350 1150 409 1203 aut
433 1140 587 1203 sensatio
610 1149 769 1216 externa,
790 1151 869 1204 sunt
891 1139 1033 1206 effecius
1055 1142 1131 1207 finis
1156 1165 1217 1227 per
1242 1147 1379 1229 cogita*

244 1236 392 1299 tionem.
439 1232 541 1315 Quod
565 1256 662 1299 mens
688 1236 839 1300 humana
870 1231 940 1301 non
967 1239 1011 1302 sit
1042 1239 1075 1302 in
1107 1261 1168 1303 sua
1191 1241 1272 1319 vita,
1297 1243 1379 1308 dum

242 1331 362 1394 solum
381 1341 435 1396 est
454 1333 488 1395 in
507 1330 698 1396 voluntatis
719 1330 910 1408 affefflone,
929 1343 964 1398 et
983 1355 1052 1397 non
1072 1345 1264 1416 praeterea,
1285 1339 1379 1402 simi·

246 1426 330 1491 liter
359 1427 440 1490 dum
471 1429 576 1491 modo
606 1428 640 1491 in
670 1425 803 1503 effectu,
828 1431 936 1493 cuivis
970 1439 1078 1512 patet.
1125 1429 1240 1514 Quare
1271 1433 1380 1498 menti

244 1543 320 1586 non
352 1533 405 1585 est
436 1521 551 1605 aliqua
574 1523 647 1586 vita
676 1545 721 1586 ex
753 1544 821 1586 uno
851 1524 988 1588 illorum
1020 1529 1219 1608 separatim,
1245 1529 1306 1591 sed
1334 1550 1379 1592 ex

245 1619 360 1683 tribus
378 1618 445 1682 illis
463 1616 681 1700 conjundlim.
728 1618 826 1683 Haec
843 1621 913 1683 vita
932 1623 1059 1685 mentis
1079 1621 1326 1687 diminueretur
1343 1633 1381 1688 et

243 1715 430 1779 recederet
450 1716 484 1778 in
503 1727 630 1779 eventu
651 1713 838 1798 praedicto.

315 1824 410 1893 179.
440 1809 612 1892 Quoniam
646 1813 877 1893 praescientia
912 1812 1102 1877 futurorum
1136 1812 1232 1878 tollit
1268 1815 1380 1897 ipsum

243 1905 449 1980 humanum,
469 1905 561 1988 quod
585 1915 638 1970 est
661 1927 706 1969 ex
731 1906 838 1971 libero
862 1909 1052 1971 secundum
1071 1909 1243 1972 rationem
1263 1929 1379 1992 agere,

242 2001 331 2066 ideo
350 2001 479 2064 nemini
496 2002 597 2065 datur
616 2002 729 2065 lutura
747 2002 854 2080 scire;
886 2004 948 2066 sed
968 2002 1050 2067 licet
1071 2005 1178 2068 cuivis
1197 2006 1240 2069 de
1259 2005 1380 2070 suturis
1463 2071 1464 2074 ,

242 2119 297 2162 ex
321 2097 455 2159 ratione
478 2096 706 2175 concludere;
738 2097 818 2162 inde
837 2099 927 2162 ratio
950 2118 1027 2162 cum
1051 2099 1211 2164 omnibus
1234 2099 1306 2182 ejus
1325 2111 1381 2165 est

244 2193 285 2256 in
316 2213 377 2254 sua
407 2193 486 2254 vita.
532 2191 588 2255 Ex
619 2214 662 2256 eo
691 2202 757 2266 est,
778 2194 869 2275 quod
896 2193 1002 2257 homo
1028 2214 1099 2258 non
1129 2196 1217 2259 sciat
1249 2206 1379 2260 sortem

243 2307 348 2350 suam
368 2297 448 2369 post
468 2298 627 2362 mortem,
648 2299 707 2352 aut
726 2291 813 2352 sciat
833 2288 983 2372 aliquem
1006 2299 1169 2354 eventum
1194 2300 1380 2372 antequam

243 2384 286 2447 in
305 2404 347 2446 eo
366 2392 420 2446 est
436 2403 443 2460 ;
472 2402 551 2446 nam
570 2384 598 2445 si
618 2385 734 2457 sciret,
752 2404 821 2447 non
841 2385 987 2468 amplius
1003 2386 1176 2467 cogitaret
1197 2407 1241 2448 ex
1261 2387 1381 2451 interi·

243 2499 311 2542 -ore
342 2499 390 2550 se,
415 2479 589 2560 quomodo
615 2475 766 2543 sasturus
795 2489 855 2543 aut
879 2477 1030 2544 vidturus
1053 2491 1120 2558 est,
1144 2490 1180 2544 ut
1210 2483 1254 2545 ad
1285 2482 1381 2545 illum

251 2575 389 2645 veniat:
422 2573 482 2636 sed
506 2573 616 2637 solum
640 2575 685 2637 ab
707 2576 883 2638 exteriore
907 2596 955 2651 se,
975 2576 1068 2658 quod
1086 2576 1231 2653 veniat;
1265 2587 1302 2640 et
1325 2576 1381 2640 hic

244 2679 366 2733 status
385 2669 515 2733 claudit
534 2669 698 2734 interiora
717 2673 844 2734 mentis
860 2671 941 2753 ejus,
961 2673 995 2735 in
1013 2671 1136 2754 quibus
1155 2671 1255 2736 binae
1274 2672 1382 2737 facul·

244 2775 346 2829 tates
367 2765 457 2828 vitae
480 2763 562 2847 ejus,
584 2786 671 2849 quae
701 2775 782 2829 sunt
807 2766 950 2830 libertas
973 2776 1009 2831 et
1033 2767 1263 2842 rationalitas,
1283 2788 1381 2851 prae·

244 2865 351 2943 cipue
381 2861 546 2925 resident.
592 2861 808 2925 Desiderium
832 2863 1047 2944 praesciendi
1074 2863 1186 2927 lutura
1210 2863 1382 2947 plerisque

244 2969 439 3022 connatum
463 2967 541 3036 est;
578 2957 639 3021 sed
669 2957 733 3021 hoc
758 2959 966 3022 desiderium
998 2959 1105 3023 trahit
1136 2959 1305 3040 originem
1336 2979 1382 3022 ex

244 3073 369 3118 amore
401 3052 501 3130 mali;
539 3073 643 3136 quare
673 3053 825 3117 aufertur
853 3054 931 3129 illis,
956 3056 1012 3138 qui
1044 3056 1189 3119 credunt
1221 3055 1382 3118 Divinam

251 3149 518 3223 Providentiam,
538 3169 578 3212 ac
599 3150 700 3212 datur
718 3149 785 3212 illis
805 3148 938 3222 fiducia,
959 3150 1050 3233 quod
1074 3149 1245 3213 Dominus
1264 3151 1381 3231 dispo·

251 3257 315 3311 nat
338 3256 467 3310 sortem
491 3245 626 3308 illorum
640 3266 648 3323 ;
687 3255 722 3308 et
746 3245 825 3308 inde
850 3266 918 3309 non
938 3246 1059 3310 volunt
1083 3247 1254 3330 praescire
1273 3244 1380 3322 illam,

245 3364 296 3407 ne
327 3362 364 3405 se
394 3340 508 3423 aliquo
532 3341 637 3404 modo
660 3339 807 3403 Divinae
834 3339 1077 3404 Providentiae
1099 3341 1258 3405 inierant.
1304 3339 1381 3405 Hoc

244 3441 358 3503 docet
400 3436 568 3500 Dominus
606 3455 667 3518 per
704 3436 802 3518 plura
839 3436 928 3518 apud
969 3433 1095 3498 Lucam
1136 3435 1211 3518 (xii.
1251 3433 1380 3517 14-48).

246 3541 311 3602 iz]
343 3531 445 3615 Quod
468 3531 555 3596 haec
579 3531 624 3595 sit
649 3530 794 3594 Divinae
818 3529 1061 3594 Providentiae
1093 3531 1162 3605 lex,
1187 3529 1382 3594 confirmari

249 3639 372 3712 potest
389 3628 505 3692 multis
521 3649 567 3692 ex
587 3628 717 3691 mundo
733 3625 912 3708 spirituali.
958 3625 1113 3708 Plerique
1132 3628 1212 3689 dum
1232 3627 1265 3689 in
1285 3625 1380 3688 illum

249 3736 333 3808 post
367 3726 500 3791 obitum
533 3725 687 3798 veniunt,
718 3723 839 3786 volunt
873 3723 960 3786 scire
996 3733 1127 3786 sortem
1161 3742 1278 3799 suam3
1320 3722 1382 3786 sed

245 3823 481 3906 respondetur
504 3821 581 3897 illis,
605 3822 697 3904 quod
721 3821 748 3884 si
772 3820 860 3883 bene
883 3819 1045 3894 vixerint,
1070 3839 1144 3883 sors
1174 3816 1242 3881 illis
1272 3817 1317 3880 sit
1347 3817 1381 3881 in

244 3920 362 3995 caelo,
380 3918 515 3985 simale
532 3918 682 3983 vixerint
702 3917 735 3980 in
753 3916 893 3979 inferno.
939 3912 1008 3977 Sed
1024 3915 1104 3998 quia
1120 3932 1241 3977 omnes
1257 3913 1381 3976 timent

250 4016 432 4091 infernum,
453 4016 558 4081 etiam
578 4013 670 4084 mali.
690 4020 861 4095 quaerunt
879 4010 960 4093 quid
981 4006 1087 4073 atturi
1111 4017 1147 4072 et
1171 4008 1252 4090 quid
1271 4007 1382 4070 credi·

243 4115 318 4177 turi
342 4114 421 4187 sint,
441 4121 479 4177 ut
502 4112 536 4176 in
560 4110 693 4174 caelum
713 4107 875 4186 veniant;
909 4107 970 4169 sed
994 4105 1223 4188 respondetur
1246 4101 1323 4177 illis,
1344 4111 1382 4165 ut

244 4220 362 4291 agant
387 4219 422 4273 et
446 4209 590 4273 credant
613 4208 703 4270 sicut
722 4204 856 4277 volunt,
877 4212 914 4266 at
939 4202 1061 4276 sciant,
1082 4202 1174 4286 quod
1197 4200 1232 4264 in
1251 4199 1382 4263 inferno

245 4325 322 4368 non
354 4305 480 4368 bonum
510 4302 650 4375 saciant,
675 4319 739 4364 nec
770 4316 888 4362 verum
922 4297 1080 4372 credant,
1109 4297 1169 4360 sed
1203 4295 1238 4358 in
1271 4292 1381 4358 caelo.

255 4401 424 4484 “inquire
444 4400 522 4482 quid
543 4398 672 4461 bonum
691 4406 726 4460 et
746 4395 825 4478 quid
846 4413 975 4468 verum,
993 4413 1033 4457 ac
1053 4393 1172 4475 cogita
1190 4391 1256 4455 hoc
1274 4400 1309 4454 et
1328 4388 1381 4455 sac

244 4497 349 4566 illud.
367 4498 395 4560 si
414 4493 544 4579 potes.''
589 4494 644 4557 Ita
659 4493 766 4556 cuivis
782 4490 986 4573 relinquitur
1002 4511 1048 4554 ex
1068 4487 1177 4552 libero
1193 4485 1382 4551 secundum

245 4595 424 4656 rationem
441 4611 545 4672 agere
564 4591 598 4652 in
618 4588 748 4652 mundo
767 4585 937 4668 spirituali
960 4585 1050 4648 sicut
1074 4584 1108 4648 in
1132 4584 1261 4647 mundo
1281 4591 1383 4646 natu·

246 4690 314 4753 rali
328 4711 336 4769 ;
369 4689 428 4752 sed
453 4688 540 4750 sicut
564 4687 597 4748 in
621 4685 687 4748 hoc
711 4682 840 4747 mundo
864 4689 1021 4765 egerunt,
1046 4680 1095 4744 ita
1118 4679 1153 4742 in
1177 4677 1237 4742 illo
1260 4685 1384 4762 agunt,
