3448 5374
491 693 543 745 DE
562 691 699 743 DIVINA
723 689 1083 742 emmenum-N.
1102 695 1132 758 4.
1363 689 1382 765 ς

249 867 307 948 sit,
323 865 397 933 sive
415 865 451 930 in
469 863 599 930 mundo
614 860 805 948 spirituali:
829 859 902 929 tale
920 881 1025 928 unum
1043 872 1099 930 est
1116 859 1235 942 homo,
1252 869 1290 929 et
1307 857 1384 931 tale

252 982 355 1032 unum
385 970 442 1030 est
468 963 618 1027 societas
647 960 820 1039 humana;
852 970 890 1025 et
919 959 990 1024 tale
1014 978 1118 1024 unum
1141 969 1195 1025 est
1221 959 1383 1039 ecclesia,

251 1070 327 1130 tum
346 1061 542 1124 universum
563 1056 698 1122 caelum
715 1055 911 1140 angelicum
930 1073 1046 1120 coram
1066 1055 1239 1136 Domino;
1262 1055 1384 1134 verbo,

250 1157 325 1226 tale
340 1174 445 1221 unum
464 1163 519 1221 est
539 1154 734 1218 universum
751 1159 907 1216 creatum
927 1171 997 1216 non
1016 1153 1122 1217 modo
1140 1153 1175 1217 in
1195 1151 1382 1229 communi,

250 1253 313 1319 sed
325 1253 431 1320 etiam
443 1252 477 1315 in
496 1250 591 1315 omni
603 1247 813 1334 particulari.
857 1245 909 1313 Ut
925 1248 1042 1313 omnia
1053 1257 1091 1314 et
1103 1247 1238 1332 singula
1253 1247 1384 1313 formae

250 1351 333 1425 sint,
360 1365 542 1412 necessum
573 1356 629 1411 est
658 1355 697 1410 ut
727 1344 807 1428 Ipse
839 1344 898 1428 qui
927 1345 1057 1408 creavit
1087 1345 1203 1408 omnia
1232 1346 1277 1408 sit
1308 1346 1383 1428 ipsa

244 1444 390 1520 ¹Forma,
414 1453 451 1509 et
474 1442 567 1527 quod
591 1463 637 1508 ex
661 1441 737 1526 ipsa
758 1439 887 1505 Forma
912 1439 983 1505 sint
1008 1440 1126 1505 omnia
1148 1461 1236 1524 quae
1263 1451 1383 1506 creata

249 1540 389 1606 suntin
412 1538 553 1605 formis:
577 1538 644 1604 hoc
668 1538 788 1622 itaque
810 1545 877 1612 est,
901 1533 993 1619 quod
1016 1535 1051 1599 in
1073 1534 1309 1601 transactione
1331 1535 1384 1600 De

249 1634 377 1700 Dim
394 1633 524 1700 Amore
540 1643 574 1699 et
589 1631 720 1698 Dim‘na
738 1631 927 1714 Sapientia,
947 1631 1224 1696 demonstratum
1247 1642 1313 1709 est,
1334 1639 1382 1709 ut,

250 1727 355 1814 Quod
375 1729 522 1795 Divinus
537 1728 651 1794 Amor
669 1736 707 1794 et
727 1728 853 1792 Divina
872 1725 1051 1810 Sapientia
1069 1728 1115 1793 sit
1133 1728 1332 1794 substantia
1345 1735 1383 1794 et

249 1825 343 1910 quod
361 1825 407 1891 sit
426 1825 536 1891 forma
556 1821 604 1908 (n.
623 1822 759 1908 40—43).
805 1821 908 1906 Quod
927 1823 1073 1904 Divinus
1088 1842 1186 1888 amor
1203 1834 1241 1889 et
1256 1824 1383 1888 Divina

249 1920 429 2005 Sapientia
451 1921 496 1986 sit
513 1920 623 1986 forma
645 1921 680 1983 in
696 1939 745 1994 se,
763 1919 814 1983 ita
828 1920 939 2002 ipsum
962 1927 999 1982 et
1023 1920 1161 1984 unicum
1182 1917 1229 2002 (n.
1248 1917 1383 2005 44-46).

250 2015 355 2100 Quod
373 2015 522 2081 Divinus
539 2034 638 2080 arnor
656 2023 694 2079 et
713 2014 841 2078 Divina
856 2011 1036 2097 Sapientia
1053 2014 1088 2079 in
1107 2014 1259 2080 Domino
1278 2032 1382 2080 unum

250 2114 321 2179 sint
342 2108 390 2197 (n.
412 2127 524 2195 14-17,
545 2131 578 2176 n.
600 2109 729 2194 18—22).
775 2108 824 2174 Et
845 2109 939 2194 quod
963 2118 1001 2174 ut
1024 2128 1129 2174 unum
1151 2110 1384 2194 procedanta

250 2207 404 2274 Domino
421 2205 470 2292 (n.
485 2221 625 2291 99-102‚
639 2216 678 2271 et
693 2202 802 2290 alibi).
837 2209 895 2270 [⁴.]
917 2201 1016 2284 Quod
1016 2206 1141 2286 forma
1151 2228 1188 2270 eo
1196 2206 1384 2290 perfeliius

250 2323 353 2369 unum
371 2301 515 2383 ¹¹¹saciat,
531 2323 596 2387 quo
613 2299 677 2366 illa
694 2320 781 2386 quae
796 2298 1036 2382 ingrediuntur
1042 2301 1210 2382 sormam,
1225 2301 1385 2367 distincte

250 2397 322 2464 alia
339 2406 431 2475 sunt,
449 2407 483 2462 et
503 2406 614 2462 tamen
636 2395 735 2461 unita
747 2415 762 2460 .·
783 2394 850 2460 hoc
873 2413 979 2478 aegre
998 2395 1093 2462 cadit
1112 2395 1147 2462 in
1166 2393 1382 2462 intellellum

251 2494 315 2558 nisi
336 2493 522 2569 elevatum,
546 2491 710 2577 quoniam
735 2492 942 2575 apparentia
967 2501 1034 2566 est,
1056 2491 1150 2575 quod
1176 2492 1285 2557 forma
1312 2512 1383 2557 non

250 2587 353 2654 aliter
370 2589 482 2671 possit
501 2605 606 2652 unum
624 2585 750 2664 iacere,
769 2604 872 2670 quam
891 2605 953 2670 per
970 2585 1212 2652 similitudines
1231 2587 1384 2671 aequali·

250 2685 336 2750 tatis
350 2683 489 2750 illorum
503 2703 593 2768 quae
608 2681 755 2748 sormam
771 2683 1000 2747 constituunt.
1045 2682 1099 2749 De
1114 2683 1180 2748 hac
1196 2704 1233 2748 re
1248 2685 1385 2768 saepius

249 2797 329 2846 cum
347 2779 483 2864 angelis
500 2779 636 2846 locutus
655 2797 756 2858 sum;
779 2780 835 2863 qui
852 2779 1017 2844 dixerunt
1032 2779 1126 2865 quod
1141 2779 1208 2845 hoc
1224 2781 1269 2845 sit
1285 2800 1383 2846 arca·

250 2894 343 2953 num,
369 2875 462 2960 quod
489 2875 666 2958 sapientes
693 2873 831 2939 illorum
858 2875 1051 2959 percipiunt
1077 2875 1182 2952 clare,
1207 2885 1245 2941 at
1271 2877 1384 2942 minus

249 2971 427 3055 sapientes
443 2969 608 3050 obscure;
632 2979 670 3035 at
685 2970 779 3053 quod
793 2961 922 3034 veritas
937 2971 994 3048 sit,
1011 2972 1105 3055 quod
1123 2971 1233 3036 forma
1247 2993 1290 3037 eo
1305 2992 1383 3057 per·

250 3065 371 3132 felitior
389 3066 447 3143 sit,
463 3085 533 3150 quo
551 3064 612 3130 illa
633 3085 723 3151 quae
745 3064 874 3131 iaciunt
893 3065 1000 3142 illam,
1020 3064 1185 3132 distinete
1203 3067 1272 3132 alia
1290 3077 1384 3146 sunt,

249 3163 313 3228 sed
336 3181 444 3247 usque
475 3162 640 3244 singulari
664 3160 770 3226 modo
795 3163 911 3225 unita:
941 3159 1232 3227 confirmaverunt
1259 3162 1294 3228 id
1322 3182 1384 3248 per

249 3260 441 3325 societates
470 3257 505 3322 in
534 3255 651 3334 caelis,
678 3276 767 3340 quae
801 3255 903 3320 simul
932 3265 1093 3340 sumptae
1122 3257 1266 3322 sormam
1295 3257 1384 3324 caeli

250 3349 492 3433 constituunt3
515 3371 644 3437 perque
662 3350 809 3436 angelos
825 3350 973 3436 cujusvis
993 3353 1183 3430 societatis,
1203 3353 1296 3438 quod
1313 3374 1384 3439 quo

250 3450 394 3536 quilibet
415 3444 609 3512 distinetius
623 3467 705 3512 suus
724 3456 790 3524 est,
811 3447 861 3511 ita
880 3447 978 3525 liber,
994 3458 1031 3513 et
1050 3448 1099 3514 sic
1118 3449 1207 3514 sicut
1224 3469 1271 3514 ex
1290 3469 1328 3515 se
1345 3459 1383 3518 et

251 3567 297 3610 ex
314 3565 376 3610 sua
395 3541 576 3609 affeetione
595 3551 692 3608 amat
712 3543 906 3619 consocios,
924 3543 1105 3609 societatis
1124 3545 1233 3610 forma
1251 3545 1383 3631 persec-

251 3642 321 3708 tior
338 3642 393 3706 sit
439 3638 660 3704 Illustrarunt
677 3639 785 3705 etiam
804 3639 839 3703 id
857 3660 919 3724 per
934 3638 1132 3724 conjugium
1148 3641 1230 3705 boni
1245 3651 1283 3706 et
1298 3642 1382 3721 veri,

208 3782 213 3792 -
251 3736 344 3823 quod
358 3756 429 3821 quo
443 3731 642 3799 distinetius
660 3733 730 3799 duo
753 3745 846 3811 sunt,
862 3755 906 3800 eo
924 3733 1106 3820 perfettius
1124 3754 1228 3801 unum
1247 3739 1383 3821 possint

251 3835 386 3911 lacere3
410 3831 570 3895 similiter
587 3849 686 3895 amor
704 3840 741 3895 et
763 3831 955 3914 sapientia;
979 3840 1016 3898 et
1031 3830 1124 3916 quod
1142 3831 1382 3898 indistintium

251 3931 297 3996 sit
320 3927 512 4002 confusum,
536 3947 584 3992 ex
607 3947 676 4011 quo
694 3927 806 3992 omnis
831 3924 1044 4009 imperfectio
1066 3926 1197 3993 formae
1222 3927 1382 3995 resultat.

252 4029 310 4091 [5.]
342 4021 530 4107 Quomodo
552 4031 670 4087 autem
693 4018 844 4107 perse&
874 4019 1040 4087 distintta
1069 4024 1242 4100 uniuntur,
1264 4033 1302 4089 et
1332 4023 1382 4091 sic

252 4137 356 4183 unum
379 4117 519 4193 iaciunt,
539 4118 647 4182 etiam
670 4136 732 4201 per
753 4115 852 4202 plura
874 4116 1185 4198 confirmaverunt;
1215 4117 1382 4202 imprimis

251 4231 312 4295 per
324 4212 385 4277 illa
396 4233 484 4297 quae
501 4213 535 4276 in
550 4212 693 4278 homine
706 4221 796 4290 sunt,
806 4212 863 4278 ubi
878 4213 1142 4280 innumerabilia
1156 4214 1206 4280 ita
1218 4211 1382 4281 distinete

251 4317 344 4385 sunt,
357 4316 394 4373 et
410 4317 530 4374 tamen
546 4309 654 4387 unita,
668 4305 835 4374 distinete
849 4329 911 4392 per
925 4308 1135 4386 velamenta,
1151 4329 1193 4376 ac
1208 4311 1305 4377 unita
1320 4329 1384 4393 per

252 4400 463 4487 ligamenta:
487 4411 525 4468 et
540 4403 633 4486 quod
649 4404 761 4468 simile
776 4405 823 4469 sit
841 4422 920 4469 cum
936 4422 1054 4470 amore
1069 4416 1105 4470 et
1122 4405 1280 4471 omnibus
1296 4405 1381 4489 ejus,

252 4517 389 4566 aecum
408 4499 582 4585 sapientia
604 4509 642 4566 et
660 4501 820 4565 omnibus
842 4499 925 4584 ejus,
945 4521 1034 4587 quae
1057 4521 1126 4568 non
1145 4501 1248 4567 aliter
1268 4501 1384 4586 perci·

253 4595 393 4676 piuntur
407 4611 511 4681 quam
529 4602 568 4659 ut
586 4613 701 4660 unum.
747 4595 848 4661 Plura
870 4597 914 4661 de
933 4595 987 4662 his
1005 4595 1189 4663 videantur
1206 4598 1241 4662 in
1264 4607 1383 4662 trans·

253 4686 389 4757 afflone
411 4690 462 4757 De
482 4687 611 4756 Ditem
632 4689 761 4754 Amore
776 4701 810 4755 et
830 4689 959 4756 Dzirina
981 4690 1161 4774 Sapientia
1178 4691 1226 4776 (n.
1248 4691 1380 4776 14-22)‚
