3424 5368
468 683 520 735 ua
543 681 680 733 mvnvs
702 677 1063 732 PROVIDENTIA.-N.
1086 678 1155 748 197.
1328 681 1389 750 137

255 876 382 941 nempe
410 854 441 920 ei
470 853 598 918 malum
621 853 678 931 sit,
702 849 794 937 quod
817 851 967 917 destruit
986 848 1173 935 jucundum
1196 848 1387 918 aliefflonis

254 953 340 1035 ejus,
370 962 406 1016 et
436 951 470 1015 id
501 950 623 1014 salsum
655 950 747 1032 quod
777 948 925 1013 destruit
949 967 1132 1012 amoenum
1159 948 1387 1030 cogitationis

254 1049 328 1132 ejus
346 1048 447 1127 inde;
478 1055 514 1111 et
537 1048 630 1129 quod
650 1045 779 1109 malum
802 1067 848 1108 ex
867 1043 1021 1126 jucundo
1036 1065 1099 1108 suo
1121 1054 1158 1108 et
1188 1043 1312 1108 salsum
1338 1067 1386 1111 ex

254 1165 405 1210 amoeno
424 1165 487 1207 suo
506 1145 642 1226 possint
661 1143 728 1206 dici
748 1152 785 1206 et
804 1142 899 1206 credi
918 1141 1046 1204 bonum
1066 1149 1103 1203 et
1122 1159 1251 1204 verum.
1296 1138 1386 1207 Sunt

254 1241 394 1324 quidem
411 1239 502 1302 bona
518 1249 555 1303 et
575 1259 656 1302 vera
672 1239 885 1301 mutationes
902 1245 939 1300 et
959 1236 1169 1299 variationes
1184 1244 1298 1314 status
1316 1236 1385 1300 sor·

253 1355 386 1400 marum
407 1335 546 1411 mentis,
566 1335 629 1398 sed
650 1333 717 1398 hae
741 1335 840 1397 unice
863 1333 1098 1417 percipiuntur
1120 1341 1157 1395 et
1179 1332 1301 1398 vivunt
1324 1352 1386 1416 per

252 1430 403 1515 jucunda
421 1442 457 1496 et
475 1452 624 1494 amoena
642 1432 790 1495 illorum.
837 1429 935 1493 Haec
955 1427 1065 1492 allata
1083 1436 1176 1505 sunt,
1196 1438 1236 1493 ut
1254 1428 1385 1494 sciatur

254 1528 336 1612 quid
354 1525 489 1592 affeetio
508 1538 544 1591 et
564 1528 736 1610 cogitatio
754 1527 789 1590 in
808 1547 871 1589 sua
889 1527 971 1588 vita.

318 1622 419 1704 196·
450 1621 549 1686 Nunc
573 1623 653 1706 quia
675 1641 773 1685 mens
791 1621 939 1684 hominis
961 1628 1027 1696 est,
1047 1641 1136 1704 quae
1157 1619 1383 1706 cogitatiac

251 1720 388 1802 cogitat
405 1739 451 1782 ex
463 1715 616 1801 jucundo
631 1715 822 1782 affedtionis
837 1715 948 1800 suae.)
963 1724 998 1780 et
1013 1736 1083 1779 non
1100 1737 1234 1797 corpus,
1251 1725 1288 1782 et
1304 1719 1384 1800 quia

252 1834 352 1880 mens
371 1813 520 1896 homipis
539 1826 593 1880 est
609 1814 680 1896 ejus
699 1815 850 1896 spiritus,
869 1813 926 1896 qui
944 1813 1030 1875 vivit
1049 1821 1129 1894 post
1148 1824 1308 1890 mortem,
1326 1835 1381 1878 se-

250 1912 368 1995 quitur
383 1910 479 1994 quod¹
494 1913 636 1994 spiritus
654 1911 803 1974 hominis
823 1931 894 1974 non
912 1911 958 1973 sit
976 1910 1041 1973 nisi
1061 1930 1163 1993 quam
1186 1909 1322 1975 affectio
1345 1921 1383 1977 et

251 2007 334 2072 inde
349 2008 531 2089 cogitatio.
577 2005 679 2090 Quod
696 2026 765 2069 non
781 2006 855 2070 dari
867 2014 972 2089 queat
988 2005 1059 2068 ulla
1071 2006 1242 2088 cogitatio
1252 2006 1382 2092 absque

250 2101 445 2179 affectione,
473 2104 656 2167 manifeste
685 2113 786 2188 patet
820 2123 865 2166 ex
899 2102 1076 2184 spiritibus
1109 2112 1146 2167 et
1179 2101 1313 2184 angelis
1345 2103 1381 2167 in

253 2200 383 2263 mundo
397 2199 578 2281 spirituali,
592 2200 684 2281 quod
701 2219 822 2262 omnes
838 2198 886 2262 ibi
901 2199 1061 2280 cogitent
1080 2218 1127 2262 ex
1142 2197 1381 2264 affectionibus

250 2296 379 2358 amoris
389 2297 481 2358 vitae
491 2294 638 2366 illorum.
648 2303 684 2358 et
695 2294 786 2377 quod
796 2294 984 2376 jucundum
995 2294 1131 2357 illarum
1141 2296 1380 2378 circumstipet

252 2391 526 2472 unumquemvis,
543 2392 633 2454 sicut
649 2390 897 2473 atmosphaera
911 2389 1003 2471 ejus;
1027 2398 1063 2454 et
1081 2391 1172 2474 quod
1189 2391 1379 2456 secundum

250 2483 316 2551 has
338 2486 504 2570 sphaeras
522 2486 709 2550 exhalatas
731 2507 777 2550 ex
800 2483 1038 2550 afledtionibus
1061 2506 1122 2570 per
1144 2488 1380 2569 cogitationes

249 2580 399 2658 illorum,
420 2603 541 2647 omnes
564 2583 611 2646 ibi
635 2581 910 2665 conjungantur:
937 2583 1079 2667 quisque
1098 2583 1204 2646 etiam
1227 2604 1273 2647 ex
1296 2603 1379 2648 suae

249 2679 347 2743 vitae
375 2679 524 2763 sphaera
552 2679 776 2762 cognoscitur
804 2677 914 2762 qualis
944 2687 1009 2742 est.
1055 2677 1112 2742 Ex
1136 2679 1188 2742 his
1218 2689 1380 2745 constare

250 2785 382 2856 potest,
399 2776 490 2857 quod
510 2777 621 2838 omnis
640 2774 811 2857 cogitatio
829 2775 875 2838 sit
893 2795 940 2839 ex
958 2772 1148 2850 affectione,
1168 2783 1205 2839 et
1223 2775 1315 2858 quod
1334 2775 1379 2841 sit

249 2869 360 2933 forma
376 2891 458 2933 suae
473 2867 673 2933 affectionis.
719 2867 839 2934 Simile
854 2880 910 2933 est
926 2889 1003 2932 cum
1016 2869 1200 2934 voluntate
1218 2880 1254 2934 et
1273 2871 1378 2934 intel·

251 2963 364 3044 ledtu3
396 2976 433 3030 et
456 2965 566 3029 simile
591 2974 645 3030 est
673 2984 750 3028 cum
774 2963 869 3028 bono
891 2974 927 3030 et
957 2984 1061 3044 vero;
1096 2974 1132 3030 et
1164 2964 1277 3031 simile
1300 2987 1377 3031 curn

250 3062 424 3128 charitate
443 3077 479 3127 et
498 3062 575 3126 fide.

316 3173 411 3242 197.
442 3157 507 3242 (ii.)
530 3158 627 3236 Quod
638 3158 829 3242 affeliiones
838 3159 967 3222 amoris
979 3158 1221 3225 vitaehominis
1232 3159 1304 3224 st'nt
1315 3159 1382 3225 soli

250 3254 393 3319 Domino
408 3253 676 3318 notae-Homo
695 3273 774 3316 suas
793 3254 1029 3334 cogitationes
1051 3264 1088 3320 et
1111 3255 1192 3319 inde
1209 3255 1377 3319 intentio·

250 3371 314 3416 nes
332 3353 441 3426 novit,
463 3352 540 3434 quia
559 3349 638 3413 illas
661 3350 695 3412 in
715 3369 753 3413 se
771 3349 887 3428 videt;
911 3359 948 3413 et
967 3351 1046 3432 quia
1065 3350 1176 3415 omnis
1195 3352 1378 3435 prudentia

248 3460 306 3515 est
326 3471 371 3513 ex
394 3449 473 3524 illis,
492 3451 598 3514 etiam
618 3447 714 3510 illam
744 3448 778 3510 in
805 3467 842 3512 se
867 3447 975 3511 videt.
1021 3447 1056 3512 Si
1082 3459 1166 3513 tunc
1194 3447 1266 3532 ejus
1283 3451 1378 3515 vitae

248 3565 349 3610 amor
367 3556 422 3610 est
439 3564 536 3609 amor
552 3545 613 3619 sui,
631 3545 665 3608 in
680 3544 808 3608 fastum
825 3545 982 3627 propriae
997 3543 1252 3627 intelligentiae
1268 3547 1375 3624 venit,

247 3651 287 3706 et
317 3643 382 3706 sibi
405 3641 570 3706 adscribit
593 3641 835 3723 prudentiam
859 3649 895 3703 et
922 3639 1057 3722 colligit
1081 3653 1286 3724 argumenta
1315 3663 1377 3726 pro

248 3738 320 3815 illa,
352 3748 389 3804 et
422 3739 470 3802 sic
506 3739 637 3802 recedit
669 3738 713 3801 ab
745 3738 925 3820 agnitione
954 3734 1099 3801 Divinae
1124 3737 1377 3803 Providentiae.

248 3833 415 3898 Similiter
434 3833 483 3909 fit,
497 3836 525 3897 si
544 3854 641 3898 amor
656 3834 774 3897 mundi
792 3842 847 3897 est
866 3852 963 3896 amor
974 3832 1090 3912 vitae;
1114 3834 1176 3898 sed
1197 3855 1303 3916 usque
1322 3836 1376 3901 hic

249 3951 319 3995 non
339 3931 373 3993 in
391 3931 453 3994 tali
472 3932 580 4013 gradu
598 3931 740 3994 recedit.
785 3928 842 3993 Ex
861 3930 982 4012 quibus
999 3939 1107 4012 patet,
1127 3929 1219 4015 quod
1238 3930 1287 3995 illi
1305 3932 1377 3996 bini

246 4047 386 4091 amores
402 4027 602 4091 adscribant
619 4026 749 4091 homini
768 4037 804 4091 et
824 4025 894 4108 ejus
914 4027 1117 4109 prudentiae
1133 4029 1268 4107 omnia;
1292 4038 1329 4093 et
1348 4029 1376 4093 si
1444 4105 1447 4112 Ι

245 4123 393 4188 interius
419 4121 657 4207 explorantur,
689 4120 773 4186 nihil
806 4121 883 4186 Deo
915 4131 951 4186 et
985 4122 1095 4205 Ipsius
1125 4123 1374 4189 Providentiae.

246 4217 366 4302 Quare
388 4240 466 4286 cum
489 4219 576 4284 sorte
595 4219 749 4295 audiunt,
767 4219 858 4303 quod
882 4220 1010 4282 veritas
1033 4220 1089 4297 sit,
1110 4221 1202 4303 quod
1225 4221 1376 4287 humana

245 4316 432 4398 prudentia
451 4316 497 4380 sit
517 4313 622 4392 nulla,
643 4315 704 4378 sed
725 4315 817 4399 quod
836 4314 962 4378 Divina
981 4315 1201 4382 Providentia
1219 4318 1264 4382 sit
1287 4317 1374 4397 sola,

245 4435 336 4498 quae
355 4416 445 4497 regit
464 4415 591 4491 omnia,
609 4414 637 4479 si
653 4435 791 4498 prorsus
807 4413 902 4478 athei
919 4424 1011 4490 sunt,
1022 4415 1136 4480 rident
1154 4416 1198 4481 ad
1211 4416 1317 4496 illud;
1337 4426 1376 4484 at

244 4510 276 4575 si
299 4512 426 4595 aliquid
457 4533 502 4575 ex
533 4511 702 4594 religione
724 4509 877 4575 retinent
896 4511 1072 4588 memoria,
1092 4520 1129 4576 et
1151 4511 1219 4577 illis
1238 4513 1374 4592 dicitur,

246 4609 341 4690 quod
361 4608 471 4673 omnis
490 4607 662 4690 sapientia
680 4605 725 4671 sit
744 4626 765 4670 a
783 4604 870 4684 Deo,
890 4606 1027 4690 quidem
1047 4607 1091 4672 ad
1114 4608 1259 4691 primum
1278 4609 1374 4674 audi·

249 4711 323 4770 tum
345 4701 530 4780 affirmant,
550 4703 611 4767 sed
635 4723 742 4789 usque
765 4701 859 4766 intus
880 4701 916 4766 in
939 4703 1061 4787 spiritu
1082 4723 1147 4768 suo
1171 4703 1207 4770 id
1230 4713 1375 4788 negant.
