3422 5380
275 665 338 730 242
624 667 828 718 SAPIENTIA
851 667 1043 718 ANGELICA

273 855 352 899 cum
377 834 553 918 speciatur
576 840 619 901 ab
642 841 785 923 angelis.
840 837 970 906 Omnes
993 841 1059 905 hae
1082 841 1212 905 formae
1236 840 1403 922 concupi-

273 933 481 994 scentiarum
503 934 704 1015 singillatim
718 938 974 1000 convertendae
993 947 1095 1012 sunt;
1120 938 1192 1018 ipse
1211 934 1328 1008 hom0,
1343 936 1400 1018 qui

274 1028 388 1109 quoad
413 1029 568 1108 spiritum
588 1040 731 1113 apparet
750 1042 786 1095 ut
803 1031 907 1094 homo
927 1043 1118 1094 monstrum
1139 1053 1197 1094 seu
1217 1040 1253 1094 ut
1278 1030 1398 1092 diabo-

275 1121 338 1194 lus,
353 1126 606 1187 convertendus
623 1136 676 1189 est
693 1137 729 1190 ut
750 1128 794 1188 sit
812 1129 899 1190 sicut
916 1127 1061 1209 angelus
1077 1127 1239 1210 pulcher;
1262 1135 1298 1188 et
1315 1145 1397 1188 una·

273 1221 417 1301 quaevis
436 1223 714 1304 concupiscentia
734 1222 814 1284 mali
840 1224 1074 1286 convertenda
1091 1233 1156 1296 est,
1174 1231 1209 1284 ut
1232 1233 1398 1304 appareat

274 1315 363 1379 sicut
382 1307 581 1396 agnus,'aut
605 1320 690 1392 ovis,
711 1328 769 1380 aut
789 1321 876 1382 sicut
897 1319 1056 1382 columba
1076 1329 1110 1381 et
1136 1327 1257 1392 turtur,
1279 1335 1397 1400 quem·

274 1413 460 1474 admodum
498 1411 696 1476 affectiones
733 1414 813 1476 boni
849 1414 1050 1496 angelorum
1095 1415 1128 1476 in
1174 1411 1283 1486 cae10,
1320 1431 1397 1476 cum

273 1521 587 1589 repraesentantur,
616 1520 806 1592 apparent;
842 1531 881 1574 ac
912 1520 1116 1573 convertere
1147 1509 1333 1572 draconem
1364 1509 1397 1572 in

272 1621 414 1683 agnum,
443 1605 640 1667 basiliscum
667 1607 700 1667 in
729 1625 841 1680 ovem,
870 1625 909 1668 ac
934 1605 1106 1668 bubonem
1130 1603 1162 1666 in
1191 1603 1397 1679 columbam,

274 1717 344 1760 non
369 1711 486 1782 potest
511 1699 580 1764 fieri
604 1702 666 1764 nisi
689 1722 789 1784 quam
810 1703 1015 1774 successive,
1036 1699 1246 1763 eradicando
1270 1699 1398 1762 malum

273 1814 296 1857 a
323 1817 385 1858 suo
408 1797 548 1870 semine,
577 1817 616 1860 ac
644 1798 885 1878 implantando
912 1799 1040 1861 bonum
1067 1817 1185 1860 semen
1211 1795 1290 1859 loco
1316 1794 1396 1877 ejus.

274 1887 343 1954 Sed
364 1891 429 1954 hoc
447 1913 514 1954 non
536 1891 605 1955 fieri
621 1891 723 1956 aliter
739 1904 867 1975 potest,
885 1913 986 1976 quam
1005 1893 1239 1974 comparative
1255 1892 1342 1954 sicut
1361 1890 1398 1954 lit

273 2004 353 2048 cum
373 1987 533 2049 insitione
553 1988 722 2061 arborum,
741 2009 881 2070 quarum
902 1990 1035 2052 radices
1054 2007 1129 2050 cum
1147 1987 1261 2070 aliquo
1277 1995 1398 2050 trunco

272 2095 466 2156 remanent,
492 2083 552 2145 sed
581 2104 686 2165 usque
710 2085 830 2147 insitus
858 2105 970 2146 ramus
999 2103 1136 2146 succum
1162 2103 1220 2165 per
1243 2091 1397 2144 veterem

273 2177 425 2240 radicem
460 2175 656 2241 extractum
686 2181 790 2242 vertit
821 2181 854 2243 in
889 2199 1027 2242 succum
1057 2179 1240 2240 facientem
1270 2173 1398 2240 fructus

273 2272 395 2336 bonos.
436 2273 565 2336 Ramus
581 2274 638 2337 ille
656 2275 880 2338 inoculandus
898 2295 965 2338 non
980 2275 1117 2338 aliunde
1134 2274 1264 2336 desumi
1281 2279 1399 2355 potest

271 2389 376 2452 quam
407 2391 426 2432 a
455 2370 615 2442 Domino,
640 2371 696 2452 qui
720 2381 775 2434 est
803 2370 917 2434 Arbor
944 2373 1059 2448 vitae;
1089 2370 1180 2452 quod
1210 2370 1315 2433 etiam
1343 2375 1397 2431 est

271 2467 461 2528 secundum
488 2465 623 2529 Domini
654 2469 770 2542 verba,
790 2466 871 2540 Jola.
892 2487 949 2528 xv.
975 2481 1041 2546 1-7.
1091 2478 1147 2542 [3.]
1179 2463 1394 2527 Secundum:

273 2557 374 2638 Quod
386 2561 494 2624 malus
510 2561 544 2624 in
560 2582 623 2624 sua
641 2561 732 2624 mala
750 2583 786 2625 se
802 2583 845 2624 ex
862 2581 897 2623 se
913 2562 1063 2623 continue
1075 2560 1280 2641 profundius
1299 2559 1396 2621 indu·

270 2666 337 2718 cat.
383 2656 527 2728 Dicitur,
558 2679 604 2720 ex
632 2677 679 2732 se,
711 2659 788 2740 quia
818 2677 920 2720 omne
948 2657 1075 2718 malum
1100 2666 1153 2718 est
1178 2676 1224 2718 ex
1246 2655 1395 2728 homine,

271 2753 377 2814 vertit
408 2755 498 2814 enim
528 2751 668 2826 bonurn,
696 2754 786 2835 quod
818 2773 836 2814 a
868 2752 1019 2814 Domino
1042 2762 1107 2824 est,
1135 2751 1167 2813 in
1192 2751 1331 2824 malum,
1359 2759 1397 2814 ut

271 2843 527 2927 supradictum
551 2858 615 2910 est.
662 2845 763 2929 Quod
787 2848 897 2910 malus
921 2869 955 2910 se
981 2847 1178 2929 profundius
1197 2846 1338 2908 inducat
1362 2846 1396 2907 in

271 2941 413 3010 malum.
432 2943 505 3022 ipsa
523 2953 708 3017 causaest,
729 2943 820 3025 quod
840 2943 961 3005 inserat
982 2963 1018 3004 se
1039 2943 1072 3003 in
1092 2942 1279 3003 societates
1296 2939 1396 3003 inler-

274 3036 371 3100 nales
396 3038 536 3099 interius
561 3047 597 3100 et
625 3038 777 3112 interius,
807 3048 843 3101 et
869 3059 1004 3120 quoque
1033 3037 1231 3118 profundius
1258 3045 1294 3098 et
1317 3055 1395 3117 pro·

272 3133 419 3206 sundius,
445 3134 532 3196 sicut
556 3132 630 3196 vult
654 3142 689 3197 et
714 3134 795 3198 lacit
819 3133 969 3211 malum;
1003 3133 1083 3196 inde
1111 3151 1246 3214 quoque
1273 3132 1398 3195 crescit

268 3227 457 3312 jucundum
482 3229 572 3304 mali,
598 3239 633 3293 et
657 3230 722 3292 hoc
746 3238 893 3310 occupat
917 3230 966 3291 ita
993 3229 1226 3310 cogitationes
1252 3225 1334 3307 ejus,
1359 3236 1397 3291 ut

272 3326 416 3388 tandem
450 3346 518 3388 non
550 3326 678 3388 sentiat
712 3324 852 3387 dulcius.
898 3323 945 3386 Et
980 3325 1035 3405 qui
1069 3343 1106 3386 se
1140 3323 1174 3385 in
1209 3323 1397 3385 societates

273 3418 457 3483 infernales
480 3422 621 3484 interius
643 3430 678 3483 et
703 3420 899 3502 profundius
923 3417 1050 3492 intulit,
1076 3417 1114 3481 lit
1139 3419 1227 3480 sicut
1252 3418 1396 3481 circum·

273 3513 402 3596 ligatus
420 3516 584 3594 vinculis;
608 3517 669 3578 sed
688 3516 848 3597 quamdiu
865 3516 897 3576 in
916 3515 1044 3576 mundo
1061 3514 1157 3588 vivit,
1176 3511 1311 3575 vincula
1328 3531 1397 3576 non

271 3611 379 3673 sentit
396 3631 403 3688 ;
428 3622 507 3673 sunt
528 3613 614 3673 sicut
630 3631 673 3673 ex
692 3610 787 3673 molli
804 3611 893 3684 lana,
911 3621 971 3672 aut
990 3630 1034 3673 ex
1056 3609 1187 3671 lenibus
1207 3607 1271 3669 filis
1288 3608 1395 3683 serici,

269 3726 361 3788 quae
381 3715 475 3768 amat
494 3707 572 3789 quia
591 3705 760 3784 titillant;
783 3725 900 3768 verum
921 3715 1000 3787 post
1020 3713 1167 3767 mortem
1187 3701 1323 3766 vincula
1338 3702 1399 3766 illa

268 3821 319 3864 ex
343 3800 504 3865 mollibus
520 3800 605 3866 fiunt
625 3802 719 3876 dura,
737 3811 772 3866 et
789 3823 835 3866 ex
852 3801 1074 3865 titillantibus
1093 3800 1294 3882 pungentia.
1339 3810 1397 3872 [4.]

268 3895 378 3979 Quod
403 3896 590 3980 jucundum
621 3897 701 3961 mali
730 3899 942 3962 incrementa
969 3898 1094 3979 capiat,
1123 3904 1243 3959 notum
1265 3903 1321 3959 est
1351 3911 1398 3955 ex

271 3991 378 4070 furtis,
404 3993 605 4069 latrociniis,
630 3994 967 4077 depraedationibus,
991 3989 1162 4066 vindictis,
1188 3987 1397 4054 dominatio·

269 4088 384 4166 nibus,
401 4089 513 4167 lucris,
533 4099 569 4154 et
586 4088 670 4153 aliis.
717 4088 802 4172 Quis
822 4110 890 4154 non
910 4091 943 4152 in
963 4089 1030 4153 illis
1050 4088 1239 4152 secundum
1259 4105 1397 4150 succes·

270 4205 331 4249 sus
352 4195 389 4250 et
412 4186 600 4250 secundum
616 4188 785 4250 exercitia
804 4205 873 4250 non
893 4185 1037 4249 inhibita
1055 4185 1164 4248 sentit
1183 4182 1398 4247 elevationes

266 4279 433 4366 jucundi?
478 4281 609 4346 Notum
639 4293 704 4356 est,
732 4281 822 4365 quod
852 4280 903 4345 sur
930 4281 964 4344 in
989 4280 1085 4344 furtis
1110 4280 1182 4344 tale
1208 4276 1396 4361 jucundum

271 4379 414 4454 sentiat,
437 4386 474 4442 ut
497 4397 565 4441 non
594 4377 762 4442 desistere
787 4378 920 4459 possit;
951 4386 998 4452 et,
1025 4377 1158 4451 mirum,
1188 4373 1278 4458 quod
1305 4382 1398 4437 amet

271 4493 377 4538 unum
396 4491 571 4536 nummum
595 4472 742 4537 furatum
762 4473 957 4556 plusquam
978 4474 1098 4536 decem
1123 4489 1282 4534 nummos
1305 4469 1399 4531 dono

271 4567 387 4632 datos.
441 4567 558 4632 Simile
582 4569 686 4632 etiam
709 4569 797 4633 soret
821 4586 898 4632 cum
922 4566 1112 4642 adulteriis,
1137 4567 1200 4629 nisi
1223 4564 1400 4648 provisum

271 4672 377 4736 esset,
409 4662 501 4746 quod
535 4663 661 4726 malum
691 4662 775 4727 illud
808 4664 968 4746 potentia
997 4663 1178 4727 decrescat
1207 4658 1401 4744 secundum
