3434 5364
373 669 436 754 196
721 679 926 732 snrrcurrn
948 682 1145 733 nncncrcn

369 852 416 918 ob
434 851 537 916 finem
557 863 594 917 ut
614 854 773 917 videatur
791 852 901 936 qualis
922 850 1117 933 conjunctio
1133 864 1187 918 est
1207 855 1333 918 amoris
1352 875 1411 918 seu
1434 873 1498 920 vo-

370 946 517 1012 luntatis
536 967 613 1012 cum
630 951 801 1031 sapientia
820 970 879 1012 seu
895 947 1086 1024 intellectu,
1104 969 1144 1012 ac
1165 950 1340 1032 utriusque
1358 949 1394 1013 in
1412 967 1498 1014 con·

370 1046 479 1108 sortio
499 1064 576 1107 cum
596 1045 754 1107 omnibus
774 1047 922 1122 mentis;
948 1064 1026 1108 nam
1046 1045 1167 1108 similis
1186 1055 1251 1108 est.

432 1129 540 1222 [4119.
565 1139 644 1222 (xi.)
672 1139 768 1218 Quod
782 1161 879 1203 amor
899 1160 957 1204 seu
977 1139 1135 1205 voluntas
1150 1140 1241 1204 nihil
1259 1149 1348 1222 agat
1370 1138 1442 1204 m'si
1460 1139 1493 1204 in

368 1236 588 1318 conjunctione
605 1255 677 1299 cum
691 1234 860 1316 sapientia
875 1256 933 1298 seu
951 1233 1259 1300 intellectu—Cum
1275 1235 1368 1300 enim
1384 1236 1495 1300 amori

368 1351 437 1393 non
455 1330 569 1412 aliqua
585 1332 657 1394 vita
673 1331 847 1406 sensitiva,
866 1350 929 1394 nec
946 1331 1060 1415 aliqua
1079 1331 1152 1396 vita
1166 1329 1279 1395 activa
1297 1340 1351 1394 est
1365 1330 1496 1413 absque

368 1423 560 1499 intellectu,
581 1437 616 1489 et
640 1445 719 1489 cum
741 1445 837 1490 amor
860 1427 1051 1491 introducit
1074 1424 1291 1498 intellectum
1317 1427 1352 1489 in
1379 1425 1496 1489 omnia

367 1523 505 1595 mentis,
534 1519 587 1604 (ut
618 1542 730 1604 supra,
759 1542 791 1584 n.
818 1537 893 1604 407,
916 1524 991 1602 408,
1020 1532 1200 1587 ostensum
1229 1520 1314 1606 est,)
1342 1523 1495 1605 sequitur

366 1618 459 1698 quod
482 1636 579 1679 amor
609 1637 669 1680 seu
693 1617 855 1681 voluntas
878 1617 963 1682 nihil
985 1627 1069 1700 agat
1095 1619 1160 1682 nisi
1189 1619 1224 1681 in
1254 1613 1495 1700 conjunctione

366 1732 443 1775 cum
464 1710 662 1777 intellectu:
688 1714 768 1797 quid
785 1714 876 1777 enim
896 1723 950 1778 est
969 1734 1015 1778 ex
1034 1733 1151 1777 amore
1170 1733 1274 1795 agere
1291 1712 1423 1795 absque
1441 1713 1486 1776 in·

365 1805 533 1872 tellecta?
564 1809 630 1872 hoc
655 1829 724 1872 non
748 1809 850 1873 aliter
872 1810 989 1873 vocari
1012 1818 1131 1892 potest
1151 1827 1252 1893 quam
1272 1807 1496 1890 irrationale,

364 1901 562 1968 inteltettus
578 1905 669 1966 enim
686 1905 825 1968 instruit
842 1905 921 1986 quid
937 1905 1123 1986 agendum,
1141 1912 1178 1967 et
1194 1903 1369 1986 quomodo
1384 1920 1494 1985 agen·

365 1999 445 2062 dum
465 2008 540 2075 est;
565 1998 631 2061 hoc
656 2001 768 2063 nescit
792 2018 889 2063 amor
908 1998 1038 2082 absque
1058 1995 1256 2062 intellectu:
1282 2008 1494 2082 quapropter

364 2094 436 2158 tale
457 2094 653 2176 conjugium
673 2106 727 2158 est
751 2096 843 2158 inter
862 2114 1015 2160 amorem
1035 2104 1072 2158 et
1091 2091 1321 2170 intellectum,
1342 2103 1379 2157 ut
1399 2103 1493 2157 tarn·

364 2191 431 2253 etsi
455 2189 523 2253 duo
547 2199 639 2264 sunt,
664 2211 772 2272 usque
796 2200 834 2254 ut
858 2209 960 2254 unum
984 2199 1104 2272 agant.
1149 2187 1270 2254 Simile
1292 2187 1492 2272 conjugium

364 2295 418 2350 est
437 2286 528 2349 inter
547 2284 675 2348 bonum
695 2295 731 2349 et
749 2305 880 2362 verum,
901 2288 985 2349 nam'
1000 2287 1128 2349 bonum
1148 2295 1203 2348 est
1219 2285 1356 2360 amoris,
1374 2294 1410 2348 et
1430 2304 1491 2349 ve·

362 2401 436 2444 rum
457 2395 510 2445 est
533 2379 741 2445 intellectus.
787 2381 874 2445 Tale
894 2380 1088 2464 conjugium
1112 2390 1166 2444 est
1190 2381 1225 2444 in
1248 2376 1392 2462 singulis
1415 2379 1491 2444 uni·

363 2478 464 2551 versi,
485 2498 571 2560 quae
591 2497 611 2541 a
632 2477 781 2541 Domino
800 2487 918 2541 creata
937 2486 1038 2554 sunt;
1063 2496 1143 2539 usus
1162 2475 1300 2540 illorum
1323 2495 1361 2539 se
1384 2475 1491 2541 refert

362 2573 406 2633 ad
436 2573 575 2646 bonum,
600 2592 640 2635 ac
672 2573 780 2635 forma
803 2593 882 2636 usus
913 2573 957 2636 ad
982 2592 1109 2636 verum.
1155 2571 1213 2634 Ex
1235 2571 1301 2636 hoc
1326 2569 1492 2654 conjugio

362 2671 520 2749 estquod
537 2671 570 2730 in
585 2669 743 2730 omnibus
756 2677 791 2732 et
806 2669 950 2750 singulis
961 2669 1113 2750 corporis
1126 2669 1171 2731 sit
1188 2669 1351 2732 dextrum
1364 2680 1400 2732 et
1416 2669 1488 2732 sin-

361 2762 493 2836 istrum,
511 2772 547 2826 et
568 2763 731 2827 dextrum
751 2783 787 2827 se
807 2763 910 2828 refert
929 2765 973 2827 ad
996 2765 1125 2827 bonum
1144 2785 1189 2827 ex
1209 2785 1277 2846 quo
1296 2783 1426 2839 verum,
1446 2783 1487 2830 ac

361 2857 533 2922 sinistrum
546 2859 589 2920 ad
607 2878 724 2921 verum
738 2879 783 2921 ex
797 2860 900 2934 bono,
915 2860 964 2923 ita
980 2860 1024 2922 ad
1038 2855 1325 2940 conjunctionem.
1370 2858 1429 2921 Ex
1444 2880 1488 2926 eo

360 2960 414 3014 est
428 2952 519 3033 quod
536 2954 630 3034 paria
641 2953 710 3016 sint
727 2954 760 3016 in
773 2954 923 3017 homine.
970 2953 1057 3018 Sunt
1075 2956 1142 3017 duo
1158 2953 1310 3028 cerebra,
1324 2964 1405 3016 sunt
1418 2955 1489 3020 duo

360 3047 612 3129 hemisphaeria
629 3048 771 3123 cerebri,
789 3060 869 3114 sunt
889 3051 957 3113 duo
978 3050 1160 3113 ventriculi
1179 3051 1302 3123 cordis,
1320 3061 1400 3112 sunt
1417 3049 1488 3114 duo

360 3143 430 3206 lobi
444 3144 625 3225 pulmonis,
640 3155 720 3208 sunt
737 3147 805 3207 duo
818 3147 920 3220 oculi,
935 3166 1045 3220 aures,
1060 3165 1171 3219 nares,
1185 3144 1335 3220 brachia,
1349 3164 1484 3222 manus,

360 3237 476 3314 lumbi,
494 3239 611 3323 pedes,
629 3261 738 3315 renes,
757 3250 877 3315 testes,
895 3251 931 3304 et
950 3240 1038 3318 alia;
1062 3251 1098 3304 et
1117 3241 1173 3303 ubi
1192 3260 1260 3303 non
1280 3249 1360 3303 sunt
1377 3241 1484 3322 paria,

358 3335 405 3398 ibi
436 3347 489 3398 est
519 3336 680 3398 dextrum
711 3346 747 3400 et
781 3336 967 3398 sinistrum.
1013 3335 1110 3399 Haec
1142 3345 1234 3410 sunt,
1254 3336 1332 3418 quia
1354 3334 1483 3400 bonum

359 3427 495 3511 spectat
514 3451 632 3493 verum
650 3440 686 3493 ut
705 3432 849 3503 existat,
870 3450 910 3495 ac
928 3450 1044 3494 verum
1064 3428 1200 3511 spectat
1216 3431 1344 3493 bonum
1364 3440 1403 3494 ut
1426 3430 1482 3495 sit.

358 3522 477 3588 Simile
496 3535 551 3588 est
570 3527 605 3588 in
624 3524 730 3588 caelis
749 3525 927 3607 angelicis,
948 3535 983 3588 et
1007 3527 1041 3588 in
1061 3524 1204 3606 singulis
1220 3524 1355 3588 illorum
1372 3526 1482 3590 socie·

357 3618 498 3682 tatibus.
544 3618 644 3681 Plura
659 3619 704 3681 de
722 3619 774 3683 his
791 3621 973 3683 videantur
989 3641 1090 3703 supra
1111 3619 1158 3702 (n.
1177 3618 1268 3703 401),
1286 3619 1342 3682 ubi
1361 3629 1482 3684 osten·-

357 3732 431 3775 sum
461 3721 526 3788 est,
550 3713 642 3796 quod
673 3733 769 3777 amor
795 3735 855 3778 seu
877 3715 1039 3780 voluntas
1065 3716 1195 3798 absque
1218 3713 1379 3797 conjugio
1402 3731 1481 3781 cum

356 3808 525 3888 sapientia
540 3828 600 3872 seu
617 3807 796 3872 intellectu
813 3831 882 3873 non
900 3811 1009 3893 possit
1026 3831 1086 3894 per
1101 3810 1286 3875 humanam
1299 3829 1396 3874 suam
1412 3810 1482 3876 lor·

358 3921 448 3965 mam
468 3903 596 3986 aliquid
619 3903 741 3968 lacere.
788 3903 840 3968 De
859 3901 1101 3984 conjunctione
1121 3904 1202 3969 mali
1224 3915 1260 3970 et
1283 3904 1371 3984 falsi,
1391 3923 1484 3990 quae

356 4000 516 4079 opposita
533 4010 588 4063 est
608 3997 839 4080 conjunctioni
856 3999 936 4064 boni
956 4011 991 4064 et
1008 4003 1089 4078 veri,
1110 3999 1191 4064 alibi
1209 4001 1351 4065 dicetur.

417 4107 517 4174 41o·
543 4093 632 4178 (xii.)
660 4093 757 4173 Quod
764 4115 859 4158 amor
870 4115 927 4159 seu
941 4094 1096 4160 voluntas
1111 4117 1149 4159 se
1158 4096 1334 4181 conjungat
1344 4094 1479 4178 sapt‘eu·

355 4188 422 4251 tiae
436 4208 493 4250 seu
509 4189 697 4264 intellectui,
715 4190 875 4270 acsaciat
889 4201 926 4254 ut
939 4190 1108 4273 sapientia
1123 4212 1180 4255 teu
1196 4189 1380 4256 intellectus
1395 4189 1481 4258 reci·

350 4293 449 4364 proce
462 4283 840 4366 conjungatur—Quod
860 4305 957 4350 amor
975 4307 1035 4356 seu
1052 4287 1216 4350 voluntas
1232 4308 1270 4351 se
1287 4283 1478 4370 conjungat

354 4379 543 4460 sapientiae
560 4400 620 4442 seu
643 4378 845 4455 intellectui,
867 4391 965 4464 patet
988 4402 1008 4445 a
1031 4382 1339 4463 correspondentia
1357 4397 1477 4447 eorum

353 4493 431 4536 cum
461 4474 564 4537 corde
598 4486 633 4538 et
668 4475 840 4558 pulmone.
887 4475 1115 4558 Experientia
1138 4477 1335 4540 anatomica
1358 4477 1474 4556 docet,

354 4570 445 4650 quod
476 4591 534 4632 cor
564 4571 598 4632 in
628 4591 709 4634 suae
734 4572 826 4636 vitae
857 4582 954 4636 motu
984 4573 1030 4636 sit
1060 4573 1141 4636 dum
1169 4573 1321 4636 nondum
1345 4571 1474 4655 pulmo.

354 4659 433 4725 Hoc
453 4663 557 4729 docet
573 4666 790 4748 experientia
809 4685 855 4732 ex
873 4665 940 4732 illis
958 4667 1015 4751 qui
1033 4666 1218 4752 deliquium
1233 4667 1419 4752 patiuntur,
1437 4673 1476 4734 et
