<?xml version="1.0" encoding="UTF-8"?>
<!DOCTYPE html PUBLIC "-//W3C//DTD XHTML 1.0 Transitional//EN"
    "http://www.w3.org/TR/xhtml1/DTD/xhtml1-transitional.dtd">
<html xmlns="http://www.w3.org/1999/xhtml" xml:lang="en" lang="en">
 <head>
  <title>
</title>
<meta http-equiv="Content-Type" content="text/html;charset=utf-8" />
  <meta name='ocr-system' content='tesseract 3.04.00' />
  <meta name='ocr-capabilities' content='ocr_page ocr_carea ocr_par ocr_line ocrx_word'/>
</head>
<body>
  <div class='ocr_page' id='page_1' title='image "./sapientaangelic01swedgoog_0424.png"; bbox 0 0 3424 5368; ppageno 0'>
   <div class='ocr_carea' id='block_1_1' title="bbox 476 613 1370 698">
    <p class='ocr_par' dir='ltr' id='par_1_1' title="bbox 476 613 1370 698">
     <span class='ocr_line' id='line_1_1' title="bbox 476 613 1370 698; baseline 0.015 -32"><span class='ocrx_word' id='word_1_1' title='bbox 476 613 528 666; x_wconf 82' lang='lat' dir='ltr'>DE</span> <span class='ocrx_word' id='word_1_2' title='bbox 551 615 688 666; x_wconf 73' lang='lat' dir='ltr'>mvnvs</span> <span class='ocrx_word' id='word_1_3' title='bbox 713 616 1069 672; x_wconf 79' lang='lat' dir='ltr'><strong>PROVIDENTIA.-·N.</strong></span> <span class='ocrx_word' id='word_1_4' title='bbox 1093 624 1164 692; x_wconf 83' lang='lat'><em>231.</em></span> <span class='ocrx_word' id='word_1_5' title='bbox 1314 629 1370 698; x_wconf 76' lang='lat'>175</span> 
     </span>
    </p>
   </div>
   <div class='ocr_carea' id='block_1_2' title="bbox 244 773 1376 2234">
    <p class='ocr_par' dir='ltr' id='par_1_2' title="bbox 244 773 1374 2110">
     <span class='ocr_line' id='line_1_2' title="bbox 244 773 1372 871; baseline 0.008 -21"><span class='ocrx_word' id='word_1_6' title='bbox 244 776 336 870; x_wconf 83' lang='lat' dir='ltr'>apud</span> <span class='ocrx_word' id='word_1_7' title='bbox 352 773 431 849; x_wconf 84' lang='lat' dir='ltr'>illos</span> <span class='ocrx_word' id='word_1_8' title='bbox 447 778 517 848; x_wconf 86' lang='lat' dir='ltr'>fieri</span> <span class='ocrx_word' id='word_1_9' title='bbox 536 785 666 871; x_wconf 85' lang='lat' dir='ltr'>nequit,</span> <span class='ocrx_word' id='word_1_10' title='bbox 683 785 811 852; x_wconf 88' lang='lat' dir='ltr'>eruitur</span> <span class='ocrx_word' id='word_1_11' title='bbox 827 802 930 854; x_wconf 88' lang='lat' dir='ltr'>omne</span> <span class='ocrx_word' id='word_1_12' title='bbox 945 782 1180 857; x_wconf 65' lang='lat' dir='ltr'>intellel&#39;tuale</span> <span class='ocrx_word' id='word_1_13' title='bbox 1197 803 1233 860; x_wconf 90' lang='lat' dir='ltr'>et</span> <span class='ocrx_word' id='word_1_14' title='bbox 1250 793 1372 859; x_wconf 89' lang='lat' dir='ltr'>volun·</span> 
     </span>
     <span class='ocr_line' id='line_1_3' title="bbox 244 880 1372 971; baseline 0.01 -27"><span class='ocrx_word' id='word_1_15' title='bbox 244 881 369 944; x_wconf 86' lang='lat' dir='ltr'>tarium</span> <span class='ocrx_word' id='word_1_16' title='bbox 386 880 583 954; x_wconf 86' lang='lat' dir='ltr'>humanum,</span> <span class='ocrx_word' id='word_1_17' title='bbox 595 891 630 946; x_wconf 88' lang='lat' dir='ltr'>et</span> <span class='ocrx_word' id='word_1_18' title='bbox 644 881 729 947; x_wconf 88' lang='lat' dir='ltr'>fiunt</span> <span class='ocrx_word' id='word_1_19' title='bbox 747 903 815 947; x_wconf 92' lang='lat' dir='ltr'>non</span> <span class='ocrx_word' id='word_1_20' title='bbox 832 886 989 949; x_wconf 90' lang='lat' dir='ltr'>homines</span> <span class='ocrx_word' id='word_1_21' title='bbox 1006 888 1127 969; x_wconf 86' lang='lat' dir='ltr'>magis,</span> <span class='ocrx_word' id='word_1_22' title='bbox 1141 899 1177 952; x_wconf 93' lang='lat' dir='ltr'>ut</span> <span class='ocrx_word' id='word_1_23' title='bbox 1195 891 1287 971; x_wconf 93' lang='lat' dir='ltr'>prius</span> <span class='ocrx_word' id='word_1_24' title='bbox 1300 893 1372 956; x_wconf 89' lang='lat' dir='ltr'>dic·</span> 
     </span>
     <span class='ocr_line' id='line_1_4' title="bbox 244 975 1372 1064; baseline 0.012 -27"><span class='ocrx_word' id='word_1_25' title='bbox 244 982 319 1038; x_wconf 90' lang='lat' dir='ltr'>tum</span> <span class='ocrx_word' id='word_1_26' title='bbox 333 984 397 1038; x_wconf 84' lang='lat' dir='ltr'>cst.</span> <span class='ocrx_word' id='word_1_27' title='bbox 440 975 551 1038; x_wconf 89' lang='lat' dir='ltr'>Paene</span> <span class='ocrx_word' id='word_1_28' title='bbox 569 977 678 1040; x_wconf 93' lang='lat' dir='ltr'>simile</span> <span class='ocrx_word' id='word_1_29' title='bbox 695 977 733 1042; x_wconf 87' lang='lat' dir='ltr'>fit</span> <span class='ocrx_word' id='word_1_30' title='bbox 747 998 823 1042; x_wconf 92' lang='lat' dir='ltr'>cum</span> <span class='ocrx_word' id='word_1_31' title='bbox 840 979 918 1055; x_wconf 83' lang='lat' dir='ltr'>illis,</span> <span class='ocrx_word' id='word_1_32' title='bbox 933 983 988 1064; x_wconf 92' lang='lat' dir='ltr'>qui</span> <span class='ocrx_word' id='word_1_33' title='bbox 1006 981 1131 1046; x_wconf 87' lang='lat' dir='ltr'>Divina</span> <span class='ocrx_word' id='word_1_34' title='bbox 1142 981 1249 1048; x_wconf 84' lang='lat' dir='ltr'>Verbi</span> <span class='ocrx_word' id='word_1_35' title='bbox 1266 996 1301 1050; x_wconf 89' lang='lat' dir='ltr'>et</span> <span class='ocrx_word' id='word_1_36' title='bbox 1315 1007 1372 1050; x_wconf 89' lang='lat' dir='ltr'>ec·</span> 
     </span>
     <span class='ocr_line' id='line_1_5' title="bbox 244 1068 1374 1165; baseline 0.011 -31"><span class='ocrx_word' id='word_1_37' title='bbox 244 1068 371 1134; x_wconf 90' lang='lat' dir='ltr'>clesiae</span> <span class='ocrx_word' id='word_1_38' title='bbox 386 1070 491 1133; x_wconf 91' lang='lat' dir='ltr'>corde</span> <span class='ocrx_word' id='word_1_39' title='bbox 504 1083 709 1153; x_wconf 84' lang='lat' dir='ltr'>agnoscunt,</span> <span class='ocrx_word' id='word_1_40' title='bbox 724 1095 763 1138; x_wconf 85' lang='lat' dir='ltr'>ac</span> <span class='ocrx_word' id='word_1_41' title='bbox 781 1074 840 1139; x_wconf 89' lang='lat' dir='ltr'>illa</span> <span class='ocrx_word' id='word_1_42' title='bbox 857 1097 994 1159; x_wconf 92' lang='lat' dir='ltr'>prorsus</span> <span class='ocrx_word' id='word_1_43' title='bbox 1011 1078 1219 1162; x_wconf 87' lang='lat' dir='ltr'>immergunt</span> <span class='ocrx_word' id='word_1_44' title='bbox 1237 1084 1374 1165; x_wconf 87' lang='lat' dir='ltr'>proprio</span> 
     </span>
     <span class='ocr_line' id='line_1_6' title="bbox 245 1167 1374 1259; baseline 0.009 -29"><span class='ocrx_word' id='word_1_45' title='bbox 245 1187 319 1240; x_wconf 89' lang='lat' dir='ltr'>suo,</span> <span class='ocrx_word' id='word_1_46' title='bbox 340 1167 431 1249; x_wconf 90' lang='lat' dir='ltr'>quod</span> <span class='ocrx_word' id='word_1_47' title='bbox 452 1176 506 1232; x_wconf 88' lang='lat' dir='ltr'>est</span> <span class='ocrx_word' id='word_1_48' title='bbox 526 1187 622 1232; x_wconf 84' lang='lat' dir='ltr'>amor</span> <span class='ocrx_word' id='word_1_49' title='bbox 642 1171 842 1236; x_wconf 87' lang='lat' dir='ltr'>dominandi</span> <span class='ocrx_word' id='word_1_50' title='bbox 867 1193 967 1256; x_wconf 91' lang='lat' dir='ltr'>super</span> <span class='ocrx_word' id='word_1_51' title='bbox 987 1175 1111 1250; x_wconf 85' lang='lat' dir='ltr'>omnia,</span> <span class='ocrx_word' id='word_1_52' title='bbox 1133 1174 1176 1240; x_wconf 88' lang='lat' dir='ltr'>de</span> <span class='ocrx_word' id='word_1_53' title='bbox 1196 1198 1263 1258; x_wconf 93' lang='lat' dir='ltr'>quo</span> <span class='ocrx_word' id='word_1_54' title='bbox 1282 1179 1374 1259; x_wconf 88' lang='lat' dir='ltr'>prius</span> 
     </span>
     <span class='ocr_line' id='line_1_7' title="bbox 245 1261 1370 1356; baseline 0.009 -30"><span class='ocrx_word' id='word_1_55' title='bbox 245 1263 343 1346; x_wconf 90' lang='lat' dir='ltr'>plura</span> <span class='ocrx_word' id='word_1_56' title='bbox 359 1261 451 1326; x_wconf 75' lang='lat' dir='ltr'>dicta</span> <span class='ocrx_word' id='word_1_57' title='bbox 468 1275 567 1328; x_wconf 92' lang='lat' dir='ltr'>sunt:</span> <span class='ocrx_word' id='word_1_58' title='bbox 593 1265 626 1327; x_wconf 93' lang='lat' dir='ltr'>hi</span> <span class='ocrx_word' id='word_1_59' title='bbox 643 1267 734 1329; x_wconf 89' lang='lat' dir='ltr'>enim</span> <span class='ocrx_word' id='word_1_60' title='bbox 751 1276 831 1350; x_wconf 91' lang='lat' dir='ltr'>post</span> <span class='ocrx_word' id='word_1_61' title='bbox 848 1279 1007 1345; x_wconf 86' lang='lat' dir='ltr'>mortem,</span> <span class='ocrx_word' id='word_1_62' title='bbox 1025 1271 1106 1333; x_wconf 93' lang='lat' dir='ltr'>dum</span> <span class='ocrx_word' id='word_1_63' title='bbox 1123 1269 1207 1335; x_wconf 86' lang='lat' dir='ltr'>fiunt</span> <span class='ocrx_word' id='word_1_64' title='bbox 1225 1275 1370 1356; x_wconf 87' lang='lat' dir='ltr'>spiritus,</span> 
     </span>
     <span class='ocr_line' id='line_1_8' title="bbox 245 1359 1370 1443; baseline 0.01 -22"><span class='ocrx_word' id='word_1_65' title='bbox 245 1377 383 1441; x_wconf 89' lang='lat' dir='ltr'>prorsus</span> <span class='ocrx_word' id='word_1_66' title='bbox 404 1379 471 1422; x_wconf 92' lang='lat' dir='ltr'>non</span> <span class='ocrx_word' id='word_1_67' title='bbox 493 1359 614 1424; x_wconf 92' lang='lat' dir='ltr'>volunt</span> <span class='ocrx_word' id='word_1_68' title='bbox 634 1361 712 1424; x_wconf 92' lang='lat' dir='ltr'>duci</span> <span class='ocrx_word' id='word_1_69' title='bbox 730 1383 750 1424; x_wconf 92' lang='lat' dir='ltr'>a</span> <span class='ocrx_word' id='word_1_70' title='bbox 770 1361 931 1438; x_wconf 85' lang='lat' dir='ltr'>Domino,</span> <span class='ocrx_word' id='word_1_71' title='bbox 953 1366 1012 1428; x_wconf 90' lang='lat' dir='ltr'>sed</span> <span class='ocrx_word' id='word_1_72' title='bbox 1032 1387 1052 1429; x_wconf 92' lang='lat' dir='ltr'>a</span> <span class='ocrx_word' id='word_1_73' title='bbox 1071 1376 1203 1443; x_wconf 89' lang='lat' dir='ltr'>semet;</span> <span class='ocrx_word' id='word_1_74' title='bbox 1234 1378 1269 1431; x_wconf 89' lang='lat' dir='ltr'>et</span> <span class='ocrx_word' id='word_1_75' title='bbox 1294 1389 1370 1432; x_wconf 93' lang='lat' dir='ltr'>cum</span> 
     </span>
     <span class='ocr_line' id='line_1_9' title="bbox 245 1455 1371 1533; baseline 0.007 -15"><span class='ocrx_word' id='word_1_76' title='bbox 245 1462 389 1518; x_wconf 87' lang='lat' dir='ltr'>taxatur</span> <span class='ocrx_word' id='word_1_77' title='bbox 406 1457 513 1518; x_wconf 89' lang='lat' dir='ltr'>amori</span> <span class='ocrx_word' id='word_1_78' title='bbox 532 1455 667 1519; x_wconf 90' lang='lat' dir='ltr'>illorum</span> <span class='ocrx_word' id='word_1_79' title='bbox 688 1456 829 1533; x_wconf 88' lang='lat' dir='ltr'>frenum,</span> <span class='ocrx_word' id='word_1_80' title='bbox 847 1461 970 1524; x_wconf 92' lang='lat' dir='ltr'>volunt</span> <span class='ocrx_word' id='word_1_81' title='bbox 990 1481 1058 1525; x_wconf 89' lang='lat' dir='ltr'>non</span> <span class='ocrx_word' id='word_1_82' title='bbox 1079 1461 1184 1525; x_wconf 92' lang='lat' dir='ltr'>modo</span> <span class='ocrx_word' id='word_1_83' title='bbox 1203 1463 1371 1526; x_wconf 88' lang='lat' dir='ltr'>dominari</span> 
     </span>
     <span class='ocr_line' id='line_1_10' title="bbox 244 1550 1371 1639; baseline 0.007 -25"><span class='ocrx_word' id='word_1_84' title='bbox 244 1570 348 1632; x_wconf 90' lang='lat' dir='ltr'>super</span> <span class='ocrx_word' id='word_1_85' title='bbox 363 1550 506 1625; x_wconf 82' lang='lat' dir='ltr'>caelum,</span> <span class='ocrx_word' id='word_1_86' title='bbox 524 1551 706 1616; x_wconf 87' lang='lat' dir='ltr'>sedetiam</span> <span class='ocrx_word' id='word_1_87' title='bbox 723 1573 825 1635; x_wconf 91' lang='lat' dir='ltr'>super</span> <span class='ocrx_word' id='word_1_88' title='bbox 841 1553 1047 1633; x_wconf 78' lang='lat' dir='ltr'>Dominum3</span> <span class='ocrx_word' id='word_1_89' title='bbox 1071 1566 1107 1620; x_wconf 93' lang='lat' dir='ltr'>et</span> <span class='ocrx_word' id='word_1_90' title='bbox 1124 1558 1202 1639; x_wconf 90' lang='lat' dir='ltr'>quia</span> <span class='ocrx_word' id='word_1_91' title='bbox 1219 1558 1284 1621; x_wconf 93' lang='lat' dir='ltr'>hoc</span> <span class='ocrx_word' id='word_1_92' title='bbox 1302 1579 1371 1622; x_wconf 92' lang='lat' dir='ltr'>non</span> 
     </span>
     <span class='ocr_line' id='line_1_11' title="bbox 245 1645 1371 1728; baseline 0.01 -23"><span class='ocrx_word' id='word_1_93' title='bbox 245 1653 402 1728; x_wconf 82' lang='lat' dir='ltr'><strong>possunt,</strong></span> <span class='ocrx_word' id='word_1_94' title='bbox 421 1655 553 1727; x_wconf 83' lang='lat' dir='ltr'>negant</span> <span class='ocrx_word' id='word_1_95' title='bbox 571 1645 768 1722; x_wconf 87' lang='lat' dir='ltr'>Dominum,</span> <span class='ocrx_word' id='word_1_96' title='bbox 783 1660 818 1713; x_wconf 90' lang='lat' dir='ltr'>et</span> <span class='ocrx_word' id='word_1_97' title='bbox 835 1647 920 1713; x_wconf 88' lang='lat' dir='ltr'>fiunt</span> <span class='ocrx_word' id='word_1_98' title='bbox 936 1649 1074 1714; x_wconf 89' lang='lat' dir='ltr'>diaboli.</span> <span class='ocrx_word' id='word_1_99' title='bbox 1119 1648 1303 1715; x_wconf 88' lang='lat' dir='ltr'>Sciendum</span> <span class='ocrx_word' id='word_1_100' title='bbox 1317 1663 1371 1716; x_wconf 89' lang='lat' dir='ltr'>est</span> 
     </span>
     <span class='ocr_line' id='line_1_12' title="bbox 245 1739 1371 1828; baseline 0.008 -26"><span class='ocrx_word' id='word_1_101' title='bbox 245 1739 337 1822; x_wconf 92' lang='lat' dir='ltr'>quod</span> <span class='ocrx_word' id='word_1_102' title='bbox 368 1758 464 1803; x_wconf 91' lang='lat' dir='ltr'>amor</span> <span class='ocrx_word' id='word_1_103' title='bbox 493 1742 596 1815; x_wconf 88' lang='lat' dir='ltr'>vitae,</span> <span class='ocrx_word' id='word_1_104' title='bbox 621 1743 677 1825; x_wconf 93' lang='lat' dir='ltr'>qui</span> <span class='ocrx_word' id='word_1_105' title='bbox 705 1745 810 1807; x_wconf 87' lang='lat' dir='ltr'>etiam</span> <span class='ocrx_word' id='word_1_106' title='bbox 837 1755 891 1809; x_wconf 86' lang='lat' dir='ltr'>est</span> <span class='ocrx_word' id='word_1_107' title='bbox 919 1763 1015 1809; x_wconf 88' lang='lat' dir='ltr'>amor</span> <span class='ocrx_word' id='word_1_108' title='bbox 1043 1765 1205 1828; x_wconf 85' lang='lat' dir='ltr'>regnans,</span> <span class='ocrx_word' id='word_1_109' title='bbox 1230 1759 1371 1812; x_wconf 88' lang='lat' dir='ltr'>maneat</span> 
     </span>
     <span class='ocr_line' id='line_1_13' title="bbox 246 1836 1370 1925; baseline 0.008 -27"><span class='ocrx_word' id='word_1_110' title='bbox 246 1836 509 1916; x_wconf 89' lang='lat' dir='ltr'>unumquemvis</span> <span class='ocrx_word' id='word_1_111' title='bbox 532 1845 612 1918; x_wconf 92' lang='lat' dir='ltr'>post</span> <span class='ocrx_word' id='word_1_112' title='bbox 635 1848 795 1912; x_wconf 89' lang='lat' dir='ltr'>mortem,</span> <span class='ocrx_word' id='word_1_113' title='bbox 820 1847 854 1903; x_wconf 89' lang='lat' dir='ltr'>et</span> <span class='ocrx_word' id='word_1_114' title='bbox 881 1841 973 1922; x_wconf 94' lang='lat' dir='ltr'>quod</span> <span class='ocrx_word' id='word_1_115' title='bbox 1004 1861 1073 1904; x_wconf 93' lang='lat' dir='ltr'>non</span> <span class='ocrx_word' id='word_1_116' title='bbox 1103 1840 1223 1905; x_wconf 90' lang='lat' dir='ltr'>auierri</span> <span class='ocrx_word' id='word_1_117' title='bbox 1251 1844 1370 1925; x_wconf 87' lang='lat' dir='ltr'><strong>possit.</strong></span> 
     </span>
     <span class='ocr_line' id='line_1_14' title="bbox 246 1927 1370 2020; baseline 0.01 -29"><span class='ocrx_word' id='word_1_118' title='bbox 246 1939 306 2002; x_wconf 82' lang='lat'>[8.]</span> <span class='ocrx_word' id='word_1_119' title='bbox 337 1927 448 2012; x_wconf 90' lang='lat' dir='ltr'>Hujus</span> <span class='ocrx_word' id='word_1_120' title='bbox 470 1933 606 2012; x_wconf 85' lang='lat' dir='ltr'>generis</span> <span class='ocrx_word' id='word_1_121' title='bbox 630 1933 761 2014; x_wconf 81' lang='lat' dir='ltr'>profani</span> <span class='ocrx_word' id='word_1_122' title='bbox 789 1933 1029 2017; x_wconf 85' lang='lat' dir='ltr'>intelliguntur</span> <span class='ocrx_word' id='word_1_123' title='bbox 1055 1955 1116 2020; x_wconf 89' lang='lat' dir='ltr'>per</span> <span class='ocrx_word' id='word_1_124' title='bbox 1139 1935 1302 2020; x_wconf 90' lang='lat' dir='ltr'>Tepidos‚</span> <span class='ocrx_word' id='word_1_125' title='bbox 1326 1938 1370 2003; x_wconf 90' lang='lat' dir='ltr'>de</span> 
     </span>
     <span class='ocr_line' id='line_1_15' title="bbox 245 2023 739 2110; baseline 0.016 -26"><span class='ocrx_word' id='word_1_126' title='bbox 245 2023 367 2102; x_wconf 92' lang='lat' dir='ltr'>quibus</span> <span class='ocrx_word' id='word_1_127' title='bbox 385 2025 435 2088; x_wconf 88' lang='lat' dir='ltr'>ita</span> <span class='ocrx_word' id='word_1_128' title='bbox 454 2025 486 2089; x_wconf 92' lang='lat' dir='ltr'>in</span> <span class='ocrx_word' id='word_1_129' title='bbox 507 2027 739 2110; x_wconf 80' lang='lat' dir='ltr'><em>Apocalypsi:</em></span> 
     </span>
    </p>

    <p class='ocr_par' dir='ltr' id='par_1_3' title="bbox 295 2167 1376 2234">
     <span class='ocr_line' id='line_1_16' title="bbox 295 2167 1376 2234; baseline -0.001 -16"><span class='ocrx_word' id='word_1_130' title='bbox 295 2167 390 2219; x_wconf 85' lang='lat' dir='ltr'>“Novi</span> <span class='ocrx_word' id='word_1_131' title='bbox 403 2183 487 2232; x_wconf 78' lang='lat' dir='ltr'>opera</span> <span class='ocrx_word' id='word_1_132' title='bbox 500 2177 553 2228; x_wconf 81' lang='lat' dir='ltr'>tua,</span> <span class='ocrx_word' id='word_1_133' title='bbox 568 2169 640 2233; x_wconf 90' lang='lat' dir='ltr'>quod</span> <span class='ocrx_word' id='word_1_134' title='bbox 652 2183 740 2234; x_wconf 90' lang='lat' dir='ltr'>neque</span> <span class='ocrx_word' id='word_1_135' title='bbox 754 2169 869 2232; x_wconf 80' lang='lat' dir='ltr'>frigidus</span> <span class='ocrx_word' id='word_1_136' title='bbox 882 2169 929 2226; x_wconf 87' lang='lat' dir='ltr'>sis,</span> <span class='ocrx_word' id='word_1_137' title='bbox 942 2183 1029 2233; x_wconf 87' lang='lat' dir='ltr'>neque</span> <span class='ocrx_word' id='word_1_138' title='bbox 1044 2169 1146 2218; x_wconf 78' lang='lat' dir='ltr'>calidus</span> <span class='ocrx_word' id='word_1_139' title='bbox 1159 2183 1164 2228; x_wconf 87' lang='lat'><strong>;</strong></span> <span class='ocrx_word' id='word_1_140' title='bbox 1183 2169 1287 2218; x_wconf 79' lang='lat' dir='ltr'>utinam</span> <span class='ocrx_word' id='word_1_141' title='bbox 1301 2169 1376 2232; x_wconf 76' lang='lat' dir='ltr'>lrigi·</span> 
     </span>
    </p>
   </div>
   <div class='ocr_carea' id='block_1_3' title="bbox 377 2234 1375 2366">
    <p class='ocr_par' dir='ltr' id='par_1_4' title="bbox 377 2234 1375 2366">
     <span class='ocr_line' id='line_1_17' title="bbox 377 2234 1375 2300; baseline 0 -16"><span class='ocrx_word' id='word_1_142' title='bbox 377 2235 427 2285; x_wconf 90' lang='lat' dir='ltr'>dus</span> <span class='ocrx_word' id='word_1_143' title='bbox 439 2249 522 2291; x_wconf 87' lang='lat' dir='ltr'>esses.</span> <span class='ocrx_word' id='word_1_144' title='bbox 534 2247 580 2284; x_wconf 87' lang='lat' dir='ltr'>aut</span> <span class='ocrx_word' id='word_1_145' title='bbox 593 2235 709 2292; x_wconf 84' lang='lat' dir='ltr'>calidus:</span> <span class='ocrx_word' id='word_1_146' title='bbox 728 2236 776 2286; x_wconf 91' lang='lat' dir='ltr'>sed</span> <span class='ocrx_word' id='word_1_147' title='bbox 789 2235 852 2300; x_wconf 88' lang='lat' dir='ltr'>quia</span> <span class='ocrx_word' id='word_1_148' title='bbox 861 2235 967 2298; x_wconf 86' lang='lat' dir='ltr'>tepidus</span> <span class='ocrx_word' id='word_1_149' title='bbox 977 2249 1015 2294; x_wconf 86' lang='lat' dir='ltr'>es,</span> <span class='ocrx_word' id='word_1_150' title='bbox 1025 2243 1052 2284; x_wconf 88' lang='lat' dir='ltr'>et</span> <span class='ocrx_word' id='word_1_151' title='bbox 1061 2247 1150 2298; x_wconf 87' lang='lat' dir='ltr'>neque</span> <span class='ocrx_word' id='word_1_152' title='bbox 1162 2234 1194 2283; x_wconf 90' lang='lat' dir='ltr'>iri</span> <span class='ocrx_word' id='word_1_153' title='bbox 1217 2234 1275 2284; x_wconf 89' lang='lat' dir='ltr'>&#39;dus</span> <span class='ocrx_word' id='word_1_154' title='bbox 1288 2247 1375 2299; x_wconf 88' lang='lat' dir='ltr'>neque</span> 
     </span>
     <span class='ocr_line' id='line_1_18' title="bbox 377 2247 1229 2366; baseline -0.001 -15"><span class='ocrx_word' id='word_1_155' title='bbox 377 2301 487 2361; x_wconf 77' lang='lat' dir='ltr'>calidus,</span> <span class='ocrx_word' id='word_1_156' title='bbox 499 2311 661 2364; x_wconf 83' lang='lat' dir='ltr'>exsputurus</span> <span class='ocrx_word' id='word_1_157' title='bbox 673 2315 733 2351; x_wconf 86' lang='lat' dir='ltr'>sum</span> <span class='ocrx_word' id='word_1_158' title='bbox 746 2311 773 2351; x_wconf 83' lang='lat' dir='ltr'>te</span> <span class='ocrx_word' id='word_1_159' title='bbox 784 2315 819 2352; x_wconf 81' lang='lat' dir='ltr'>ex</span> <span class='ocrx_word' id='word_1_160' title='bbox 831 2315 878 2350; x_wconf 84' lang='lat' dir='ltr'>ore</span> <span class='ocrx_word' id='word_1_161' title='bbox 891 2300 975 2350; x_wconf 85' lang='lat' dir='ltr'>meo&#39;’</span> <span class='ocrx_word' id='word_1_162' title='bbox 987 2301 1033 2362; x_wconf 90' lang='lat' dir='ltr'>(iii.</span> <span class='ocrx_word' id='word_1_163' title='bbox 1047 2312 1086 2361; x_wconf 79' lang='lat'>14,</span> <span class='ocrx_word' id='word_1_164' title='bbox 1101 2297 1153 2366; x_wconf 84' lang='lat'>15[‚</span> <span class='ocrx_word' id='word_1_165' title='bbox 1168 2247 1229 2366; x_wconf 52' lang='lat'>1633.</span> 
     </span>
    </p>
   </div>
   <div class='ocr_carea' id='block_1_4' title="bbox 247 2439 1374 2604">
    <p class='ocr_par' dir='ltr' id='par_1_5' title="bbox 247 2439 1374 2604">
     <span class='ocr_line' id='line_1_19' title="bbox 247 2439 1374 2526; baseline -0.003 -20"><span class='ocrx_word' id='word_1_166' title='bbox 247 2440 325 2507; x_wconf 91' lang='lat' dir='ltr'>Hoc</span> <span class='ocrx_word' id='word_1_167' title='bbox 348 2463 459 2526; x_wconf 83' lang='lat' dir='ltr'>genus</span> <span class='ocrx_word' id='word_1_168' title='bbox 481 2441 731 2525; x_wconf 86' lang='lat' dir='ltr'>profanationis</span> <span class='ocrx_word' id='word_1_169' title='bbox 754 2441 958 2506; x_wconf 84' lang='lat' dir='ltr'>describitur</span> <span class='ocrx_word' id='word_1_170' title='bbox 980 2441 1030 2506; x_wconf 87' lang='lat' dir='ltr'>ita</span> <span class='ocrx_word' id='word_1_171' title='bbox 1059 2461 1079 2504; x_wconf 88' lang='lat' dir='ltr'>a</span> <span class='ocrx_word' id='word_1_172' title='bbox 1109 2439 1260 2505; x_wconf 92' lang='lat' dir='ltr'>Domino</span> <span class='ocrx_word' id='word_1_173' title='bbox 1283 2441 1374 2522; x_wconf 84' lang='lat' dir='ltr'>apud</span> 
     </span>
     <span class='ocr_line' id='line_1_20' title="bbox 247 2537 482 2604; baseline -0.009 0"><span class='ocrx_word' id='word_1_174' title='bbox 247 2537 482 2604; x_wconf 69' lang='lat' dir='ltr'>Malliacum:</span> 
     </span>
    </p>
   </div>
   <div class='ocr_carea' id='block_1_5' title="bbox 296 2677 1374 3077">
    <p class='ocr_par' dir='ltr' id='par_1_6' title="bbox 296 2677 1374 3077">
     <span class='ocr_line' id='line_1_21' title="bbox 296 2677 1374 2759; baseline -0.006 -28"><span class='ocrx_word' id='word_1_175' title='bbox 296 2681 312 2707; x_wconf 78' lang='lat'>⁸⁸</span> <span class='ocrx_word' id='word_1_176' title='bbox 320 2680 437 2747; x_wconf 72' lang='lat' dir='ltr'>Quando</span> <span class='ocrx_word' id='word_1_177' title='bbox 447 2719 453 2732; x_wconf 89' lang='lat'><strong>.</strong></span> <span class='ocrx_word' id='word_1_178' title='bbox 463 2719 469 2732; x_wconf 89' lang='lat'><strong>.</strong></span> <span class='ocrx_word' id='word_1_179' title='bbox 481 2681 637 2759; x_wconf 79' lang='lat' dir='ltr'>immundus</span> <span class='ocrx_word' id='word_1_180' title='bbox 649 2681 760 2744; x_wconf 80' lang='lat' dir='ltr'>spiritus</span> <span class='ocrx_word' id='word_1_181' title='bbox 769 2681 825 2758; x_wconf 65' lang='lat' dir='ltr'>enit</span> <span class='ocrx_word' id='word_1_182' title='bbox 834 2680 868 2729; x_wconf 81' lang='lat' dir='ltr'>ab</span> <span class='ocrx_word' id='word_1_183' title='bbox 877 2679 999 2757; x_wconf 68' lang='lat' dir='ltr'>bomne.</span> <span class='ocrx_word' id='word_1_184' title='bbox 1010 2678 1178 2758; x_wconf 71' lang='lat' dir='ltr'>perambulat</span> <span class='ocrx_word' id='word_1_185' title='bbox 1190 2677 1296 2728; x_wconf 77' lang='lat' dir='ltr'>arentia</span> <span class='ocrx_word' id='word_1_186' title='bbox 1307 2677 1374 2737; x_wconf 68' lang='lat' dir='ltr'>ioca,</span> 
     </span>
     <span class='ocr_line' id='line_1_22' title="bbox 378 2744 1374 2872; baseline -0.006 -9"><span class='ocrx_word' id='word_1_187' title='bbox 378 2744 1374 2872; x_wconf 53' lang='lat' dir='ltr'>its‘titsttmzsi‘²3⁰1libililstmssfflt‘tzzi⁶333.</span> 
     </span>
     <span class='ocr_line' id='line_1_23' title="bbox 380 2877 1374 2939; baseline -0.005 -10"><span class='ocrx_word' id='word_1_188' title='bbox 380 2887 434 2929; x_wconf 85' lang='lat' dir='ltr'>tarn</span> <span class='ocrx_word' id='word_1_189' title='bbox 453 2891 480 2930; x_wconf 87' lang='lat' dir='ltr'>et</span> <span class='ocrx_word' id='word_1_190' title='bbox 497 2889 620 2929; x_wconf 83' lang='lat' dir='ltr'>ornatum</span> <span class='ocrx_word' id='word_1_191' title='bbox 636 2879 695 2936; x_wconf 79' lang='lat' dir='ltr'>sibi,</span> <span class='ocrx_word' id='word_1_192' title='bbox 708 2879 771 2936; x_wconf 80' lang='lat' dir='ltr'>ubit,</span> <span class='ocrx_word' id='word_1_193' title='bbox 789 2887 816 2927; x_wconf 87' lang='lat' dir='ltr'>et</span> <span class='ocrx_word' id='word_1_194' title='bbox 836 2877 961 2939; x_wconf 77' lang='lat' dir='ltr'>adjungit</span> <span class='ocrx_word' id='word_1_195' title='bbox 981 2878 1033 2926; x_wconf 85' lang='lat' dir='ltr'>sibi</span> <span class='ocrx_word' id='word_1_196' title='bbox 1051 2883 1155 2938; x_wconf 82' lang='lat' dir='ltr'>septem</span> <span class='ocrx_word' id='word_1_197' title='bbox 1173 2877 1242 2926; x_wconf 78' lang='lat' dir='ltr'>alios</span> <span class='ocrx_word' id='word_1_198' title='bbox 1263 2877 1374 2937; x_wconf 80' lang='lat' dir='ltr'>spiritus</span> 
     </span>
     <span class='ocr_line' id='line_1_24' title="bbox 380 2941 1374 3010; baseline -0.007 -14"><span class='ocrx_word' id='word_1_199' title='bbox 380 2945 487 3010; x_wconf 84' lang='lat' dir='ltr'>pejores</span> <span class='ocrx_word' id='word_1_200' title='bbox 499 2961 537 3005; x_wconf 82' lang='lat' dir='ltr'>se,</span> <span class='ocrx_word' id='word_1_201' title='bbox 549 2955 576 2994; x_wconf 83' lang='lat' dir='ltr'>et</span> <span class='ocrx_word' id='word_1_202' title='bbox 589 2945 703 3008; x_wconf 72' lang='lat' dir='ltr'>ingressi</span> <span class='ocrx_word' id='word_1_203' title='bbox 716 2945 839 2994; x_wconf 79' lang='lat' dir='ltr'>habitant</span> <span class='ocrx_word' id='word_1_204' title='bbox 851 2944 905 3004; x_wconf 88' lang='lat' dir='ltr'>ibi;</span> <span class='ocrx_word' id='word_1_205' title='bbox 923 2953 1003 3008; x_wconf 79' lang='lat' dir='ltr'>atque</span> <span class='ocrx_word' id='word_1_206' title='bbox 1016 2941 1084 2992; x_wconf 87' lang='lat' dir='ltr'>fiunt</span> <span class='ocrx_word' id='word_1_207' title='bbox 1095 2943 1246 3006; x_wconf 78' lang='lat' dir='ltr'>posteriora</span> <span class='ocrx_word' id='word_1_208' title='bbox 1257 2942 1374 2991; x_wconf 86' lang='lat' dir='ltr'>hominis</span> 
     </span>
     <span class='ocr_line' id='line_1_25' title="bbox 379 3007 815 3077; baseline -0.005 -16"><span class='ocrx_word' id='word_1_209' title='bbox 379 3009 473 3077; x_wconf 77' lang='lat' dir='ltr'>pejora</span> <span class='ocrx_word' id='word_1_210' title='bbox 484 3009 579 3076; x_wconf 85' lang='lat' dir='ltr'>primis</span> <span class='ocrx_word' id='word_1_211' title='bbox 586 3008 599 3029; x_wconf 89' lang='lat'>&#39;’</span> <span class='ocrx_word' id='word_1_212' title='bbox 612 3011 667 3074; x_wconf 81' lang='lat' dir='ltr'>(xii.</span> <span class='ocrx_word' id='word_1_213' title='bbox 680 3007 815 3072; x_wconf 79' lang='lat'>¹¹¹43-45):</span> 
     </span>
    </p>
   </div>
   <div class='ocr_carea' id='block_1_6' title="bbox 245 3159 1375 3724">
    <p class='ocr_par' dir='ltr' id='par_1_7' title="bbox 245 3159 1375 3724">
     <span class='ocr_line' id='line_1_26' title="bbox 246 3159 1356 3242; baseline -0.001 -17"><span class='ocrx_word' id='word_1_214' title='bbox 246 3161 427 3225; x_wconf 85' lang='lat' dir='ltr'>conversio</span> <span class='ocrx_word' id='word_1_215' title='bbox 445 3159 594 3224; x_wconf 92' lang='lat' dir='ltr'>hominis</span> <span class='ocrx_word' id='word_1_216' title='bbox 617 3159 823 3224; x_wconf 84' lang='lat' dir='ltr'>describitur</span> <span class='ocrx_word' id='word_1_217' title='bbox 846 3159 891 3223; x_wconf 91' lang='lat' dir='ltr'>ibi</span> <span class='ocrx_word' id='word_1_218' title='bbox 910 3179 971 3242; x_wconf 91' lang='lat' dir='ltr'>per</span> <span class='ocrx_word' id='word_1_219' title='bbox 992 3161 1128 3224; x_wconf 85' lang='lat' dir='ltr'>exitum</span> <span class='ocrx_word' id='word_1_220' title='bbox 1148 3161 1288 3242; x_wconf 91' lang='lat' dir='ltr'>spiritus</span> <span class='ocrx_word' id='word_1_221' title='bbox 1313 3163 1356 3224; x_wconf 93' lang='lat' dir='ltr'>im</span> 
     </span>
     <span class='ocr_line' id='line_1_27' title="bbox 246 3253 1374 3337; baseline 0 -17"><span class='ocrx_word' id='word_1_222' title='bbox 246 3257 365 3320; x_wconf 90' lang='lat' dir='ltr'>mundi</span> <span class='ocrx_word' id='word_1_223' title='bbox 385 3255 527 3320; x_wconf 89' lang='lat' dir='ltr'>abillo:</span> <span class='ocrx_word' id='word_1_224' title='bbox 552 3275 592 3320; x_wconf 89' lang='lat' dir='ltr'>ac</span> <span class='ocrx_word' id='word_1_225' title='bbox 611 3257 762 3320; x_wconf 90' lang='lat' dir='ltr'>reversio</span> <span class='ocrx_word' id='word_1_226' title='bbox 780 3256 824 3318; x_wconf 86' lang='lat' dir='ltr'>ad</span> <span class='ocrx_word' id='word_1_227' title='bbox 843 3253 936 3318; x_wconf 84' lang='lat' dir='ltr'>mala</span> <span class='ocrx_word' id='word_1_228' title='bbox 954 3256 1078 3337; x_wconf 85' lang='lat' dir='ltr'>priora,</span> <span class='ocrx_word' id='word_1_229' title='bbox 1096 3253 1213 3337; x_wconf 75' lang='lat' dir='ltr'>ejeffls</span> <span class='ocrx_word' id='word_1_230' title='bbox 1232 3259 1321 3319; x_wconf 87' lang='lat' dir='ltr'>veris</span> <span class='ocrx_word' id='word_1_231' title='bbox 1340 3269 1374 3320; x_wconf 89' lang='lat' dir='ltr'>et</span> 
     </span>
     <span class='ocr_line' id='line_1_28' title="bbox 245 3351 1375 3436; baseline -0.002 -20"><span class='ocrx_word' id='word_1_232' title='bbox 245 3351 357 3428; x_wconf 88' lang='lat' dir='ltr'>bonis,</span> <span class='ocrx_word' id='word_1_233' title='bbox 377 3373 439 3436; x_wconf 86' lang='lat' dir='ltr'>per</span> <span class='ocrx_word' id='word_1_234' title='bbox 456 3353 605 3416; x_wconf 90' lang='lat' dir='ltr'>reditum</span> <span class='ocrx_word' id='word_1_235' title='bbox 624 3353 761 3434; x_wconf 89' lang='lat' dir='ltr'>spiritus</span> <span class='ocrx_word' id='word_1_236' title='bbox 780 3351 948 3415; x_wconf 86' lang='lat' dir='ltr'>immundi</span> <span class='ocrx_word' id='word_1_237' title='bbox 967 3369 1045 3413; x_wconf 93' lang='lat' dir='ltr'>cum</span> <span class='ocrx_word' id='word_1_238' title='bbox 1064 3361 1201 3432; x_wconf 88' lang='lat' dir='ltr'>septem</span> <span class='ocrx_word' id='word_1_239' title='bbox 1221 3371 1257 3413; x_wconf 92' lang='lat' dir='ltr'>se</span> <span class='ocrx_word' id='word_1_240' title='bbox 1282 3351 1375 3434; x_wconf 90' lang='lat' dir='ltr'>pejo-</span> 
     </span>
     <span class='ocr_line' id='line_1_29' title="bbox 245 3443 1375 3530; baseline -0.002 -17"><span class='ocrx_word' id='word_1_241' title='bbox 245 3449 337 3513; x_wconf 91' lang='lat' dir='ltr'>ribus</span> <span class='ocrx_word' id='word_1_242' title='bbox 355 3450 389 3512; x_wconf 88' lang='lat' dir='ltr'>in</span> <span class='ocrx_word' id='word_1_243' title='bbox 409 3449 549 3512; x_wconf 89' lang='lat' dir='ltr'>domum</span> <span class='ocrx_word' id='word_1_244' title='bbox 569 3448 632 3512; x_wconf 88' lang='lat' dir='ltr'>sibi</span> <span class='ocrx_word' id='word_1_245' title='bbox 651 3456 830 3524; x_wconf 86' lang='lat' dir='ltr'>ornatam;</span> <span class='ocrx_word' id='word_1_246' title='bbox 855 3465 895 3509; x_wconf 87' lang='lat' dir='ltr'>ac</span> <span class='ocrx_word' id='word_1_247' title='bbox 915 3446 1111 3528; x_wconf 81' lang='lat' dir='ltr'>profanatio</span> <span class='ocrx_word' id='word_1_248' title='bbox 1129 3443 1239 3511; x_wconf 71' lang='lat' dir='ltr'>sancti</span> <span class='ocrx_word' id='word_1_249' title='bbox 1257 3467 1278 3511; x_wconf 86' lang='lat' dir='ltr'>a</span> <span class='ocrx_word' id='word_1_250' title='bbox 1297 3468 1375 3530; x_wconf 91' lang='lat' dir='ltr'>pro·</span> 
     </span>
     <span class='ocr_line' id='line_1_30' title="bbox 245 3539 1375 3627; baseline -0.001 -19"><span class='ocrx_word' id='word_1_251' title='bbox 245 3543 336 3617; x_wconf 86' lang='lat' dir='ltr'>iano,</span> <span class='ocrx_word' id='word_1_252' title='bbox 354 3563 414 3626; x_wconf 87' lang='lat' dir='ltr'>per</span> <span class='ocrx_word' id='word_1_253' title='bbox 429 3544 521 3627; x_wconf 92' lang='lat' dir='ltr'>quod</span> <span class='ocrx_word' id='word_1_254' title='bbox 538 3545 731 3626; x_wconf 88' lang='lat' dir='ltr'>posteriora</span> <span class='ocrx_word' id='word_1_255' title='bbox 746 3543 835 3606; x_wconf 89' lang='lat' dir='ltr'>illius</span> <span class='ocrx_word' id='word_1_256' title='bbox 851 3541 999 3606; x_wconf 91' lang='lat' dir='ltr'>hominis</span> <span class='ocrx_word' id='word_1_257' title='bbox 1015 3539 1099 3606; x_wconf 88' lang='lat' dir='ltr'>fiant</span> <span class='ocrx_word' id='word_1_258' title='bbox 1116 3540 1234 3624; x_wconf 87' lang='lat' dir='ltr'>pejora</span> <span class='ocrx_word' id='word_1_259' title='bbox 1249 3544 1375 3626; x_wconf 87' lang='lat' dir='ltr'>primis.</span> 
     </span>
     <span class='ocr_line' id='line_1_31' title="bbox 245 3636 1076 3724; baseline -0.002 -20"><span class='ocrx_word' id='word_1_260' title='bbox 245 3638 364 3705; x_wconf 85' lang='lat' dir='ltr'>Simile</span> <span class='ocrx_word' id='word_1_261' title='bbox 383 3639 592 3722; x_wconf 85' lang='lat' dir='ltr'>intelligitur</span> <span class='ocrx_word' id='word_1_262' title='bbox 607 3659 668 3724; x_wconf 77' lang='lat' dir='ltr'>per</span> <span class='ocrx_word' id='word_1_263' title='bbox 683 3637 749 3703; x_wconf 92' lang='lat' dir='ltr'>hoc</span> <span class='ocrx_word' id='word_1_264' title='bbox 766 3638 857 3722; x_wconf 89' lang='lat' dir='ltr'>apud</span> <span class='ocrx_word' id='word_1_265' title='bbox 874 3636 1076 3714; x_wconf 68' lang='lat' dir='ltr'>Joltamrem</span> 
     </span>
    </p>
   </div>
   <div class='ocr_carea' id='block_1_7' title="bbox 294 3777 1375 3911">
    <p class='ocr_par' dir='ltr' id='par_1_8' title="bbox 294 3777 1375 3911">
     <span class='ocr_line' id='line_1_32' title="bbox 294 3777 1375 3910; baseline -0.001 -76"><span class='ocrx_word' id='word_1_266' title='bbox 294 3781 458 3899; x_wconf 52' lang='lat' dir='ltr'>Jesustidgnip</span> <span class='ocrx_word' id='word_1_267' title='bbox 468 3782 507 3900; x_wconf 43' lang='grc' dir='ltr'>εἷς,</span> <span class='ocrx_word' id='word_1_268' title='bbox 519 3792 647 3910; x_wconf 63' lang='lat' dir='ltr'>panatpm</span> <span class='ocrx_word' id='word_1_269' title='bbox 659 3781 686 3832; x_wconf 86' lang='lat' dir='ltr'>in</span> <span class='ocrx_word' id='word_1_270' title='bbox 706 3782 765 3832; x_wconf 80' lang='lat' dir='ltr'>lacu</span> <span class='ocrx_word' id='word_1_271' title='bbox 778 3779 921 3840; x_wconf 76' lang='lat' dir='ltr'>Betbesda,</span> <span class='ocrx_word' id='word_1_272' title='bbox 934 3781 949 3805; x_wconf 80' lang='lat'>‘¹</span> <span class='ocrx_word' id='word_1_273' title='bbox 958 3777 999 3832; x_wconf 82' lang='lat' dir='ltr'>Ne</span> <span class='ocrx_word' id='word_1_274' title='bbox 1011 3779 1128 3845; x_wconf 81' lang='lat' dir='ltr'>amplius</span> <span class='ocrx_word' id='word_1_275' title='bbox 1145 3793 1236 3845; x_wconf 85' lang='lat' dir='ltr'>pecca,</span> <span class='ocrx_word' id='word_1_276' title='bbox 1250 3794 1285 3832; x_wconf 90' lang='lat' dir='ltr'>ne</span> <span class='ocrx_word' id='word_1_277' title='bbox 1297 3782 1375 3846; x_wconf 79' lang='lat' dir='ltr'>peius</span> 
     </span>
     <span class='ocr_line' id='line_1_33' title="bbox 418 3861 600 3911; baseline -0.005 -12"><span class='ocrx_word' id='word_1_278' title='bbox 418 3865 426 3899; x_wconf 89' lang='grc' dir='ltr'><strong>ι</strong></span> <span class='ocrx_word' id='word_1_279' title='bbox 457 3864 473 3898; x_wconf 79' lang='lat' dir='ltr'>a</span> <span class='ocrx_word' id='word_1_280' title='bbox 529 3863 555 3899; x_wconf 83' lang='lat' dir='ltr'>v.</span> <span class='ocrx_word' id='word_1_281' title='bbox 570 3861 600 3911; x_wconf 83' lang='lat'>14</span> 
     </span>
    </p>
   </div>
   <div class='ocr_carea' id='block_1_8' title="bbox 245 3987 1376 4248">
    <p class='ocr_par' dir='ltr' id='par_1_9' title="bbox 245 3987 1376 4248">
     <span class='ocr_line' id='line_1_34' title="bbox 247 3987 1376 4074; baseline -0.002 -18"><span class='ocrx_word' id='word_1_282' title='bbox 247 4003 306 4068; x_wconf 73' lang='grc'>[0.]</span> <span class='ocrx_word' id='word_1_283' title='bbox 340 3989 444 4074; x_wconf 87' lang='lat' dir='ltr'>Quod</span> <span class='ocrx_word' id='word_1_284' title='bbox 464 3990 632 4056; x_wconf 91' lang='lat' dir='ltr'>Dominus</span> <span class='ocrx_word' id='word_1_285' title='bbox 651 3990 844 4073; x_wconf 85' lang='lat' dir='ltr'>provideat,</span> <span class='ocrx_word' id='word_1_286' title='bbox 862 4009 905 4054; x_wconf 91' lang='lat' dir='ltr'>ne</span> <span class='ocrx_word' id='word_1_287' title='bbox 920 3987 1027 4055; x_wconf 87' lang='lat' dir='ltr'>homo</span> <span class='ocrx_word' id='word_1_288' title='bbox 1045 3989 1188 4055; x_wconf 89' lang='lat' dir='ltr'>interius</span> <span class='ocrx_word' id='word_1_289' title='bbox 1206 3999 1376 4072; x_wconf 80' lang='lat' dir='ltr'>agnoscat</span> 
     </span>
     <span class='ocr_line' id='line_1_35' title="bbox 245 4083 1376 4246; baseline 0 -96"><span class='ocrx_word' id='word_1_290' title='bbox 245 4107 339 4246; x_wconf 55' lang='lat' dir='ltr'>pera,</span> <span class='ocrx_word' id='word_1_291' title='bbox 360 4107 399 4152; x_wconf 87' lang='lat' dir='ltr'>ac</span> <span class='ocrx_word' id='word_1_292' title='bbox 423 4097 548 4170; x_wconf 88' lang='lat' dir='ltr'>postea</span> <span class='ocrx_word' id='word_1_293' title='bbox 570 4088 723 4163; x_wconf 90' lang='lat' dir='ltr'>recedat,</span> <span class='ocrx_word' id='word_1_294' title='bbox 746 4094 783 4151; x_wconf 91' lang='lat' dir='ltr'>et</span> <span class='ocrx_word' id='word_1_295' title='bbox 807 4085 866 4150; x_wconf 86' lang='lat' dir='ltr'>fiat</span> <span class='ocrx_word' id='word_1_296' title='bbox 889 4083 1061 4169; x_wconf 84' lang='lat' dir='ltr'>profanus,</span> <span class='ocrx_word' id='word_1_297' title='bbox 1085 4085 1295 4169; x_wconf 76' lang='lat' dir='ltr'>intelligitur</span> <span class='ocrx_word' id='word_1_298' title='bbox 1317 4105 1376 4169; x_wconf 88' lang='lat' dir='ltr'>per</span> 
     </span>
     <span class='ocr_line' id='line_1_36' title="bbox 271 4203 355 4248; baseline -0.012 -1"><span class='ocrx_word' id='word_1_299' title='bbox 271 4203 332 4248; x_wconf 89' lang='lat' dir='ltr'>aec</span> <span class='ocrx_word' id='word_1_300' title='bbox 347 4203 355 4246; x_wconf 75' lang='grc' dir='ltr'>ε</span> 
     </span>
    </p>
   </div>
   <div class='ocr_carea' id='block_1_9' title="bbox 297 4313 1379 4514">
    <p class='ocr_par' dir='ltr' id='par_1_10' title="bbox 297 4313 1379 4514">
     <span class='ocr_line' id='line_1_37' title="bbox 297 4313 1377 4376; baseline 0.001 -7"><span class='ocrx_word' id='word_1_301' title='bbox 297 4317 509 4369; x_wconf 79' lang='lat' dir='ltr'>“1¹¹Ocoaecavit</span> <span class='ocrx_word' id='word_1_302' title='bbox 521 4318 629 4368; x_wconf 83' lang='lat' dir='ltr'>illorum</span> <span class='ocrx_word' id='word_1_303' title='bbox 642 4316 736 4368; x_wconf 72' lang='lat' dir='ltr'>oculos</span> <span class='ocrx_word' id='word_1_304' title='bbox 748 4325 775 4368; x_wconf 86' lang='lat' dir='ltr'>et</span> <span class='ocrx_word' id='word_1_305' title='bbox 788 4313 952 4367; x_wconf 68' lang='lat' dir='ltr'>vlobturavtt</span> <span class='ocrx_word' id='word_1_306' title='bbox 963 4316 1072 4368; x_wconf 85' lang='lat' dir='ltr'>illorum</span> <span class='ocrx_word' id='word_1_307' title='bbox 1086 4329 1141 4376; x_wconf 84' lang='lat' dir='ltr'>cor.</span> <span class='ocrx_word' id='word_1_308' title='bbox 1154 4325 1184 4368; x_wconf 83' lang='lat' dir='ltr'>ut</span> <span class='ocrx_word' id='word_1_309' title='bbox 1196 4331 1252 4368; x_wconf 82' lang='lat' dir='ltr'>non</span> <span class='ocrx_word' id='word_1_310' title='bbox 1267 4316 1377 4370; x_wconf 79' lang='lat' dir='ltr'>videant</span> 
     </span>
     <span class='ocr_line' id='line_1_38' title="bbox 379 4379 1379 4514; baseline 0.002 -80"><span class='ocrx_word' id='word_1_311' title='bbox 379 4384 675 4514; x_wconf 42' lang='lat' dir='ltr'>ffiffiifnoefflmt</span> <span class='ocrx_word' id='word_1_312' title='bbox 686 4383 775 4442; x_wconf 84' lang='lat' dir='ltr'>corde,</span> <span class='ocrx_word' id='word_1_313' title='bbox 787 4392 815 4434; x_wconf 86' lang='lat' dir='ltr'>et</span> <span class='ocrx_word' id='word_1_314' title='bbox 828 4392 989 4434; x_wconf 81' lang='lat' dir='ltr'>convertant</span> <span class='ocrx_word' id='word_1_315' title='bbox 1003 4397 1042 4443; x_wconf 84' lang='lat' dir='ltr'>se,</span> <span class='ocrx_word' id='word_1_316' title='bbox 1054 4392 1081 4434; x_wconf 83' lang='lat' dir='ltr'>et</span> <span class='ocrx_word' id='word_1_317' title='bbox 1095 4397 1190 4434; x_wconf 82' lang='lat' dir='ltr'>sanem</span> <span class='ocrx_word' id='word_1_318' title='bbox 1203 4383 1266 4433; x_wconf 87' lang='lat' dir='ltr'>illos</span> <span class='ocrx_word' id='word_1_319' title='bbox 1276 4381 1291 4403; x_wconf 90' lang='lat'><strong>”</strong></span> <span class='ocrx_word' id='word_1_320' title='bbox 1302 4379 1379 4449; x_wconf 79' lang='lat' dir='ltr'>(Joh.</span> 
     </span>
    </p>
   </div>
   <div class='ocr_carea' id='block_1_10' title="bbox 247 4589 1378 4675">
    <p class='ocr_par' dir='ltr' id='par_1_11' title="bbox 247 4589 1378 4675">
     <span class='ocr_line' id='line_1_39' title="bbox 247 4589 1378 4675; baseline -0.004 -15"><span class='ocrx_word' id='word_1_321' title='bbox 247 4596 321 4660; x_wconf 82' lang='lat' dir='ltr'>“ne</span> <span class='ocrx_word' id='word_1_322' title='bbox 336 4603 547 4660; x_wconf 87' lang='lat' dir='ltr'>convertant</span> <span class='ocrx_word' id='word_1_323' title='bbox 563 4613 600 4660; x_wconf 86' lang='lat' dir='ltr'>se</span> <span class='ocrx_word' id='word_1_324' title='bbox 619 4603 655 4660; x_wconf 89' lang='lat' dir='ltr'>et</span> <span class='ocrx_word' id='word_1_325' title='bbox 671 4613 791 4659; x_wconf 87' lang='lat' dir='ltr'>sanem</span> <span class='ocrx_word' id='word_1_326' title='bbox 808 4589 917 4669; x_wconf 86' lang='lat' dir='ltr'>illos,”</span> <span class='ocrx_word' id='word_1_327' title='bbox 933 4589 1107 4675; x_wconf 81' lang='lat' dir='ltr'>significat</span> <span class='ocrx_word' id='word_1_328' title='bbox 1123 4611 1166 4657; x_wconf 90' lang='lat' dir='ltr'>ne</span> <span class='ocrx_word' id='word_1_329' title='bbox 1182 4600 1378 4673; x_wconf 84' lang='lat' dir='ltr'>agnoscant</span> 
     </span>
    </p>
   </div>
   <div class='ocr_carea' id='block_1_11' title="bbox 0 0 1721 5368">
    <p class='ocr_par' dir='ltr' id='par_1_12' title="bbox 0 0 1721 5368">
     <span class='ocr_line' id='line_1_40' title="bbox 0 0 1721 5368; baseline 0 0"><span class='ocrx_word' id='word_1_330' title='bbox 0 0 1721 5368; x_wconf 95' lang='lat' dir='ltr'> </span> 
     </span>
    </p>
   </div>
  </div>
 </body>
</html>
