3434 5364
375 667 434 738 ¹92
721 663 922 718 snrmnrra
943 661 1138 720 mosaica

371 836 464 902 clare
478 835 566 918 apud
584 833 662 899 iilos
678 834 734 919 qui
753 831 916 900 distincte
933 846 1086 917 possunt.
1132 833 1235 918 Quod
1253 835 1319 901 hoc
1340 857 1409 903 non
1427 836 1490 904 nisi

372 950 474 1016 quam
495 931 638 994 obscure
658 939 777 1012 pateat
796 931 886 1013 apud
906 930 985 993 illos
1003 931 1060 1014 qui
1079 950 1147 994 non
1166 927 1327 995 distincte
1347 933 1491 1016 percipi·

373 1035 435 1088 unt
451 1026 671 1108 operationes
690 1027 827 1101 mentis,
841 1035 895 1088 est
916 1027 993 1108 quia
1011 1025 1111 1088 simul
1128 1035 1207 1089 sunt
1227 1027 1260 1088 in
1277 1028 1492 1109 cogitatione

373 1122 462 1202 apud
473 1118 550 1183 illos
560 1121 616 1203 qui
629 1122 662 1183 in
673 1117 853 1184 affed'tione
863 1121 932 1183 veri
946 1129 981 1182 et
995 1121 1028 1182 in
1038 1121 1258 1203 perceptione
1271 1123 1341 1184 veri
1353 1131 1445 1197 sunt,
1456 1130 1491 1188 et

374 1235 449 1279 cum
470 1214 570 1278 simul
590 1224 679 1290 sunt,
697 1234 765 1277 non
786 1215 951 1296 distingui
970 1224 1123 1297 possunt.
1170 1213 1286 1279 Homo
1305 1217 1339 1278 in
1358 1218 1492 1299 cogita·

347 1323 350 1330 “
373 1311 467 1374 tione
491 1309 671 1373 manifesta
694 1319 759 1382 est,
781 1328 857 1372 cum
877 1309 1016 1391 spiritus
1033 1308 1103 1389 ejus
1122 1311 1256 1390 cogitat
1281 1312 1313 1372 in
1337 1330 1493 1394 corpore,

374 1406 464 1490 quod
484 1404 520 1468 fit
541 1404 704 1486 imprimis
723 1405 803 1466 dum
823 1406 856 1467 in
874 1405 1050 1467 consortio
1067 1413 1120 1467 est
1137 1424 1213 1468 cum
1234 1405 1331 1483 aliis;
1361 1415 1397 1469 at
1414 1423 1492 1470 cmn

374 1511 428 1564 est
447 1501 480 1580 in
498 1499 679 1562 affectione
695 1499 924 1580 intelligendi,
942 1510 977 1562 et
998 1519 1058 1580 per
1076 1497 1163 1562 hanc
1182 1501 1277 1564 venit
1295 1501 1329 1563 in
1348 1519 1491 1583 percep·

372 1596 506 1659 tionem
521 1596 602 1670 veri,
623 1605 705 1658 tunc
725 1604 778 1658 est
798 1597 831 1657 in
851 1595 1063 1675 cogitatione
1087 1595 1226 1676 spiritus
1245 1597 1306 1670 sui,
1326 1616 1413 1679 quae
1437 1603 1492 1661 est

374 1689 565 1764 meditatio,
576 1708 663 1771 quae
679 1690 816 1772 quidem
830 1689 922 1752 cadit
939 1689 972 1751 in
989 1689 1238 1770 cogitationem
1254 1692 1417 1772 corporis,
1431 1689 1493 1755 sed

374 1785 518 1848 tacitam
533 1805 541 1862 ;
566 1793 621 1846 est
634 1784 723 1846 enim
737 1803 838 1865 supra
854 1782 954 1858 hanc,
969 1785 1008 1846 ac
1022 1785 1174 1848 intuetur
1185 1784 1245 1848 illa
1257 1805 1343 1868 quae
1356 1787 1494 1867 cogita·

374 1881 478 1943 tionis
491 1899 536 1942 ex
550 1879 714 1942 memoria
727 1888 818 1952 sunt,
833 1879 921 1942 sicut
933 1877 1019 1940 inira
1030 1897 1066 1941 se
1081 1899 1089 1957 ;
1111 1897 1189 1942 nam
1202 1900 1248 1942 ex
1261 1878 1328 1942 illis
1339 1878 1395 1943 vel
1409 1899 1495 1943 con·

375 1974 493 2048 cludit,
505 1973 560 2037 vel
571 1973 762 2037 confirmat.
803 1973 854 2036 At
868 1974 942 2056 ipsa
953 1971 1088 2037 affectio
1097 1974 1168 2037 veri
1181 1993 1250 2038 non
1262 1975 1498 2057 appercipitur

374 2067 476 2132 aliter
494 2086 595 2151 quam
618 2069 706 2131 sicut
725 2068 916 2131 voluntatis
939 2069 1031 2131 nisus
1054 2088 1100 2131 ex
1122 2068 1236 2152 aliquo
1254 2069 1381 2151 volupi‚
1400 2067 1495 2152 quod

374 2164 467 2229 intus
490 2173 544 2228 est
573 2164 607 2226 in
631 2163 858 2226 meditatione
880 2163 969 2226 sicut
992 2163 1065 2226 vita
1087 2161 1168 2244 ejus,
1193 2162 1236 2225 ad
1259 2163 1350 2245 quod
1373 2181 1494 2245 parurn

375 2261 578 2324 attenditur.
624 2256 682 2321 Ex
699 2257 753 2321 his
769 2276 858 2321 nunc
875 2267 1037 2321 constare
1053 2267 1182 2339 potest,
1200 2259 1292 2340 quod
1310 2257 1395 2322 haec
1415 2258 1493 2336 tria,

375 2353 510 2420 affedtio
525 2354 607 2430 veri,
625 2353 802 2434 perceptio
818 2353 900 2426 veri,
917 2360 953 2415 et
972 2351 1152 2433 cogitatio,
1170 2353 1287 2417 ordine
1307 2362 1496 2436 sequantur

377 2470 422 2514 ex
441 2469 568 2524 amore,
589 2459 625 2514 et
644 2447 735 2531 quod
756 2466 825 2510 non
844 2445 924 2510 alibi
943 2447 1099 2511 existant
1115 2465 1216 2528 quam
1239 2447 1273 2510 in
1291 2445 1495 2528 intellectut

376 2564 454 2609 cum
471 2545 560 2606 enim
576 2562 674 2606 amor
685 2543 792 2605 intrat
807 2537 1035 2618 intelled'tum,
1047 2540 1137 2624 quod
1153 2539 1191 2604 fit
1207 2559 1284 2603 cum
1297 2540 1497 2623 conjunctio

376 2635 467 2702 iacta
493 2645 559 2712 est,
589 2646 671 2700 tunc
701 2637 847 2719 primurn
874 2635 1032 2717 producit
1062 2631 1277 2700 affectionem
1304 2637 1387 2711 veri,
1414 2636 1495 2702 dein

377 2728 592 2797 affectionem
611 2730 830 2813 intelligendi
852 2730 887 2794 id
910 2730 1001 2813 quod
1025 2729 1102 2806 scit,
1122 2738 1159 2795 et
1180 2730 1322 2793 tandem
1342 2727 1495 2796 affectio·

377 2846 457 2893 nem
479 2825 619 2890 videndi
645 2826 680 2890 id
713 2827 747 2890 in
777 2825 992 2908 cogitatione
1015 2825 1167 2907 corporis
1196 2823 1288 2907 quod
1316 2825 1497 2908 intelligit,

377 2924 548 3006 cogitatio
567 2922 659 2986 enirn
678 2942 747 2986 non
766 2922 858 2986 aliud
877 2930 931 2985 est
950 2939 1052 3005 quam
1070 2921 1163 2984 visus
1181 2920 1344 2984 internus.
1389 2919 1496 3003 Cogi·

377 3021 467 3085 tatio
496 3018 634 3101 quidem
658 3018 803 3100 primum
826 3017 960 3091 existit,
985 3016 1064 3099 quia
1090 3024 1145 3081 est
1168 3015 1294 3081 mentis
1317 3015 1497 3093 naturalis,

377 3115 440 3180 sed
463 3114 633 3198 cogitatio
655 3133 701 3178 ex
724 3113 949 3196 perceptione
966 3111 1037 3176 veri
1060 3130 1148 3196 quae
1170 3119 1224 3174 est
1246 3130 1292 3174 ex
1315 3107 1497 3177 affectione

377 3212 459 3288 veri,
479 3210 603 3274 ultimo
620 3209 768 3286 existit3
795 3207 881 3272 haec
901 3207 1073 3288 cogitatio
1095 3214 1151 3269 est
1173 3204 1341 3287 cogitatio
1358 3204 1496 3287 sapien·

377 3307 457 3384 tiae,
476 3305 537 3370 illa
555 3312 672 3368 autem
690 3312 744 3367 est
761 3301 930 3384 cogitatio
948 3320 994 3364 ex
1014 3300 1177 3364 memoria
1194 3299 1381 3381 pervisum
1397 3315 1497 3362 men·

378 3400 424 3465 tis
446 3399 623 3465 naturalis.
671 3394 802 3461 Omnes
823 3395 1042 3476 operationes
1064 3394 1190 3458 amoris
1220 3411 1280 3458 seu
1303 3392 1498 3457 voluntatis

378 3504 481 3559 extra
499 3489 714 3558 intellectum
734 3510 802 3555 non
821 3510 859 3554 se
878 3489 1029 3554 referunt
1047 3489 1091 3553 ad
1115 3484 1313 3554 affePtiones
1329 3488 1412 3564 veri,
1431 3486 1497 3552 sed

379 3589 422 3653 ad
442 3585 639 3654 affedtiones
657 3587 748 3650 boni.

441 3696 544 3767 4⁰5.
575 3681 676 3763 Quod
699 3681 784 3745 haec
806 3679 873 3744 tria
894 3700 941 3744 ex
959 3696 1076 3743 amore
1094 3678 1150 3761 qui
1167 3685 1222 3742 est
1239 3674 1441 3752 voluntatis,
1460 3676 1497 3740 in

379 3775 560 3844 intellectu
583 3777 702 3841 ordine
725 3783 923 3858 sequantur,
943 3794 990 3837 ex
1016 3771 1176 3837 rationali
1197 3770 1337 3836 homine
1358 3770 1497 3853 quidem

380 3872 625 3956 comprehendi
648 3879 777 3954 potest,
797 3869 859 3934 sed
889 3879 1006 3932 tamen
1033 3886 1104 3933 non
1133 3867 1226 3931 clare
1247 3864 1364 3940 videri,
1384 3873 1420 3928 et
1447 3863 1498 3929 sic

380 3990 486 4053 usque
508 3969 553 4032 ad
576 3965 678 4032 fidem
698 3963 900 4029 confirmari.
945 3961 1044 4026 Nunc
1068 3963 1145 4046 quia
1163 3978 1260 4025 amor
1276 3959 1333 4041 qui
1356 3967 1411 4022 est
1432 3977 1497 4023 vo·

381 4066 526 4131 luntatis
549 4083 609 4148 per
630 4058 969 4142 correspondentiam
992 4076 1095 4121 unum
1118 4056 1191 4138 agit
1217 4072 1294 4118 cum
1317 4053 1431 4130 corde,
1455 4070 1499 4118 ac

381 4160 550 4244 sapientia
568 4178 654 4241 quae
672 4164 725 4223 est
744 4150 941 4218 intelledtus
960 4171 1062 4216 unum
1082 4152 1154 4233 agit
1170 4168 1246 4214 cum
1266 4147 1438 4231 pulmone,
1458 4155 1499 4214 ut

381 4276 482 4339 supra
501 4263 679 4319 ostensum
698 4261 764 4326 est,
785 4249 863 4312 ideo
886 4268 954 4310 non
977 4247 1057 4311 alibi
1080 4247 1202 4310 clarius
1225 4243 1330 4307 videri
1353 4253 1390 4306 et
1411 4261 1497 4306 con·

381 4350 505 4414 firmari
528 4358 672 4430 possunt
698 4345 758 4409 illa
780 4364 867 4427 quae
896 4342 938 4406 de
968 4339 1148 4405 affediione
1170 4340 1250 4412 veri,
1274 4337 1499 4419 perceptione

381 4447 464 4518 veri,
485 4453 521 4506 et
540 4441 762 4524 cogitatione,
783 4458 866 4502 mox
886 4456 986 4519 supra
1008 4435 1056 4518 (n.
1073 4433 1153 4517 404)
1173 4431 1265 4497 didta
1282 4441 1374 4504 sunt,
1394 4449 1498 4513 quam

381 4540 416 4600 in
433 4538 594 4618 pulmone
611 4544 646 4598 et
662 4533 732 4614 ejus
747 4533 894 4610 sabrica;
919 4551 1021 4614 quare
1038 4531 1123 4594 haec
1140 4529 1257 4610 paucis
1273 4525 1500 4589 describenda

382 4640 447 4696 est.
494 4627 562 4695 Cor
584 4638 664 4711 post
687 4637 822 4709 partum
844 4647 866 4690 a
894 4626 1020 4690 dextro
1042 4645 1103 4689 suo
1126 4619 1317 4688 ventriculo
1338 4619 1499 4683 immittit
