3426 5382
514 682 565 733 nn
589 679 727 731 mvnm
751 678 1108 730 Pnovrnanrnu-n.
1132 668 1183 749 96.
1373 669 1412 734 61

285 879 357 944 par,
378 855 454 919 sine
476 874 545 938 qua
568 873 637 917 non
661 860 778 936 potest
797 871 893 916 esse:
918 871 1022 934 quare
1045 871 1122 916 cum
1143 851 1307 920 facultate
1329 877 1417 939 quae

286 962 430 1019 vocatur
447 949 603 1026 libertas,
621 950 722 1012 datur
741 947 889 1011 facultas
908 967 996 1030 quae
1013 958 1158 1012 vocatur
1174 951 1415 1020 rationalitas:

285 1053 390 1115 etiam
409 1051 438 1114 si
457 1049 567 1113 aufers
583 1046 674 1110 velle
694 1043 737 1108 ab
757 1042 964 1126 intelligere,
980 1041 1063 1106 nihil
1080 1045 1271 1128 intelligis:
1299 1057 1356 1117 [3.]
1380 1061 1417 1117 et

285 1156 452 1230 quantum
475 1147 538 1222 vis,
563 1155 700 1208 tantum
724 1151 826 1225 potes
852 1138 1059 1222 intelligere,
1086 1142 1191 1205 modo
1218 1144 1334 1208 adsint
1361 1146 1418 1212 vel

285 1243 384 1306 simul
407 1244 606 1326 aperiantur
629 1239 848 1314 adminicula,
875 1260 961 1322 quae
990 1248 1159 1302 vocantur
1184 1244 1415 1324 cognitiones,

287 1359 364 1402 nam
401 1340 466 1403 hae
499 1350 581 1403 sunt
616 1340 704 1402 sicut
736 1334 1013 1401 instrumentalia
1050 1339 1219 1419 operanti.
1281 1339 1417 1406 Dicitur

285 1445 452 1519 quantum
469 1437 530 1512 vis,
548 1447 649 1519 potes
665 1435 872 1516 intelligere,
891 1434 957 1497 hoc
979 1442 1043 1508 est,
1064 1444 1230 1516 quantum
1249 1456 1345 1500 amas
1365 1439 1415 1501 in·

285 1533 454 1614 telligere,
470 1552 550 1596 nam
562 1533 725 1596 voluntas
741 1543 777 1595 et
794 1552 890 1594 amor
902 1549 1006 1593 unum
1018 1540 1137 1611 agunt.
1187 1529 1265 1594 Hoc
1277 1533 1416 1614 quidem

284 1639 429 1711 apparet
452 1630 540 1693 sicut
563 1629 787 1712 paradoxon;
821 1627 882 1690 sed
913 1627 963 1689 ita
986 1635 1130 1708 apparet
1157 1626 1237 1702 illis,
1263 1628 1319 1710 qui
1347 1648 1417 1691 non

284 1737 403 1791 amant
420 1726 629 1808 intelligere,
646 1737 682 1790 et
701 1725 782 1789 inde
803 1744 872 1787 non
887 1722 1032 1786 volunt:
1059 1732 1095 1786 et
1115 1724 1172 1805 qui
1193 1743 1261 1787 non
1280 1724 1416 1801 volunt,

284 1821 402 1887 dicunt
422 1844 459 1886 se
477 1843 546 1886 non
563 1843 675 1904 posse.
721 1818 870 1903 Quinam
887 1827 1004 1882 autem
1023 1839 1092 1881 non
1112 1829 1269 1902 possunt,
1288 1829 1325 1884 et
1341 1820 1416 1902 qui·

284 1936 363 1981 nam
379 1938 484 2000 aegre
500 1928 656 2001 possunt,
671 1917 805 1982 dicetur
820 1917 854 1980 in
871 1925 1039 1998 sequente
1054 1913 1210 1979 articulo.
1247 1930 1304 1992 [⁴.]
1321 1913 1417 1978 Abs·

284 2034 348 2094 que
373 2014 635 2078 confirmatione
657 2022 767 2098 patet,
786 2014 877 2096 quod
902 2012 966 2075 nisi
989 2012 1119 2074 homini
1145 2010 1234 2075 soret
1253 2010 1417 2076 voluntas

284 2129 328 2170 ex
345 2108 511 2174 facultate
528 2131 615 2192 quae
630 2121 776 2173 vocatur
792 2109 945 2184 libertas,
963 2128 1003 2171 ac
1024 2104 1223 2172 intellectus
1244 2127 1290 2170 ex
1309 2106 1416 2170 lacul-

284 2212 359 2266 tate
371 2225 459 2286 quae
472 2216 617 2269 vocatur
626 2205 857 2280 rationalitas,
872 2204 930 2268 ille
943 2225 1010 2267 non
1023 2204 1113 2267 soret
1127 2203 1242 2266 homo.
1289 2201 1416 2265 Bestiis

284 2321 352 2363 non
365 2301 445 2366 illae
458 2302 642 2368 facultates
652 2314 743 2368 sunt.
784 2304 944 2386 Apparet
958 2305 1046 2366 sicut
1056 2302 1149 2385 quod
1163 2301 1298 2363 bestiae
1309 2301 1416 2362 etiam

284 2397 417 2478 possint
433 2397 535 2475 velle,
550 2407 586 2463 et
602 2399 694 2482 quod
711 2400 846 2482 possint
863 2397 1070 2479 intelligere,
1089 2396 1150 2460 sed
1169 2415 1237 2458 non
1257 2403 1415 2476 possunt.

285 2491 349 2555 Est
366 2491 501 2557 affectio
514 2496 691 2571 naturalis,
705 2516 792 2577 quae
809 2495 843 2558 in
859 2515 896 2558 se
912 2503 967 2557 est
983 2493 1120 2575 cupido,
1134 2510 1212 2554 cum
1230 2489 1301 2571 ejus
1318 2509 1415 2552 com·

284 2607 364 2668 pare
384 2581 541 2666 scientia,
562 2611 649 2674 quae
669 2592 767 2654 unice
786 2590 882 2653 ducit
902 2599 938 2654 et
966 2588 1032 2652 sert
1051 2587 1128 2651 illas
1152 2585 1196 2648 ad
1221 2586 1415 2650 laciendum

283 2685 374 2764 quod
387 2684 527 2749 iaciunt.
562 2685 671 2751 Civile
685 2696 721 2750 et
734 2685 864 2750 morale
878 2696 932 2749 est
945 2685 1083 2768 quidem
1100 2683 1133 2745 in
1150 2681 1285 2745 illarum
1300 2683 1415 2745 scien·

283 2778 342 2854 tia,
360 2781 421 2843 sed
442 2800 511 2844 non
530 2791 610 2845 sunt
630 2803 733 2864 supra
749 2781 855 2858 illam,
874 2782 952 2864 quia
971 2779 1038 2843 illis
1059 2798 1127 2842 non
1148 2786 1202 2842 est
1222 2778 1414 2860 spirituale,

283 2874 374 2957 quod
405 2875 467 2939 dat
496 2877 672 2959 percipere
703 2877 846 2953 morale,
873 2887 909 2940 et
940 2876 1019 2938 inde
1049 2873 1224 2956 analytice
1256 2875 1413 2956 cogitare

283 2968 378 3033 illud.
424 2970 551 3034 Doceri
583 2973 721 3055 quidem
755 2981 902 3055 possunt
935 2970 1063 3054 aliquid
1094 2970 1218 3046 lacere,
1251 2971 1313 3034 sed
1346 2969 1413 3034 hoe

283 3065 394 3129 solum
415 3075 469 3130 est
489 3067 656 3142 naturale,
674 3069 765 3151 quod
781 3089 818 3130 se
835 3066 932 3130 addit
951 3066 1118 3130 scientiae
1138 3075 1173 3129 et
1191 3064 1291 3128 simul
1308 3064 1411 3129 affec·

284 3162 371 3226 tioni
394 3161 540 3239 illarum,
558 3184 597 3226 ac
621 3165 859 3246 reproducitur
874 3162 931 3226 vel
950 3185 1011 3247 per
1026 3163 1137 3225 visum
1156 3160 1212 3223 vel
1232 3182 1292 3243 per
1315 3160 1412 3223 audi·

284 3267 368 3334 tum,
387 3259 448 3322 sed
474 3279 642 3342 nusquam
661 3259 699 3322 fit
718 3260 953 3341 cogitationis,
975 3267 1011 3321 et
1031 3258 1142 3320 minus
1158 3257 1303 3319 rationis
1322 3255 1413 3337 apud

283 3352 371 3417 illas.
411 3353 540 3438 Aliqua
554 3355 596 3418 de
613 3355 677 3418 hac
692 3377 727 3418 re
741 3356 922 3418 videantur
934 3372 1044 3446 supra
1051 3350 1098 3434 (n.
1115 3349 1182 3433 74).
1231 3361 1288 3422 [5.]
1311 3349 1410 3428 Quod

283 3447 379 3512 homo
402 3449 528 3531 absque
548 3450 636 3513 binis
658 3450 729 3514 illis
744 3449 972 3529 facultatibus
991 3467 1055 3509 non
1068 3445 1238 3528 potuisset
1259 3445 1418 3529 conjrmgi

284 3542 435 3618 Domino,
463 3555 497 3608 et
530 3545 578 3608 sic
610 3566 673 3608 non
706 3543 895 3624 reformari
925 3553 959 3606 et
989 3540 1200 3624 regenerari,
1233 3551 1412 3606 ostensum

285 3649 338 3702 est
358 3660 471 3721 supra.
516 3639 607 3704 Nam
631 3640 800 3703 Dominus
823 3639 857 3702 in
880 3638 970 3703 binis
992 3637 1060 3700 illis
1079 3635 1304 3700 facultatibus
1327 3639 1412 3700 resi-

284 3736 343 3799 det
369 3735 461 3816 apud
490 3734 648 3800 homines
671 3745 743 3799 tam
767 3735 878 3798 malos
901 3753 1003 3818 quam
1031 3733 1153 3808 bonos,
1183 3743 1219 3796 et
1247 3754 1308 3816 per
1335 3733 1413 3797 illas

284 3829 327 3895 Se
344 3831 523 3914 conjungit
541 3832 705 3894 unicuivis
724 3831 865 3895 homini.
911 3830 995 3894 Inde
1013 3839 1078 3904 est,
1096 3829 1188 3911 quod
1209 3838 1282 3892 tam
1302 3829 1413 3893 malus

284 3947 385 4009 quam
405 3927 516 3990 bonus
539 3927 652 4007 possit
675 3926 884 4007 intelligere,
902 3937 938 3989 et
957 3926 1037 3988 inde
1054 3924 1103 3987 illi
1123 3925 1336 4005 inpotentia
1360 3933 1414 3988 est

284 4023 446 4086 voluntas
468 4023 550 4085 boni
573 4042 612 4085 ac
636 4019 834 4085 intellectus
851 4023 932 4096 veri,
951 4021 1043 4104 quod
1067 4040 1136 4082 non
1161 4017 1239 4082 actu
1258 4021 1339 4094 sint,
1357 4031 1413 4084 est

283 4140 327 4181 ex
363 4119 470 4181 abusu
504 4116 639 4180 illarum
672 4115 887 4181 facultatum.
939 4115 1041 4198 Quod
1077 4115 1247 4178 Dominus
1276 4116 1310 4178 in
1345 4115 1413 4179 illis

283 4213 505 4277 facultatibus
525 4213 616 4296 apud
635 4213 897 4296 unumquemvis
916 4212 1091 4275 hominem
1108 4211 1271 4286 resideat,
1289 4221 1343 4274 est
1367 4233 1413 4274 ex

283 4309 412 4374 influxu
429 4307 622 4372 voluntatis
641 4308 792 4384 Domini,
811 4308 901 4391 quod
919 4307 1003 4371 velit
1023 4307 1127 4388 recipi
1147 4306 1191 4368 ab
1206 4305 1358 4382 homine,
1376 4318 1413 4371 et

284 4407 501 4470 mansionem
532 4405 623 4486 apud
653 4403 749 4468 illum
780 4404 919 4479 habere,
947 4423 987 4466 ac
1018 4403 1101 4465 dare
1128 4403 1159 4464 ei
1185 4401 1297 4465 felicia
1320 4404 1413 4467 vitae

283 4512 468 4579 aeternae;
493 4500 578 4563 haec
595 4500 786 4564 voluntatis
804 4499 943 4564 Domini
960 4508 1052 4574 sunt,
1070 4498 1149 4580 quia
1168 4497 1285 4562 Divini
1301 4497 1413 4562 Amo·

284 4597 329 4660 ris
348 4596 461 4679 lpsius
480 4605 570 4658 sunt.
618 4595 714 4658 Haec
736 4596 876 4659 Domini
895 4595 1060 4658 voluntas
1079 4603 1144 4668 est,
1164 4615 1250 4676 quae
1268 4594 1351 4659 sacit
1375 4605 1414 4660 ut

282 4703 451 4776 appareat
471 4694 505 4756 in
525 4692 664 4756 homine
685 4694 772 4757 sicut
793 4692 864 4775 ejus
883 4693 975 4775 quod
995 4693 1143 4775 cogitat,
1162 4692 1321 4774 loquitur,
1338 4689 1413 4756 vult
