3352 5374
307 655 369 704 100
655 650 858 704 SAPIENTIA
880 652 1077 705 ANGELICA

306 823 475 887 naturalia
498 823 559 888 sed
585 825 692 889 etiam
715 825 912 909 spiritualia,
937 836 974 890 et
1004 846 1081 890 cum
1104 827 1199 892 videt
1231 827 1290 891 illa
1313 834 1434 910 potest

305 936 496 997 agnoscere
519 916 590 992 illa,
615 927 651 981 et
684 919 732 981 sic
756 918 931 982 reformari
954 929 990 983 et
1014 920 1217 1002 regenerari.
1264 919 1433 984 Facultas

305 1008 490 1089 recipiendi
504 1009 615 1074 lucem
629 1010 853 1092 spiritualem,
868 1020 923 1075 est
935 1032 1023 1094 quae
1035 1012 1241 1096 intelligitur
1253 1032 1312 1094 per
1325 1014 1433 1076 ratio·
1449 1055 1453 1066 ·

306 1101 500 1176 nalitatem‚
514 1103 557 1166 de
574 1123 640 1186 qua
657 1122 768 1185 supra,
786 1124 873 1186 quae
889 1105 996 1168 cuivis
1012 1105 1142 1168 homini
1158 1127 1178 1168 a
1195 1105 1346 1169 Domino
1362 1115 1432 1178 est,

306 1201 342 1256 et
362 1213 448 1276 quae
468 1196 498 1258 ei
521 1215 589 1258 non
609 1194 782 1272 aufertur;
807 1215 885 1259 nam
906 1197 933 1260 si
953 1197 1151 1272 auferretur,
1173 1218 1241 1260 non
1259 1199 1432 1278 potuisset

306 1286 491 1350 reformari.
530 1288 586 1351 Ex
599 1287 765 1351 facultate
778 1288 847 1363 illa,
865 1309 952 1372 quae
968 1301 1114 1354 vocatur
1129 1291 1357 1366 rationalitas,
1375 1299 1432 1355 est

306 1381 396 1462 quod
410 1380 514 1443 homo
528 1400 596 1444 non
610 1381 721 1444 solum
737 1384 845 1464 possit
863 1383 1030 1465 cogitare,
1045 1383 1104 1446 sed
1119 1385 1223 1446 etiam
1237 1404 1282 1446 ex
1296 1384 1432 1466 cogita·

306 1472 401 1535 tione
419 1471 521 1554 loqui,
539 1493 638 1536 secus
658 1494 697 1537 ac
718 1475 872 1553 bestiae;
907 1486 942 1539 et
962 1477 1041 1539 dein
1066 1497 1111 1539 ex
1133 1475 1246 1538 altera
1263 1475 1433 1539 facultate

306 1563 389 1645 ejus,
401 1585 488 1647 quae
500 1575 644 1629 vocatur
654 1566 807 1640 libertas,
817 1568 861 1630 de
873 1570 1054 1650 quaetiam
1065 1569 1167 1650 prius.
1181 1577 1299 1650 potest
1318 1568 1431 1631 iacere

306 1657 365 1719 illa
378 1676 466 1739 quae
482 1679 527 1720 ex
547 1657 727 1722 intellettu
748 1661 893 1741 cogitat.
932 1658 1021 1741 Quia
1040 1661 1082 1723 de
1101 1660 1190 1722 binis
1206 1660 1259 1723 his
1281 1660 1430 1724 faculta-

305 1749 409 1824 tibus,
423 1751 662 1815 rationalitate
678 1761 713 1814 et
732 1751 903 1826 libertate,
918 1773 1004 1834 quae
1016 1752 1147 1816 homini
1164 1754 1320 1835 propriae
1336 1761 1432 1827 sunt,

305 1861 408 1922 supra
423 1843 471 1924 (n.
485 1843 562 1924 240)
576 1841 701 1918 astum,
713 1845 791 1907 ideo
803 1845 901 1927 plura
913 1844 956 1907 de
969 1845 1036 1907 illis
1052 1845 1105 1912 hic
1120 1865 1188 1908 non
1200 1846 1369 1909 dicentur.

308 2071 422 2158 QUOD
452 2087 576 2151 HOMO,
601 2089 634 2140 Sl
668 2088 749 2140 NON
779 2089 878 2140 APUD
902 2089 1023 2140 ILLUM
1047 2088 1234 2141 SUPERIOR
1263 2089 1430 2152 GRADUS,

433 2180 499 2246 QUI
533 2181 601 2231 EST
633 2181 880 2244 SPIRITUALIS,
906 2181 1109 2244 APERITUR,
1135 2181 1225 2232 FIAT
1249 2182 1429 2234 NATURA·

432 2273 490 2324 LlS
513 2272 562 2323 ET
585 2273 799 2325 SENSUALIS.

369 2429 467 2512 248.
498 2427 606 2512 Supra
635 2439 813 2493 ostensum
844 2439 909 2504 est,
928 2430 1020 2513 quod
1052 2439 1122 2493 tres
1153 2428 1280 2512 gradus
1303 2431 1432 2495 mentis

305 2523 475 2588 humanae
493 2525 571 2594 sint.
591 2523 646 2606 qui
662 2531 831 2585 vocantur
847 2522 1023 2596 naturalis,
1041 2522 1227 2605 spiritualis
1243 2533 1279 2587 et
1299 2523 1430 2587 caeles-

306 2618 363 2690 tis,
380 2625 417 2678 et
436 2616 527 2697 quod
547 2615 596 2678 illi
617 2616 743 2696 gradus
759 2615 849 2696 apud
867 2613 963 2677 illum
984 2615 1176 2678 successive
1195 2617 1329 2698 possint
1348 2636 1430 2698 ape-

306 2709 383 2772 riri:
416 2717 489 2770 tum
517 2718 697 2770 ostensum
721 2717 786 2780 est,
812 2708 902 2789 quod
931 2709 1078 2790 primum
1101 2709 1273 2790 aperiatur
1302 2710 1433 2789 gradus

307 2799 482 2872 naturalis,
504 2818 543 2861 ac
567 2809 700 2881 postea,
721 2801 747 2861 si
771 2800 858 2881 sugit
882 2800 974 2862 mala
996 2809 1033 2863 ut
1058 2809 1214 2881 peccata,
1235 2810 1271 2864 et
1295 2797 1431 2881 spetiat

307 2893 350 2955 ad
372 2892 568 2964 Dominum,
589 2893 761 2972 aperiatur
779 2893 906 2974 gradus
924 2893 1123 2974 spiritualis,
1138 2901 1173 2956 et
1192 2893 1331 2956 demum
1351 2913 1430 2955 cae·

256 3063 258 3068 ,
307 2984 416 3048 lestis.
462 2981 633 3065 Quoniam
658 2983 706 3046 illi
729 2973 855 3066 gradui
875 2987 1069 3048 successive
1088 2986 1289 3068 aperiuntur
1307 3004 1430 3049 secun-

307 3080 388 3140 dum
407 3077 514 3141 vitam
533 3075 691 3148 hominis,
713 3079 865 3159 sequitur
883 3079 974 3160 quod
998 3079 1068 3140 bini
1092 3079 1284 3160 superiores
1303 3078 1432 3160 gradus

306 3173 413 3234 etiam
437 3190 507 3233 non
530 3171 651 3252 aperiri
671 3172 815 3252 possint,
841 3181 877 3233 et
907 3170 998 3251 quod
1029 3170 1134 3234 homo
1157 3181 1239 3235 tunc
1263 3172 1297 3232 in
1321 3169 1431 3252 gradu

307 3263 466 3338 naturali,
491 3265 546 3346 qui
569 3273 622 3326 est
648 3263 798 3336 ultimus,
825 3273 976 3326 maneat.
1022 3262 1152 3326 Notum
1176 3264 1281 3326 etiam
1310 3273 1365 3326 est
1394 3263 1430 3324 in

307 3359 446 3430 mundo,
466 3357 558 3438 quod
582 3356 686 3419 homo
710 3356 877 3418 naturalis
901 3365 937 3419 et
960 3356 1065 3419 homo
1085 3356 1270 3436 spiritualis
1294 3357 1349 3430 sit,
1370 3374 1431 3418 seu

306 3448 411 3512 homo
434 3461 602 3513 externus
631 3460 667 3512 et
697 3450 802 3512 homo
825 3450 1002 3526 internus;
1034 3448 1095 3511 sed
1124 3467 1193 3511 non
1217 3457 1337 3511 notum
1364 3455 1430 3519 est,

306 3543 397 3624 quod
417 3541 522 3605 homo
540 3541 706 3604 naturalis
723 3540 782 3603 liat
801 3541 985 3621 spiritualis
1004 3562 1064 3623 per
1079 3541 1306 3622 aperitionem
1323 3538 1429 3602 alicu·

303 3631 357 3715 jus
370 3634 495 3714 gradus
507 3635 689 3715 superioris
702 3635 790 3716 apud
804 3634 910 3704 illum,
925 3643 960 3696 et
973 3635 1065 3716 quod
1078 3633 1223 3716 aperitio
1236 3632 1295 3695 liat
1308 3652 1368 3714 per
1378 3631 1429 3694 vi·

307 3734 379 3788 tam
393 3725 618 3806 spiritualem,
633 3747 719 3808 quae
732 3737 786 3788 est
799 3728 872 3789 vita
885 3727 1072 3789 secundum
1086 3735 1271 3808 praecepta
1283 3724 1406 3789 Divina
1419 3741 1430 3760 ⁶

306 3827 342 3880 et
359 3818 451 3899 quod
463 3817 592 3900 absque
606 3820 677 3882 vita
689 3821 877 3882 secundum
890 3819 960 3894 illa,
974 3818 1079 3882 homo
1092 3826 1231 3881 maneat
1243 3816 1417 3881 naturalis.

369 3925 470 3996 249·
500 3907 588 3974 Sunt
618 3913 685 3975 tria
707 3933 835 3993 genera
861 3913 1037 3975 hominum
1061 3910 1292 3976 naturalium:
1326 3925 1429 3972 unum

307 4022 416 4084 genus
434 4013 488 4067 est
506 4004 653 4079 illorum,
673 4006 730 4087 qui
754 4005 838 4068 nihil
857 4006 970 4069 sciunt
993 4005 1037 4069 de
1060 4003 1255 4086 praeceptis
1275 4000 1429 4080 Divinis;

306 4093 454 4160 alterum
477 4096 624 4172 illorum,
645 4099 701 4179 qui
725 4099 838 4161 sciunt
861 4097 952 4179 quod
976 4098 1057 4171 sint,
1078 4096 1138 4160 sed
1163 4095 1246 4159 nihil
1270 4095 1429 4174 cogitant

307 4187 350 4252 de
373 4188 445 4252 vita
468 4190 655 4253 secundum
682 4189 766 4267 illa3
797 4198 833 4253 et
858 4190 998 4253 tertium
1022 4189 1168 4263 illorum,
1193 4189 1249 4271 qui
1272 4197 1428 4251 contem·

308 4291 393 4344 nunt
416 4291 452 4346 et
476 4291 606 4364 negant
625 4281 694 4346 illa.
741 4281 842 4363 Quod
858 4281 1008 4363 primum
1022 4301 1139 4362 genus,
1160 4281 1252 4364 quod
1275 4289 1329 4343 est
1352 4278 1428 4342 illo·

307 4394 391 4449 rum,
412 4375 468 4457 qui
488 4374 572 4438 nihil
592 4376 704 4439 sciunt
728 4376 771 4438 de
794 4375 987 4457 praeceptis
1007 4374 1151 4446 Divinis
1171 4374 1360 4444 concernit,
1380 4369 1429 4433 illi

308 4486 376 4530 non
396 4477 541 4549 possunt
558 4467 659 4531 aliter
677 4487 779 4550 quam
799 4486 936 4530 manere
956 4464 1141 4540 naturales,
1159 4465 1237 4547 quia
1255 4485 1275 4527 a
1293 4484 1330 4526 se
1349 4461 1430 4544 ipsis

308 4581 377 4625 non
401 4571 545 4644 possunt
569 4561 703 4625 doceri:
737 4560 847 4624 omnis
876 4558 981 4623 homo
1004 4560 1048 4622 de
1078 4559 1272 4641 praeceptis
1295 4555 1429 4620 Divinis

309 4655 454 4718 docetur
477 4654 520 4717 ab
543 4653 619 4717 aliis
642 4653 698 4736 qui
721 4652 781 4716 illa
803 4653 915 4715 sciunt
938 4672 983 4715 ex
1013 4650 1190 4734 religione,
1215 4659 1249 4714 et
1278 4669 1346 4713 non
1369 4665 1430 4733 per
