<?xml version="1.0" encoding="UTF-8"?>
<!DOCTYPE html PUBLIC "-//W3C//DTD XHTML 1.0 Transitional//EN"
    "http://www.w3.org/TR/xhtml1/DTD/xhtml1-transitional.dtd">
<html xmlns="http://www.w3.org/1999/xhtml" xml:lang="en" lang="en">
 <head>
  <title>
</title>
<meta http-equiv="Content-Type" content="text/html;charset=utf-8" />
  <meta name='ocr-system' content='tesseract 3.04.00' />
  <meta name='ocr-capabilities' content='ocr_page ocr_carea ocr_par ocr_line ocrx_word'/>
</head>
<body>
  <div class='ocr_page' id='page_1' title='image "./sapientaangelic01swedgoog_0535.png"; bbox 0 0 3418 5370; ppageno 0'>
   <div class='ocr_carea' id='block_1_1' title="bbox 315 661 1097 730">
    <p class='ocr_par' dir='ltr' id='par_1_1' title="bbox 315 661 1097 730">
     <span class='ocr_line' id='line_1_1' title="bbox 315 661 1097 730; baseline -0.006 -2"><span class='ocrx_word' id='word_1_1' title='bbox 315 661 385 728; x_wconf 86' lang='lat'><strong>286</strong></span> <span class='ocrx_word' id='word_1_2' title='bbox 673 677 878 730; x_wconf 73' lang='lat' dir='ltr'><strong>smmum</strong></span> <span class='ocrx_word' id='word_1_3' title='bbox 902 672 1097 725; x_wconf 77' lang='lat' dir='ltr'><strong>nnoamca</strong></span> 
     </span>
    </p>
   </div>
   <div class='ocr_carea' id='block_1_2' title="bbox 314 841 1448 4272">
    <p class='ocr_par' dir='ltr' id='par_1_2' title="bbox 314 841 1448 4272">
     <span class='ocr_line' id='line_1_2' title="bbox 315 841 1447 932; baseline -0.005 -20"><span class='ocrx_word' id='word_1_4' title='bbox 315 848 490 932; x_wconf 89' lang='lat' dir='ltr'><strong>utriusque</strong></span> <span class='ocrx_word' id='word_1_5' title='bbox 505 869 513 926; x_wconf 90' lang='lat'>;</span> <span class='ocrx_word' id='word_1_6' title='bbox 536 857 575 912; x_wconf 89' lang='lat' dir='ltr'><strong>ut</strong></span> <span class='ocrx_word' id='word_1_7' title='bbox 595 850 757 913; x_wconf 89' lang='lat' dir='ltr'><strong>voluntas</strong></span> <span class='ocrx_word' id='word_1_8' title='bbox 774 847 846 931; x_wconf 89' lang='lat' dir='ltr'><strong>ejus</strong></span> <span class='ocrx_word' id='word_1_9' title='bbox 862 848 908 914; x_wconf 88' lang='lat' dir='ltr'><strong>sit</strong></span> <span class='ocrx_word' id='word_1_10' title='bbox 926 844 1187 931; x_wconf 86' lang='lat' dir='ltr'><strong>receptaculum</strong></span> <span class='ocrx_word' id='word_1_11' title='bbox 1203 844 1320 909; x_wconf 88' lang='lat' dir='ltr'><strong>Divini</strong></span> <span class='ocrx_word' id='word_1_12' title='bbox 1336 841 1447 907; x_wconf 89' lang='lat' dir='ltr'><strong>Amo-</strong></span> 
     </span>
     <span class='ocr_line' id='line_1_3' title="bbox 314 938 1445 1027; baseline -0.005 -19"><span class='ocrx_word' id='word_1_13' title='bbox 314 944 373 1018; x_wconf 74' lang='lat' dir='ltr'><strong>riS,</strong></span> <span class='ocrx_word' id='word_1_14' title='bbox 391 963 431 1007; x_wconf 87' lang='lat' dir='ltr'><strong>ac</strong></span> <span class='ocrx_word' id='word_1_15' title='bbox 448 953 485 1007; x_wconf 92' lang='lat' dir='ltr'><strong>ut</strong></span> <span class='ocrx_word' id='word_1_16' title='bbox 502 941 700 1008; x_wconf 65' lang='lat' dir='ltr'><strong>intellectus</strong></span> <span class='ocrx_word' id='word_1_17' title='bbox 716 943 787 1027; x_wconf 89' lang='lat' dir='ltr'><strong>ejus</strong></span> <span class='ocrx_word' id='word_1_18' title='bbox 803 945 849 1009; x_wconf 92' lang='lat' dir='ltr'><strong>sit</strong></span> <span class='ocrx_word' id='word_1_19' title='bbox 865 942 1123 1027; x_wconf 86' lang='lat' dir='ltr'><strong>receptaculum</strong></span> <span class='ocrx_word' id='word_1_20' title='bbox 1140 940 1286 1004; x_wconf 92' lang='lat' dir='ltr'><strong>Divinae</strong></span> <span class='ocrx_word' id='word_1_21' title='bbox 1302 938 1445 1023; x_wconf 85' lang='lat' dir='ltr'><strong>Sapien-</strong></span> 
     </span>
     <span class='ocr_line' id='line_1_4' title="bbox 315 1035 1447 1122; baseline -0.004 -19"><span class='ocrx_word' id='word_1_22' title='bbox 315 1039 398 1104; x_wconf 88' lang='lat' dir='ltr'><strong>tiae.</strong></span> <span class='ocrx_word' id='word_1_23' title='bbox 446 1036 549 1122; x_wconf 83' lang='lat' dir='ltr'><strong>Quod</strong></span> <span class='ocrx_word' id='word_1_24' title='bbox 573 1038 642 1102; x_wconf 91' lang='lat' dir='ltr'><strong>duo</strong></span> <span class='ocrx_word' id='word_1_25' title='bbox 665 1038 724 1102; x_wconf 92' lang='lat' dir='ltr'><strong>illa</strong></span> <span class='ocrx_word' id='word_1_26' title='bbox 747 1059 767 1104; x_wconf 89' lang='lat' dir='ltr'><strong>a</strong></span> <span class='ocrx_word' id='word_1_27' title='bbox 790 1040 969 1104; x_wconf 83' lang='lat' dir='ltr'><strong>creatione</strong></span> <span class='ocrx_word' id='word_1_28' title='bbox 991 1039 1061 1101; x_wconf 90' lang='lat' dir='ltr'><strong>sint</strong></span> <span class='ocrx_word' id='word_1_29' title='bbox 1086 1035 1176 1120; x_wconf 89' lang='lat' dir='ltr'><strong>apud</strong></span> <span class='ocrx_word' id='word_1_30' title='bbox 1200 1035 1385 1111; x_wconf 91' lang='lat' dir='ltr'><strong>hominem,</strong></span> <span class='ocrx_word' id='word_1_31' title='bbox 1410 1043 1447 1100; x_wconf 90' lang='lat' dir='ltr'><strong>et</strong></span> 
     </span>
     <span class='ocr_line' id='line_1_5' title="bbox 315 1129 1446 1219; baseline -0.004 -22"><span class='ocrx_word' id='word_1_32' title='bbox 315 1134 409 1219; x_wconf 91' lang='lat' dir='ltr'><strong>quod</strong></span> <span class='ocrx_word' id='word_1_33' title='bbox 432 1133 492 1198; x_wconf 93' lang='lat' dir='ltr'><strong>illa</strong></span> <span class='ocrx_word' id='word_1_34' title='bbox 514 1134 640 1198; x_wconf 87' lang='lat' dir='ltr'><strong>iaciant</strong></span> <span class='ocrx_word' id='word_1_35' title='bbox 655 1134 832 1199; x_wconf 91' lang='lat' dir='ltr'><strong>hominem</strong></span> <span class='ocrx_word' id='word_1_36' title='bbox 849 1145 884 1200; x_wconf 90' lang='lat' dir='ltr'><strong>et</strong></span> <span class='ocrx_word' id='word_1_37' title='bbox 903 1133 996 1218; x_wconf 93' lang='lat' dir='ltr'><strong>quod</strong></span> <span class='ocrx_word' id='word_1_38' title='bbox 1016 1132 1076 1197; x_wconf 93' lang='lat' dir='ltr'><strong>illa</strong></span> <span class='ocrx_word' id='word_1_39' title='bbox 1094 1133 1200 1196; x_wconf 89' lang='lat' dir='ltr'><strong>etiam</strong></span> <span class='ocrx_word' id='word_1_40' title='bbox 1216 1129 1308 1214; x_wconf 91' lang='lat' dir='ltr'><strong>apud</strong></span> <span class='ocrx_word' id='word_1_41' title='bbox 1325 1149 1446 1194; x_wconf 91' lang='lat' dir='ltr'><strong>unum·</strong></span> 
     </span>
     <span class='ocr_line' id='line_1_6' title="bbox 315 1224 1448 1314; baseline -0.004 -21"><span class='ocrx_word' id='word_1_42' title='bbox 315 1231 473 1314; x_wconf 90' lang='lat' dir='ltr'><strong>quemvis</strong></span> <span class='ocrx_word' id='word_1_43' title='bbox 491 1228 682 1294; x_wconf 83' lang='lat' dir='ltr'><strong>formentur</strong></span> <span class='ocrx_word' id='word_1_44' title='bbox 705 1231 738 1293; x_wconf 92' lang='lat' dir='ltr'><strong>in</strong></span> <span class='ocrx_word' id='word_1_45' title='bbox 764 1243 874 1307; x_wconf 90' lang='lat' dir='ltr'><strong>utero,</strong></span> <span class='ocrx_word' id='word_1_46' title='bbox 895 1250 999 1314; x_wconf 89' lang='lat' dir='ltr'><strong>supra</strong></span> <span class='ocrx_word' id='word_1_47' title='bbox 1017 1238 1197 1292; x_wconf 91' lang='lat' dir='ltr'><strong>ostensum</strong></span> <span class='ocrx_word' id='word_1_48' title='bbox 1220 1235 1282 1290; x_wconf 89' lang='lat' dir='ltr'><strong>est.</strong></span> <span class='ocrx_word' id='word_1_49' title='bbox 1330 1224 1448 1290; x_wconf 90' lang='lat' dir='ltr'><strong>Homo</strong></span> 
     </span>
     <span class='ocr_line' id='line_1_7' title="bbox 315 1320 1447 1409; baseline -0.003 -20"><span class='ocrx_word' id='word_1_50' title='bbox 315 1324 436 1409; x_wconf 90' lang='lat' dir='ltr'><strong>itaque</strong></span> <span class='ocrx_word' id='word_1_51' title='bbox 465 1326 583 1407; x_wconf 87' lang='lat' dir='ltr'><strong>imago</strong></span> <span class='ocrx_word' id='word_1_52' title='bbox 613 1326 677 1388; x_wconf 92' lang='lat' dir='ltr'><strong>Dei</strong></span> <span class='ocrx_word' id='word_1_53' title='bbox 707 1335 774 1401; x_wconf 92' lang='lat' dir='ltr'><strong>est,</strong></span> <span class='ocrx_word' id='word_1_54' title='bbox 799 1325 891 1409; x_wconf 93' lang='lat' dir='ltr'><strong>quod</strong></span> <span class='ocrx_word' id='word_1_55' title='bbox 922 1327 968 1389; x_wconf 91' lang='lat' dir='ltr'><strong>sit</strong></span> <span class='ocrx_word' id='word_1_56' title='bbox 1002 1325 1172 1408; x_wconf 90' lang='lat' dir='ltr'><strong>recipiens</strong></span> <span class='ocrx_word' id='word_1_57' title='bbox 1207 1322 1354 1387; x_wconf 89' lang='lat' dir='ltr'><strong>Divinae</strong></span> <span class='ocrx_word' id='word_1_58' title='bbox 1384 1320 1447 1386; x_wconf 90' lang='lat' dir='ltr'><strong>Sa·</strong></span> 
     </span>
     <span class='ocr_line' id='line_1_8' title="bbox 316 1416 1447 1504; baseline -0.002 -20"><span class='ocrx_word' id='word_1_59' title='bbox 316 1422 491 1504; x_wconf 89' lang='lat' dir='ltr'><strong>pientiae;</strong></span> <span class='ocrx_word' id='word_1_60' title='bbox 519 1430 555 1485; x_wconf 92' lang='lat' dir='ltr'><strong>et</strong></span> <span class='ocrx_word' id='word_1_61' title='bbox 579 1420 767 1484; x_wconf 90' lang='lat' dir='ltr'><strong>similitudo</strong></span> <span class='ocrx_word' id='word_1_62' title='bbox 791 1421 856 1485; x_wconf 88' lang='lat' dir='ltr'><strong>Dei</strong></span> <span class='ocrx_word' id='word_1_63' title='bbox 879 1430 945 1497; x_wconf 90' lang='lat' dir='ltr'><strong>est,</strong></span> <span class='ocrx_word' id='word_1_64' title='bbox 965 1420 1057 1504; x_wconf 93' lang='lat' dir='ltr'><strong>quod</strong></span> <span class='ocrx_word' id='word_1_65' title='bbox 1080 1419 1125 1482; x_wconf 89' lang='lat' dir='ltr'><strong>sit</strong></span> <span class='ocrx_word' id='word_1_66' title='bbox 1144 1419 1312 1502; x_wconf 89' lang='lat' dir='ltr'><strong>recipiens</strong></span> <span class='ocrx_word' id='word_1_67' title='bbox 1332 1416 1447 1487; x_wconf 90' lang='lat' dir='ltr'><strong>Divini</strong></span> 
     </span>
     <span class='ocr_line' id='line_1_9' title="bbox 317 1512 1446 1602; baseline -0.002 -20"><span class='ocrx_word' id='word_1_68' title='bbox 317 1519 480 1596; x_wconf 90' lang='lat' dir='ltr'><strong>Amoris;</strong></span> <span class='ocrx_word' id='word_1_69' title='bbox 504 1539 608 1602; x_wconf 89' lang='lat' dir='ltr'><strong>quare</strong></span> <span class='ocrx_word' id='word_1_70' title='bbox 625 1517 882 1601; x_wconf 87' lang='lat' dir='ltr'><strong>receptaculum</strong></span> <span class='ocrx_word' id='word_1_71' title='bbox 898 1518 990 1601; x_wconf 93' lang='lat' dir='ltr'><strong>quod</strong></span> <span class='ocrx_word' id='word_1_72' title='bbox 1009 1527 1154 1581; x_wconf 90' lang='lat' dir='ltr'><strong>vocatur</strong></span> <span class='ocrx_word' id='word_1_73' title='bbox 1170 1512 1375 1591; x_wconf 73' lang='lat' dir='ltr'><strong>intelledtus,</strong></span> <span class='ocrx_word' id='word_1_74' title='bbox 1392 1525 1446 1580; x_wconf 90' lang='lat' dir='ltr'><strong>est</strong></span> 
     </span>
     <span class='ocr_line' id='line_1_10' title="bbox 315 1609 1447 1697; baseline -0.003 -19"><span class='ocrx_word' id='word_1_75' title='bbox 315 1613 435 1695; x_wconf 86' lang='lat' dir='ltr'><strong>imago</strong></span> <span class='ocrx_word' id='word_1_76' title='bbox 462 1612 538 1689; x_wconf 90' lang='lat' dir='ltr'><strong>Dei,</strong></span> <span class='ocrx_word' id='word_1_77' title='bbox 563 1623 599 1677; x_wconf 90' lang='lat' dir='ltr'><strong>et</strong></span> <span class='ocrx_word' id='word_1_78' title='bbox 631 1613 889 1697; x_wconf 87' lang='lat' dir='ltr'><strong>receptaculum</strong></span> <span class='ocrx_word' id='word_1_79' title='bbox 912 1612 1004 1696; x_wconf 92' lang='lat' dir='ltr'><strong>quod</strong></span> <span class='ocrx_word' id='word_1_80' title='bbox 1027 1621 1173 1676; x_wconf 90' lang='lat' dir='ltr'><strong>vocatur</strong></span> <span class='ocrx_word' id='word_1_81' title='bbox 1195 1609 1369 1686; x_wconf 90' lang='lat' dir='ltr'><strong>voluntas,</strong></span> <span class='ocrx_word' id='word_1_82' title='bbox 1393 1620 1447 1675; x_wconf 89' lang='lat' dir='ltr'><strong>est</strong></span> 
     </span>
     <span class='ocr_line' id='line_1_11' title="bbox 316 1705 1447 1792; baseline -0.003 -19"><span class='ocrx_word' id='word_1_83' title='bbox 316 1709 508 1774; x_wconf 84' lang='lat' dir='ltr'><strong>similitudo</strong></span> <span class='ocrx_word' id='word_1_84' title='bbox 532 1709 606 1774; x_wconf 88' lang='lat' dir='ltr'><strong>Dei.</strong></span> <span class='ocrx_word' id='word_1_85' title='bbox 653 1708 739 1774; x_wconf 90' lang='lat' dir='ltr'><strong>Inde</strong></span> <span class='ocrx_word' id='word_1_86' title='bbox 762 1710 842 1792; x_wconf 93' lang='lat' dir='ltr'><strong>quia</strong></span> <span class='ocrx_word' id='word_1_87' title='bbox 863 1709 970 1773; x_wconf 94' lang='lat' dir='ltr'><strong>homo</strong></span> <span class='ocrx_word' id='word_1_88' title='bbox 986 1717 1121 1771; x_wconf 88' lang='lat' dir='ltr'><strong>creatus</strong></span> <span class='ocrx_word' id='word_1_89' title='bbox 1145 1717 1181 1772; x_wconf 91' lang='lat' dir='ltr'><strong>et</strong></span> <span class='ocrx_word' id='word_1_90' title='bbox 1203 1705 1370 1770; x_wconf 81' lang='lat' dir='ltr'><strong>formatus</strong></span> <span class='ocrx_word' id='word_1_91' title='bbox 1392 1714 1447 1770; x_wconf 89' lang='lat' dir='ltr'><strong>est</strong></span> 
     </span>
     <span class='ocr_line' id='line_1_12' title="bbox 317 1802 1446 1891; baseline -0.004 -21"><span class='ocrx_word' id='word_1_92' title='bbox 317 1815 357 1870; x_wconf 91' lang='lat' dir='ltr'><strong>ut</strong></span> <span class='ocrx_word' id='word_1_93' title='bbox 374 1806 418 1870; x_wconf 89' lang='lat' dir='ltr'><strong>sit</strong></span> <span class='ocrx_word' id='word_1_94' title='bbox 435 1803 704 1891; x_wconf 84' lang='lat' dir='ltr'><strong>receptaculum,</strong></span> <span class='ocrx_word' id='word_1_95' title='bbox 719 1806 881 1889; x_wconf 88' lang='lat' dir='ltr'><strong>sequitur,</strong></span> <span class='ocrx_word' id='word_1_96' title='bbox 896 1803 987 1888; x_wconf 89' lang='lat' dir='ltr'><strong>quod</strong></span> <span class='ocrx_word' id='word_1_97' title='bbox 1000 1813 1138 1868; x_wconf 88' lang='lat' dir='ltr'><strong>creatus</strong></span> <span class='ocrx_word' id='word_1_98' title='bbox 1154 1811 1191 1866; x_wconf 92' lang='lat' dir='ltr'><strong>et</strong></span> <span class='ocrx_word' id='word_1_99' title='bbox 1206 1802 1374 1865; x_wconf 77' lang='lat' dir='ltr'><strong>formatus</strong></span> <span class='ocrx_word' id='word_1_100' title='bbox 1389 1802 1446 1878; x_wconf 92' lang='lat' dir='ltr'><strong>sit,</strong></span> 
     </span>
     <span class='ocr_line' id='line_1_13' title="bbox 316 1894 1447 1984; baseline -0.005 -18"><span class='ocrx_word' id='word_1_101' title='bbox 316 1909 357 1966; x_wconf 88' lang='lat' dir='ltr'><strong>ut</strong></span> <span class='ocrx_word' id='word_1_102' title='bbox 380 1901 544 1964; x_wconf 92' lang='lat' dir='ltr'><strong>voluntas</strong></span> <span class='ocrx_word' id='word_1_103' title='bbox 563 1900 634 1983; x_wconf 90' lang='lat' dir='ltr'><strong>ejus</strong></span> <span class='ocrx_word' id='word_1_104' title='bbox 653 1901 798 1984; x_wconf 88' lang='lat' dir='ltr'><strong>recipiat</strong></span> <span class='ocrx_word' id='word_1_105' title='bbox 817 1918 971 1964; x_wconf 90' lang='lat' dir='ltr'><strong>amorem</strong></span> <span class='ocrx_word' id='word_1_106' title='bbox 991 1920 1011 1963; x_wconf 91' lang='lat' dir='ltr'><strong>a</strong></span> <span class='ocrx_word' id='word_1_107' title='bbox 1031 1899 1118 1975; x_wconf 93' lang='lat' dir='ltr'><strong>Deo,</strong></span> <span class='ocrx_word' id='word_1_108' title='bbox 1131 1917 1172 1962; x_wconf 90' lang='lat' dir='ltr'><strong>ac</strong></span> <span class='ocrx_word' id='word_1_109' title='bbox 1193 1907 1230 1962; x_wconf 92' lang='lat' dir='ltr'><strong>ut</strong></span> <span class='ocrx_word' id='word_1_110' title='bbox 1249 1894 1447 1961; x_wconf 76' lang='lat' dir='ltr'><strong>intelledtus</strong></span> 
     </span>
     <span class='ocr_line' id='line_1_14' title="bbox 315 1993 1446 2079; baseline -0.004 -18"><span class='ocrx_word' id='word_1_111' title='bbox 315 1996 390 2078; x_wconf 88' lang='lat' dir='ltr'><strong>ejus</strong></span> <span class='ocrx_word' id='word_1_112' title='bbox 408 1997 553 2079; x_wconf 90' lang='lat' dir='ltr'><strong>recipiat</strong></span> <span class='ocrx_word' id='word_1_113' title='bbox 570 1997 776 2078; x_wconf 89' lang='lat' dir='ltr'><strong>sapientiam</strong></span> <span class='ocrx_word' id='word_1_114' title='bbox 796 2017 816 2060; x_wconf 89' lang='lat' dir='ltr'><strong>a</strong></span> <span class='ocrx_word' id='word_1_115' title='bbox 835 1996 932 2075; x_wconf 89' lang='lat' dir='ltr'><strong>Deo;</strong></span> <span class='ocrx_word' id='word_1_116' title='bbox 956 2017 1045 2079; x_wconf 91' lang='lat' dir='ltr'><strong>quae</strong></span> <span class='ocrx_word' id='word_1_117' title='bbox 1062 1995 1169 2059; x_wconf 90' lang='lat' dir='ltr'><strong>homo</strong></span> <span class='ocrx_word' id='word_1_118' title='bbox 1187 1995 1294 2058; x_wconf 90' lang='lat' dir='ltr'><strong>etiam</strong></span> <span class='ocrx_word' id='word_1_119' title='bbox 1312 1993 1446 2076; x_wconf 87' lang='lat' dir='ltr'><strong>recipit,</strong></span> 
     </span>
     <span class='ocr_line' id='line_1_15' title="bbox 315 2088 1446 2174; baseline -0.005 -18"><span class='ocrx_word' id='word_1_120' title='bbox 315 2092 400 2156; x_wconf 92' lang='lat' dir='ltr'><strong>dum</strong></span> <span class='ocrx_word' id='word_1_121' title='bbox 419 2093 581 2173; x_wconf 91' lang='lat' dir='ltr'><strong>agnoscit</strong></span> <span class='ocrx_word' id='word_1_122' title='bbox 601 2091 725 2166; x_wconf 89' lang='lat' dir='ltr'><strong>Deum,</strong></span> <span class='ocrx_word' id='word_1_123' title='bbox 745 2101 783 2156; x_wconf 90' lang='lat' dir='ltr'><strong>et</strong></span> <span class='ocrx_word' id='word_1_124' title='bbox 805 2093 891 2156; x_wconf 91' lang='lat' dir='ltr'><strong>vivit</strong></span> <span class='ocrx_word' id='word_1_125' title='bbox 910 2091 1099 2156; x_wconf 89' lang='lat' dir='ltr'><strong>secundum</strong></span> <span class='ocrx_word' id='word_1_126' title='bbox 1118 2099 1305 2174; x_wconf 87' lang='lat' dir='ltr'><strong>praecepta</strong></span> <span class='ocrx_word' id='word_1_127' title='bbox 1323 2088 1446 2171; x_wconf 89' lang='lat' dir='ltr'><strong>Ipsius,</strong></span> 
     </span>
     <span class='ocr_line' id='line_1_16' title="bbox 315 2183 1446 2269; baseline -0.004 -19"><span class='ocrx_word' id='word_1_128' title='bbox 315 2187 380 2250; x_wconf 88' lang='lat' dir='ltr'><strong>sed</strong></span> <span class='ocrx_word' id='word_1_129' title='bbox 396 2187 430 2250; x_wconf 90' lang='lat' dir='ltr'><strong>in</strong></span> <span class='ocrx_word' id='word_1_130' title='bbox 443 2187 565 2249; x_wconf 92' lang='lat' dir='ltr'><strong>minori</strong></span> <span class='ocrx_word' id='word_1_131' title='bbox 577 2197 614 2250; x_wconf 90' lang='lat' dir='ltr'><strong>et</strong></span> <span class='ocrx_word' id='word_1_132' title='bbox 628 2185 746 2268; x_wconf 90' lang='lat' dir='ltr'><strong>majori</strong></span> <span class='ocrx_word' id='word_1_133' title='bbox 758 2187 880 2269; x_wconf 89' lang='lat' dir='ltr'><strong>gradu,</strong></span> <span class='ocrx_word' id='word_1_134' title='bbox 894 2187 982 2252; x_wconf 90' lang='lat' dir='ltr'><strong>sicut</strong></span> <span class='ocrx_word' id='word_1_135' title='bbox 998 2208 1044 2251; x_wconf 87' lang='lat' dir='ltr'><strong>ex</strong></span> <span class='ocrx_word' id='word_1_136' title='bbox 1060 2185 1229 2268; x_wconf 87' lang='lat' dir='ltr'><strong>religione</strong></span> <span class='ocrx_word' id='word_1_137' title='bbox 1242 2185 1308 2248; x_wconf 91' lang='lat' dir='ltr'><strong>scit</strong></span> <span class='ocrx_word' id='word_1_138' title='bbox 1322 2183 1446 2260; x_wconf 91' lang='lat' dir='ltr'><strong>Deum,</strong></span> 
     </span>
     <span class='ocr_line' id='line_1_17' title="bbox 315 2281 1447 2367; baseline -0.002 -20"><span class='ocrx_word' id='word_1_139' title='bbox 315 2291 355 2348; x_wconf 90' lang='lat' dir='ltr'><strong>et</strong></span> <span class='ocrx_word' id='word_1_140' title='bbox 371 2283 437 2346; x_wconf 89' lang='lat' dir='ltr'><strong>scit</strong></span> <span class='ocrx_word' id='word_1_141' title='bbox 453 2293 640 2367; x_wconf 89' lang='lat' dir='ltr'><strong>praecepta</strong></span> <span class='ocrx_word' id='word_1_142' title='bbox 655 2303 663 2360; x_wconf 93' lang='lat'>;</span> <span class='ocrx_word' id='word_1_143' title='bbox 684 2283 827 2364; x_wconf 92' lang='lat' dir='ltr'><strong>proinde</strong></span> <span class='ocrx_word' id='word_1_144' title='bbox 840 2282 929 2346; x_wconf 88' lang='lat' dir='ltr'><strong>sicut</strong></span> <span class='ocrx_word' id='word_1_145' title='bbox 945 2282 1011 2346; x_wconf 90' lang='lat' dir='ltr'><strong>scit</strong></span> <span class='ocrx_word' id='word_1_146' title='bbox 1027 2302 1119 2354; x_wconf 89' lang='lat' dir='ltr'><strong>vera,</strong></span> <span class='ocrx_word' id='word_1_147' title='bbox 1133 2299 1212 2344; x_wconf 90' lang='lat' dir='ltr'><strong>nam</strong></span> <span class='ocrx_word' id='word_1_148' title='bbox 1225 2301 1306 2344; x_wconf 88' lang='lat' dir='ltr'><strong>vera</strong></span> <span class='ocrx_word' id='word_1_149' title='bbox 1318 2281 1447 2345; x_wconf 90' lang='lat' dir='ltr'><strong>docent</strong></span> 
     </span>
     <span class='ocr_line' id='line_1_18' title="bbox 315 2375 1447 2464; baseline -0.004 -22"><span class='ocrx_word' id='word_1_150' title='bbox 315 2379 398 2464; x_wconf 90' lang='lat' dir='ltr'><strong>quid</strong></span> <span class='ocrx_word' id='word_1_151' title='bbox 420 2377 514 2442; x_wconf 90' lang='lat' dir='ltr'><strong>Deus</strong></span> <span class='ocrx_word' id='word_1_152' title='bbox 537 2389 573 2444; x_wconf 91' lang='lat' dir='ltr'><strong>et</strong></span> <span class='ocrx_word' id='word_1_153' title='bbox 597 2379 775 2462; x_wconf 90' lang='lat' dir='ltr'><strong>quomodo</strong></span> <span class='ocrx_word' id='word_1_154' title='bbox 793 2377 1038 2460; x_wconf 92' lang='lat' dir='ltr'><strong>agnoscendus</strong></span> <span class='ocrx_word' id='word_1_155' title='bbox 1059 2387 1125 2453; x_wconf 89' lang='lat' dir='ltr'><strong>est,</strong></span> <span class='ocrx_word' id='word_1_156' title='bbox 1147 2386 1221 2440; x_wconf 93' lang='lat' dir='ltr'><strong>tum</strong></span> <span class='ocrx_word' id='word_1_157' title='bbox 1244 2375 1325 2460; x_wconf 93' lang='lat' dir='ltr'><strong>quid</strong></span> <span class='ocrx_word' id='word_1_158' title='bbox 1347 2395 1447 2457; x_wconf 90' lang='lat' dir='ltr'><strong>prae·</strong></span> 
     </span>
     <span class='ocr_line' id='line_1_19' title="bbox 315 2469 1448 2558; baseline -0.004 -20"><span class='ocrx_word' id='word_1_159' title='bbox 315 2483 423 2557; x_wconf 89' lang='lat' dir='ltr'><strong>cepta</strong></span> <span class='ocrx_word' id='word_1_160' title='bbox 452 2484 489 2537; x_wconf 90' lang='lat' dir='ltr'><strong>et</strong></span> <span class='ocrx_word' id='word_1_161' title='bbox 517 2474 696 2558; x_wconf 89' lang='lat' dir='ltr'><strong>quomodo</strong></span> <span class='ocrx_word' id='word_1_162' title='bbox 718 2474 904 2538; x_wconf 90' lang='lat' dir='ltr'><strong>vivendum</strong></span> <span class='ocrx_word' id='word_1_163' title='bbox 927 2471 1115 2538; x_wconf 90' lang='lat' dir='ltr'><strong>secundum</strong></span> <span class='ocrx_word' id='word_1_164' title='bbox 1138 2471 1209 2536; x_wconf 89' lang='lat' dir='ltr'><strong>illa.</strong></span> <span class='ocrx_word' id='word_1_165' title='bbox 1247 2477 1306 2537; x_wconf 76' lang='grc'>[6.]</span> <span class='ocrx_word' id='word_1_166' title='bbox 1325 2469 1448 2552; x_wconf 88' lang='lat' dir='ltr'><strong>Imago</strong></span> 
     </span>
     <span class='ocr_line' id='line_1_20' title="bbox 318 2565 1445 2651; baseline -0.007 -16"><span class='ocrx_word' id='word_1_167' title='bbox 318 2570 384 2635; x_wconf 90' lang='lat' dir='ltr'><strong>Dei</strong></span> <span class='ocrx_word' id='word_1_168' title='bbox 403 2579 439 2634; x_wconf 90' lang='lat' dir='ltr'><strong>et</strong></span> <span class='ocrx_word' id='word_1_169' title='bbox 458 2571 648 2635; x_wconf 90' lang='lat' dir='ltr'><strong>similitudo</strong></span> <span class='ocrx_word' id='word_1_170' title='bbox 664 2569 730 2634; x_wconf 92' lang='lat' dir='ltr'><strong>Dei</strong></span> <span class='ocrx_word' id='word_1_171' title='bbox 748 2589 818 2634; x_wconf 91' lang='lat' dir='ltr'><strong>non</strong></span> <span class='ocrx_word' id='word_1_172' title='bbox 835 2579 916 2634; x_wconf 92' lang='lat' dir='ltr'><strong>sunt</strong></span> <span class='ocrx_word' id='word_1_173' title='bbox 933 2568 1136 2651; x_wconf 89' lang='lat' dir='ltr'><strong>deperditae</strong></span> <span class='ocrx_word' id='word_1_174' title='bbox 1152 2565 1244 2650; x_wconf 89' lang='lat' dir='ltr'><strong>apud</strong></span> <span class='ocrx_word' id='word_1_175' title='bbox 1259 2565 1445 2640; x_wconf 91' lang='lat' dir='ltr'><strong>hominem,</strong></span> 
     </span>
     <span class='ocr_line' id='line_1_21' title="bbox 316 2659 1447 2748; baseline -0.005 -18"><span class='ocrx_word' id='word_1_176' title='bbox 316 2667 379 2730; x_wconf 90' lang='lat' dir='ltr'><strong>sed</strong></span> <span class='ocrx_word' id='word_1_177' title='bbox 392 2675 473 2730; x_wconf 90' lang='lat' dir='ltr'><strong>sunt</strong></span> <span class='ocrx_word' id='word_1_178' title='bbox 484 2667 574 2730; x_wconf 92' lang='lat' dir='ltr'><strong>sicut</strong></span> <span class='ocrx_word' id='word_1_179' title='bbox 586 2665 787 2748; x_wconf 87' lang='lat' dir='ltr'><strong>deperditae</strong></span> <span class='ocrx_word' id='word_1_180' title='bbox 800 2687 808 2744; x_wconf 92' lang='grc'><strong>;</strong></span> <span class='ocrx_word' id='word_1_181' title='bbox 830 2674 974 2729; x_wconf 90' lang='lat' dir='ltr'><strong>manent</strong></span> <span class='ocrx_word' id='word_1_182' title='bbox 987 2663 1079 2728; x_wconf 89' lang='lat' dir='ltr'><strong>enim</strong></span> <span class='ocrx_word' id='word_1_183' title='bbox 1091 2663 1215 2727; x_wconf 91' lang='lat' dir='ltr'><strong>insitae</strong></span> <span class='ocrx_word' id='word_1_184' title='bbox 1228 2661 1263 2725; x_wconf 90' lang='lat' dir='ltr'><strong>in</strong></span> <span class='ocrx_word' id='word_1_185' title='bbox 1275 2660 1363 2723; x_wconf 91' lang='lat' dir='ltr'><strong>binis</strong></span> <span class='ocrx_word' id='word_1_186' title='bbox 1374 2659 1447 2742; x_wconf 87' lang='lat' dir='ltr'><strong>ejus</strong></span> 
     </span>
     <span class='ocr_line' id='line_1_22' title="bbox 315 2754 1446 2843; baseline -0.004 -19"><span class='ocrx_word' id='word_1_187' title='bbox 315 2760 551 2836; x_wconf 76' lang='lat' dir='ltr'><strong>facultatibus,</strong></span> <span class='ocrx_word' id='word_1_188' title='bbox 566 2781 654 2843; x_wconf 90' lang='lat' dir='ltr'><strong>quae</strong></span> <span class='ocrx_word' id='word_1_189' title='bbox 669 2770 838 2825; x_wconf 90' lang='lat' dir='ltr'><strong>vocantur</strong></span> <span class='ocrx_word' id='word_1_190' title='bbox 853 2760 998 2824; x_wconf 90' lang='lat' dir='ltr'><strong>libertas</strong></span> <span class='ocrx_word' id='word_1_191' title='bbox 1014 2768 1050 2825; x_wconf 91' lang='lat' dir='ltr'><strong>et</strong></span> <span class='ocrx_word' id='word_1_192' title='bbox 1066 2754 1296 2832; x_wconf 89' lang='lat' dir='ltr'><strong>rationalitas,</strong></span> <span class='ocrx_word' id='word_1_193' title='bbox 1313 2756 1357 2820; x_wconf 92' lang='lat' dir='ltr'><strong>de</strong></span> <span class='ocrx_word' id='word_1_194' title='bbox 1373 2755 1446 2839; x_wconf 90' lang='lat' dir='ltr'><strong>qui·</strong></span> 
     </span>
     <span class='ocr_line' id='line_1_23' title="bbox 316 2851 1446 2937; baseline -0.005 -17"><span class='ocrx_word' id='word_1_195' title='bbox 316 2855 382 2920; x_wconf 89' lang='lat' dir='ltr'><strong>bus</strong></span> <span class='ocrx_word' id='word_1_196' title='bbox 401 2875 504 2937; x_wconf 89' lang='lat' dir='ltr'><strong>supra</strong></span> <span class='ocrx_word' id='word_1_197' title='bbox 522 2854 641 2919; x_wconf 89' lang='lat' dir='ltr'><strong>multis</strong></span> <span class='ocrx_word' id='word_1_198' title='bbox 659 2851 774 2919; x_wconf 64' lang='lat' dir='ltr'><strong>adium</strong></span> <span class='ocrx_word' id='word_1_199' title='bbox 793 2865 868 2919; x_wconf 91' lang='lat' dir='ltr'><strong>est:</strong></span> <span class='ocrx_word' id='word_1_200' title='bbox 892 2851 1004 2919; x_wconf 69' lang='lat' dir='ltr'><strong>sanae</strong></span> <span class='ocrx_word' id='word_1_201' title='bbox 1024 2863 1105 2918; x_wconf 91' lang='lat' dir='ltr'><strong>sunt</strong></span> <span class='ocrx_word' id='word_1_202' title='bbox 1123 2855 1213 2917; x_wconf 87' lang='lat' dir='ltr'><strong>sicut</strong></span> <span class='ocrx_word' id='word_1_203' title='bbox 1232 2851 1446 2935; x_wconf 88' lang='lat' dir='ltr'><strong>deperditae,</strong></span> 
     </span>
     <span class='ocr_line' id='line_1_24' title="bbox 315 2944 1446 3032; baseline -0.003 -21"><span class='ocrx_word' id='word_1_204' title='bbox 315 2966 396 3012; x_wconf 88' lang='lat' dir='ltr'><strong>cum</strong></span> <span class='ocrx_word' id='word_1_205' title='bbox 427 2947 534 3012; x_wconf 92' lang='lat' dir='ltr'><strong>homo</strong></span> <span class='ocrx_word' id='word_1_206' title='bbox 562 2948 644 3013; x_wconf 86' lang='lat' dir='ltr'><strong>iecit</strong></span> <span class='ocrx_word' id='word_1_207' title='bbox 676 2947 935 3032; x_wconf 88' lang='lat' dir='ltr'><strong>receptaculum</strong></span> <span class='ocrx_word' id='word_1_208' title='bbox 960 2947 1074 3012; x_wconf 89' lang='lat' dir='ltr'><strong>Divini</strong></span> <span class='ocrx_word' id='word_1_209' title='bbox 1097 2946 1250 3023; x_wconf 89' lang='lat' dir='ltr'><strong>Amoris,</strong></span> <span class='ocrx_word' id='word_1_210' title='bbox 1273 2944 1365 3028; x_wconf 92' lang='lat' dir='ltr'><strong>quod</strong></span> <span class='ocrx_word' id='word_1_211' title='bbox 1391 2953 1446 3008; x_wconf 89' lang='lat' dir='ltr'><strong>est</strong></span> 
     </span>
     <span class='ocr_line' id='line_1_25' title="bbox 316 3037 1447 3126; baseline -0.003 -20"><span class='ocrx_word' id='word_1_212' title='bbox 316 3043 482 3107; x_wconf 88' lang='lat' dir='ltr'><strong>voluntas</strong></span> <span class='ocrx_word' id='word_1_213' title='bbox 511 3042 595 3125; x_wconf 88' lang='lat' dir='ltr'><strong>ejus,</strong></span> <span class='ocrx_word' id='word_1_214' title='bbox 616 3041 874 3126; x_wconf 87' lang='lat' dir='ltr'><strong>receptaculum</strong></span> <span class='ocrx_word' id='word_1_215' title='bbox 893 3043 1021 3106; x_wconf 88' lang='lat' dir='ltr'><strong>amoris</strong></span> <span class='ocrx_word' id='word_1_216' title='bbox 1042 3041 1105 3118; x_wconf 89' lang='lat' dir='ltr'><strong>sui,</strong></span> <span class='ocrx_word' id='word_1_217' title='bbox 1126 3061 1166 3106; x_wconf 96' lang='lat' dir='ltr'><strong>ac</strong></span> <span class='ocrx_word' id='word_1_218' title='bbox 1189 3037 1447 3122; x_wconf 90' lang='lat' dir='ltr'><strong>receptaculum</strong></span> 
     </span>
     <span class='ocr_line' id='line_1_26' title="bbox 317 3133 1446 3222; baseline -0.004 -20"><span class='ocrx_word' id='word_1_219' title='bbox 317 3137 465 3202; x_wconf 90' lang='lat' dir='ltr'><strong>Divinae</strong></span> <span class='ocrx_word' id='word_1_220' title='bbox 478 3136 688 3221; x_wconf 90' lang='lat' dir='ltr'><strong>Sapientiae,</strong></span> <span class='ocrx_word' id='word_1_221' title='bbox 703 3138 795 3222; x_wconf 92' lang='lat' dir='ltr'><strong>quod</strong></span> <span class='ocrx_word' id='word_1_222' title='bbox 808 3147 863 3202; x_wconf 88' lang='lat' dir='ltr'><strong>est</strong></span> <span class='ocrx_word' id='word_1_223' title='bbox 879 3134 1078 3202; x_wconf 75' lang='lat' dir='ltr'><strong>intelledtus</strong></span> <span class='ocrx_word' id='word_1_224' title='bbox 1093 3136 1176 3218; x_wconf 86' lang='lat' dir='ltr'><strong>ejus,</strong></span> <span class='ocrx_word' id='word_1_225' title='bbox 1189 3133 1446 3220; x_wconf 86' lang='lat' dir='ltr'><strong>receptaculum</strong></span> 
     </span>
     <span class='ocr_line' id='line_1_27' title="bbox 315 3227 1447 3314; baseline -0.004 -20"><span class='ocrx_word' id='word_1_226' title='bbox 315 3233 474 3314; x_wconf 91' lang='lat' dir='ltr'><strong>propriae</strong></span> <span class='ocrx_word' id='word_1_227' title='bbox 487 3232 752 3314; x_wconf 87' lang='lat' dir='ltr'><strong>intelligentiae.</strong></span> <span class='ocrx_word' id='word_1_228' title='bbox 798 3231 862 3295; x_wconf 90' lang='lat' dir='ltr'><strong>Per</strong></span> <span class='ocrx_word' id='word_1_229' title='bbox 873 3232 907 3295; x_wconf 93' lang='lat' dir='ltr'><strong>id</strong></span> <span class='ocrx_word' id='word_1_230' title='bbox 920 3232 1063 3296; x_wconf 91' lang='lat' dir='ltr'><strong>invertit</strong></span> <span class='ocrx_word' id='word_1_231' title='bbox 1075 3230 1262 3313; x_wconf 84' lang='lat' dir='ltr'><strong>imaginem</strong></span> <span class='ocrx_word' id='word_1_232' title='bbox 1276 3235 1312 3292; x_wconf 91' lang='lat' dir='ltr'><strong>et</strong></span> <span class='ocrx_word' id='word_1_233' title='bbox 1328 3227 1447 3292; x_wconf 89' lang='lat' dir='ltr'><strong>simili·</strong></span> 
     </span>
     <span class='ocr_line' id='line_1_28' title="bbox 317 3323 1447 3409; baseline -0.005 -17"><span class='ocrx_word' id='word_1_234' title='bbox 317 3328 475 3392; x_wconf 90' lang='lat' dir='ltr'><strong>tudinem</strong></span> <span class='ocrx_word' id='word_1_235' title='bbox 493 3327 569 3402; x_wconf 91' lang='lat' dir='ltr'><strong>Dei,</strong></span> <span class='ocrx_word' id='word_1_236' title='bbox 587 3327 716 3392; x_wconf 89' lang='lat' dir='ltr'><strong>avertit</strong></span> <span class='ocrx_word' id='word_1_237' title='bbox 736 3327 827 3392; x_wconf 92' lang='lat' dir='ltr'><strong>enim</strong></span> <span class='ocrx_word' id='word_1_238' title='bbox 846 3326 907 3390; x_wconf 89' lang='lat' dir='ltr'><strong>illa</strong></span> <span class='ocrx_word' id='word_1_239' title='bbox 925 3325 1146 3409; x_wconf 90' lang='lat' dir='ltr'><strong>receptacula</strong></span> <span class='ocrx_word' id='word_1_240' title='bbox 1163 3345 1185 3388; x_wconf 94' lang='lat' dir='ltr'><strong>a</strong></span> <span class='ocrx_word' id='word_1_241' title='bbox 1203 3323 1291 3400; x_wconf 91' lang='lat' dir='ltr'><strong>Deo,</strong></span> <span class='ocrx_word' id='word_1_242' title='bbox 1308 3331 1344 3388; x_wconf 93' lang='lat' dir='ltr'><strong>et</strong></span> <span class='ocrx_word' id='word_1_243' title='bbox 1363 3343 1447 3388; x_wconf 91' lang='lat' dir='ltr'><strong>con-</strong></span> 
     </span>
     <span class='ocr_line' id='line_1_29' title="bbox 316 3416 1448 3504; baseline -0.001 -18"><span class='ocrx_word' id='word_1_244' title='bbox 316 3425 421 3486; x_wconf 88' lang='lat' dir='ltr'><strong>vertit</strong></span> <span class='ocrx_word' id='word_1_245' title='bbox 441 3422 502 3486; x_wconf 93' lang='lat' dir='ltr'><strong>illa</strong></span> <span class='ocrx_word' id='word_1_246' title='bbox 520 3423 564 3486; x_wconf 90' lang='lat' dir='ltr'><strong>ad</strong></span> <span class='ocrx_word' id='word_1_247' title='bbox 583 3443 621 3487; x_wconf 90' lang='lat' dir='ltr'><strong>se</strong></span> <span class='ocrx_word' id='word_1_248' title='bbox 632 3441 651 3486; x_wconf 75' lang='grc' dir='ltr'><strong>τ.</strong></span> <span class='ocrx_word' id='word_1_249' title='bbox 665 3423 746 3488; x_wconf 91' lang='lat' dir='ltr'><strong>inde</strong></span> <span class='ocrx_word' id='word_1_250' title='bbox 764 3431 830 3498; x_wconf 90' lang='lat' dir='ltr'><strong>est,</strong></span> <span class='ocrx_word' id='word_1_251' title='bbox 847 3420 939 3504; x_wconf 91' lang='lat' dir='ltr'><strong>quod</strong></span> <span class='ocrx_word' id='word_1_252' title='bbox 958 3420 1018 3485; x_wconf 94' lang='lat' dir='ltr'><strong>illa</strong></span> <span class='ocrx_word' id='word_1_253' title='bbox 1034 3440 1137 3503; x_wconf 90' lang='lat' dir='ltr'><strong>supra</strong></span> <span class='ocrx_word' id='word_1_254' title='bbox 1152 3416 1293 3484; x_wconf 89' lang='lat' dir='ltr'><strong>occlusa</strong></span> <span class='ocrx_word' id='word_1_255' title='bbox 1310 3419 1394 3496; x_wconf 91' lang='lat' dir='ltr'><strong>sint,</strong></span> <span class='ocrx_word' id='word_1_256' title='bbox 1410 3428 1448 3485; x_wconf 92' lang='lat' dir='ltr'><strong>et</strong></span> 
     </span>
     <span class='ocr_line' id='line_1_30' title="bbox 315 3516 1447 3602; baseline -0.002 -20"><span class='ocrx_word' id='word_1_257' title='bbox 315 3518 403 3582; x_wconf 87' lang='lat' dir='ltr'><strong>inira</strong></span> <span class='ocrx_word' id='word_1_258' title='bbox 421 3527 554 3602; x_wconf 89' lang='lat' dir='ltr'><strong>aperta,</strong></span> <span class='ocrx_word' id='word_1_259' title='bbox 574 3539 635 3584; x_wconf 90' lang='lat' dir='ltr'><strong>seu</strong></span> <span class='ocrx_word' id='word_1_260' title='bbox 654 3518 745 3602; x_wconf 90' lang='lat' dir='ltr'><strong>quod</strong></span> <span class='ocrx_word' id='word_1_261' title='bbox 769 3539 790 3582; x_wconf 91' lang='lat' dir='ltr'><strong>a</strong></span> <span class='ocrx_word' id='word_1_262' title='bbox 811 3517 897 3582; x_wconf 79' lang='lat' dir='ltr'><strong>facie</strong></span> <span class='ocrx_word' id='word_1_263' title='bbox 916 3516 1057 3581; x_wconf 90' lang='lat' dir='ltr'><strong>occlusa</strong></span> <span class='ocrx_word' id='word_1_264' title='bbox 1074 3523 1111 3580; x_wconf 90' lang='lat' dir='ltr'><strong>et</strong></span> <span class='ocrx_word' id='word_1_265' title='bbox 1134 3535 1155 3578; x_wconf 91' lang='lat' dir='ltr'><strong>a</strong></span> <span class='ocrx_word' id='word_1_266' title='bbox 1177 3523 1280 3596; x_wconf 90' lang='lat' dir='ltr'><strong>tergo</strong></span> <span class='ocrx_word' id='word_1_267' title='bbox 1302 3525 1447 3598; x_wconf 88' lang='lat' dir='ltr'><strong>aperta;</strong></span> 
     </span>
     <span class='ocr_line' id='line_1_31' title="bbox 315 3611 1448 3694; baseline -0.003 -16"><span class='ocrx_word' id='word_1_268' title='bbox 315 3632 395 3678; x_wconf 87' lang='lat' dir='ltr'><strong>cum</strong></span> <span class='ocrx_word' id='word_1_269' title='bbox 416 3623 535 3678; x_wconf 89' lang='lat' dir='ltr'><strong>tamen</strong></span> <span class='ocrx_word' id='word_1_270' title='bbox 558 3635 579 3679; x_wconf 93' lang='lat' dir='ltr'><strong>a</strong></span> <span class='ocrx_word' id='word_1_271' title='bbox 601 3614 777 3679; x_wconf 89' lang='lat' dir='ltr'><strong>creatione</strong></span> <span class='ocrx_word' id='word_1_272' title='bbox 795 3613 932 3678; x_wconf 83' lang='lat' dir='ltr'><strong>fuerunt</strong></span> <span class='ocrx_word' id='word_1_273' title='bbox 955 3633 976 3676; x_wconf 92' lang='lat' dir='ltr'><strong>a</strong></span> <span class='ocrx_word' id='word_1_274' title='bbox 1001 3611 1089 3677; x_wconf 77' lang='lat' dir='ltr'><strong>facie</strong></span> <span class='ocrx_word' id='word_1_275' title='bbox 1107 3617 1229 3694; x_wconf 88' lang='lat' dir='ltr'><strong>aperta</strong></span> <span class='ocrx_word' id='word_1_276' title='bbox 1247 3617 1284 3674; x_wconf 90' lang='lat' dir='ltr'><strong>et</strong></span> <span class='ocrx_word' id='word_1_277' title='bbox 1308 3618 1448 3693; x_wconf 90' lang='lat' dir='ltr'><strong>atergo</strong></span> 
     </span>
     <span class='ocr_line' id='line_1_32' title="bbox 315 3705 1446 3792; baseline -0.004 -18"><span class='ocrx_word' id='word_1_278' title='bbox 315 3709 475 3774; x_wconf 88' lang='lat' dir='ltr'><strong>occlusa:</strong></span> <span class='ocrx_word' id='word_1_279' title='bbox 496 3720 532 3776; x_wconf 91' lang='lat' dir='ltr'><strong>et</strong></span> <span class='ocrx_word' id='word_1_280' title='bbox 545 3729 623 3774; x_wconf 91' lang='lat' dir='ltr'><strong>cum</strong></span> <span class='ocrx_word' id='word_1_281' title='bbox 636 3709 696 3774; x_wconf 92' lang='lat' dir='ltr'><strong>illa</strong></span> <span class='ocrx_word' id='word_1_282' title='bbox 708 3710 758 3774; x_wconf 87' lang='lat' dir='ltr'><strong>ita</strong></span> <span class='ocrx_word' id='word_1_283' title='bbox 770 3709 904 3774; x_wconf 88' lang='lat' dir='ltr'><strong>inverse</strong></span> <span class='ocrx_word' id='word_1_284' title='bbox 916 3717 1039 3792; x_wconf 86' lang='lat' dir='ltr'><strong>aperta</strong></span> <span class='ocrx_word' id='word_1_285' title='bbox 1050 3716 1087 3774; x_wconf 91' lang='lat' dir='ltr'><strong>et</strong></span> <span class='ocrx_word' id='word_1_286' title='bbox 1103 3705 1243 3772; x_wconf 88' lang='lat' dir='ltr'><strong>occlusa</strong></span> <span class='ocrx_word' id='word_1_287' title='bbox 1256 3715 1349 3782; x_wconf 91' lang='lat' dir='ltr'><strong>sunt,</strong></span> <span class='ocrx_word' id='word_1_288' title='bbox 1364 3715 1446 3770; x_wconf 91' lang='lat' dir='ltr'><strong>tunc</strong></span> 
     </span>
     <span class='ocr_line' id='line_1_33' title="bbox 315 3801 1447 3888; baseline -0.004 -20"><span class='ocrx_word' id='word_1_289' title='bbox 315 3804 576 3888; x_wconf 89' lang='lat' dir='ltr'><strong>receptaculum</strong></span> <span class='ocrx_word' id='word_1_290' title='bbox 594 3806 722 3870; x_wconf 90' lang='lat' dir='ltr'><strong>amoris</strong></span> <span class='ocrx_word' id='word_1_291' title='bbox 740 3825 802 3869; x_wconf 89' lang='lat' dir='ltr'><strong>seu</strong></span> <span class='ocrx_word' id='word_1_292' title='bbox 821 3805 984 3870; x_wconf 89' lang='lat' dir='ltr'><strong>voluntas</strong></span> <span class='ocrx_word' id='word_1_293' title='bbox 1002 3803 1124 3888; x_wconf 89' lang='lat' dir='ltr'><strong>recipit</strong></span> <span class='ocrx_word' id='word_1_294' title='bbox 1141 3801 1307 3868; x_wconf 90' lang='lat' dir='ltr'><strong>influxum</strong></span> <span class='ocrx_word' id='word_1_295' title='bbox 1327 3822 1372 3865; x_wconf 85' lang='lat' dir='ltr'><strong>ex</strong></span> <span class='ocrx_word' id='word_1_296' title='bbox 1395 3801 1447 3865; x_wconf 91' lang='lat' dir='ltr'><strong>in·</strong></span> 
     </span>
     <span class='ocr_line' id='line_1_34' title="bbox 314 3897 1447 3986; baseline -0.002 -22"><span class='ocrx_word' id='word_1_297' title='bbox 314 3899 413 3965; x_wconf 83' lang='lat' dir='ltr'><strong>ierno</strong></span> <span class='ocrx_word' id='word_1_298' title='bbox 432 3921 491 3966; x_wconf 91' lang='lat' dir='ltr'><strong>seu</strong></span> <span class='ocrx_word' id='word_1_299' title='bbox 511 3923 532 3966; x_wconf 91' lang='lat' dir='ltr'><strong>a</strong></span> <span class='ocrx_word' id='word_1_300' title='bbox 554 3923 616 3967; x_wconf 88' lang='lat' dir='ltr'><strong>suo</strong></span> <span class='ocrx_word' id='word_1_301' title='bbox 634 3903 785 3986; x_wconf 91' lang='lat' dir='ltr'><strong>proprio,</strong></span> <span class='ocrx_word' id='word_1_302' title='bbox 802 3901 961 3966; x_wconf 90' lang='lat' dir='ltr'><strong>similiter</strong></span> <span class='ocrx_word' id='word_1_303' title='bbox 979 3900 1237 3984; x_wconf 88' lang='lat' dir='ltr'><strong>receptaculum</strong></span> <span class='ocrx_word' id='word_1_304' title='bbox 1257 3897 1447 3982; x_wconf 89' lang='lat' dir='ltr'><strong>sapientiae</strong></span> 
     </span>
     <span class='ocr_line' id='line_1_35' title="bbox 315 3993 1447 4062; baseline -0.005 -2"><span class='ocrx_word' id='word_1_305' title='bbox 315 4015 377 4060; x_wconf 91' lang='lat' dir='ltr'><strong>seu</strong></span> <span class='ocrx_word' id='word_1_306' title='bbox 389 3995 597 4062; x_wconf 73' lang='lat' dir='ltr'><strong>intellectus.</strong></span> <span class='ocrx_word' id='word_1_307' title='bbox 644 3995 731 4061; x_wconf 90' lang='lat' dir='ltr'><strong>Inde</strong></span> <span class='ocrx_word' id='word_1_308' title='bbox 747 3996 781 4061; x_wconf 92' lang='lat' dir='ltr'><strong>in</strong></span> <span class='ocrx_word' id='word_1_309' title='bbox 795 3997 950 4061; x_wconf 88' lang='lat' dir='ltr'><strong>ecclesiis</strong></span> <span class='ocrx_word' id='word_1_310' title='bbox 963 4005 1059 4060; x_wconf 89' lang='lat' dir='ltr'><strong>ortus</strong></span> <span class='ocrx_word' id='word_1_311' title='bbox 1071 4005 1127 4060; x_wconf 89' lang='lat' dir='ltr'><strong>est</strong></span> <span class='ocrx_word' id='word_1_312' title='bbox 1143 3994 1256 4059; x_wconf 90' lang='lat' dir='ltr'><strong>cultus</strong></span> <span class='ocrx_word' id='word_1_313' title='bbox 1270 3993 1447 4058; x_wconf 91' lang='lat' dir='ltr'><strong>hominum</strong></span> 
     </span>
     <span class='ocr_line' id='line_1_36' title="bbox 315 4087 1446 4169; baseline -0.004 -14"><span class='ocrx_word' id='word_1_314' title='bbox 315 4089 396 4156; x_wconf 93' lang='lat' dir='ltr'><strong>loco</strong></span> <span class='ocrx_word' id='word_1_315' title='bbox 414 4091 528 4158; x_wconf 85' lang='lat' dir='ltr'><strong>cultus</strong></span> <span class='ocrx_word' id='word_1_316' title='bbox 545 4093 622 4169; x_wconf 92' lang='lat' dir='ltr'><strong>Dei,</strong></span> <span class='ocrx_word' id='word_1_317' title='bbox 639 4111 679 4156; x_wconf 88' lang='lat' dir='ltr'><strong>ac</strong></span> <span class='ocrx_word' id='word_1_318' title='bbox 700 4092 813 4157; x_wconf 89' lang='lat' dir='ltr'><strong>cultus</strong></span> <span class='ocrx_word' id='word_1_319' title='bbox 832 4113 877 4156; x_wconf 88' lang='lat' dir='ltr'><strong>ex</strong></span> <span class='ocrx_word' id='word_1_320' title='bbox 895 4089 1059 4156; x_wconf 68' lang='lat' dir='ltr'><strong>doitrinis</strong></span> <span class='ocrx_word' id='word_1_321' title='bbox 1077 4090 1153 4155; x_wconf 85' lang='lat' dir='ltr'><strong>falsi</strong></span> <span class='ocrx_word' id='word_1_322' title='bbox 1173 4089 1252 4155; x_wconf 94' lang='lat' dir='ltr'><strong>loco</strong></span> <span class='ocrx_word' id='word_1_323' title='bbox 1271 4087 1383 4153; x_wconf 92' lang='lat' dir='ltr'><strong>cultus</strong></span> <span class='ocrx_word' id='word_1_324' title='bbox 1401 4108 1446 4151; x_wconf 86' lang='lat' dir='ltr'><strong>ex</strong></span> 
     </span>
     <span class='ocr_line' id='line_1_37' title="bbox 315 4185 1447 4272; baseline -0.004 -22"><span class='ocrx_word' id='word_1_325' title='bbox 315 4185 482 4252; x_wconf 68' lang='lat' dir='ltr'><strong>doctrinis</strong></span> <span class='ocrx_word' id='word_1_326' title='bbox 501 4190 584 4265; x_wconf 90' lang='lat' dir='ltr'><strong>veri,</strong></span> <span class='ocrx_word' id='word_1_327' title='bbox 604 4189 659 4253; x_wconf 93' lang='lat' dir='ltr'><strong>hic</strong></span> <span class='ocrx_word' id='word_1_328' title='bbox 683 4209 729 4254; x_wconf 90' lang='lat' dir='ltr'><strong>ex</strong></span> <span class='ocrx_word' id='word_1_329' title='bbox 753 4189 891 4272; x_wconf 90' lang='lat' dir='ltr'><strong>propria</strong></span> <span class='ocrx_word' id='word_1_330' title='bbox 913 4187 1158 4270; x_wconf 88' lang='lat' dir='ltr'><strong>intelligentia,</strong></span> <span class='ocrx_word' id='word_1_331' title='bbox 1178 4185 1237 4250; x_wconf 92' lang='lat' dir='ltr'><strong>ille</strong></span> <span class='ocrx_word' id='word_1_332' title='bbox 1261 4205 1306 4249; x_wconf 86' lang='lat' dir='ltr'><strong>ex</strong></span> <span class='ocrx_word' id='word_1_333' title='bbox 1330 4202 1447 4247; x_wconf 89' lang='lat' dir='ltr'><strong>amore</strong></span> 
     </span>
    </p>
   </div>
   <div class='ocr_carea' id='block_1_3' title="bbox 313 4279 1447 4741">
    <p class='ocr_par' dir='ltr' id='par_1_3' title="bbox 313 4279 1447 4741">
     <span class='ocr_line' id='line_1_38' title="bbox 314 4279 1446 4370; baseline -0.004 -24"><span class='ocrx_word' id='word_1_334' title='bbox 314 4284 377 4348; x_wconf 89' lang='lat' dir='ltr'><strong>sui.</strong></span> <span class='ocrx_word' id='word_1_335' title='bbox 423 4284 480 4349; x_wconf 86' lang='lat' dir='ltr'><strong>Ex</strong></span> <span class='ocrx_word' id='word_1_336' title='bbox 499 4284 552 4350; x_wconf 76' lang='lat' dir='ltr'><strong>tris</strong></span> <span class='ocrx_word' id='word_1_337' title='bbox 572 4293 683 4369; x_wconf 90' lang='lat' dir='ltr'><strong>patet,</strong></span> <span class='ocrx_word' id='word_1_338' title='bbox 701 4285 793 4370; x_wconf 91' lang='lat' dir='ltr'><strong>quod</strong></span> <span class='ocrx_word' id='word_1_339' title='bbox 810 4285 932 4368; x_wconf 88' lang='lat' dir='ltr'><strong>religio</strong></span> <span class='ocrx_word' id='word_1_340' title='bbox 946 4303 1110 4348; x_wconf 87' lang='lat' dir='ltr'><strong>successu</strong></span> <span class='ocrx_word' id='word_1_341' title='bbox 1125 4281 1293 4365; x_wconf 87' lang='lat' dir='ltr'><strong>temporis</strong></span> <span class='ocrx_word' id='word_1_342' title='bbox 1308 4279 1446 4344; x_wconf 90' lang='lat' dir='ltr'><strong>decres-</strong></span> 
     </span>
     <span class='ocr_line' id='line_1_39' title="bbox 314 4372 1447 4464; baseline -0.006 -22"><span class='ocrx_word' id='word_1_343' title='bbox 314 4387 374 4443; x_wconf 89' lang='lat' dir='ltr'><strong>cat</strong></span> <span class='ocrx_word' id='word_1_344' title='bbox 397 4390 433 4444; x_wconf 91' lang='lat' dir='ltr'><strong>et</strong></span> <span class='ocrx_word' id='word_1_345' title='bbox 457 4389 718 4447; x_wconf 90' lang='lat' dir='ltr'><strong>consummetur</strong></span> <span class='ocrx_word' id='word_1_346' title='bbox 741 4401 801 4464; x_wconf 90' lang='lat' dir='ltr'><strong>per</strong></span> <span class='ocrx_word' id='word_1_347' title='bbox 824 4380 1057 4445; x_wconf 85' lang='lat' dir='ltr'><strong>lnversionem</strong></span> <span class='ocrx_word' id='word_1_348' title='bbox 1080 4376 1242 4459; x_wconf 88' lang='lat' dir='ltr'><strong>imaginis</strong></span> <span class='ocrx_word' id='word_1_349' title='bbox 1268 4374 1333 4438; x_wconf 87' lang='lat' dir='ltr'><strong>Dei</strong></span> <span class='ocrx_word' id='word_1_350' title='bbox 1356 4372 1447 4456; x_wconf 87' lang='lat' dir='ltr'><strong>apud</strong></span> 
     </span>
     <span class='ocr_line' id='line_1_40' title="bbox 315 4467 1447 4554; baseline -0.005 -17"><span class='ocrx_word' id='word_1_351' title='bbox 315 4472 503 4541; x_wconf 90' lang='lat' dir='ltr'><strong>hominem.</strong></span> <span class='ocrx_word' id='word_1_352' title='bbox 550 4484 608 4544; x_wconf 87' lang='grc'><strong>[7.]</strong></span> <span class='ocrx_word' id='word_1_353' title='bbox 642 4475 821 4542; x_wconf 89' lang='lat' dir='ltr'><strong>Tertium:</strong></span> <span class='ocrx_word' id='word_1_354' title='bbox 859 4474 957 4554; x_wconf 81' lang='lat' dir='ltr'><em>Quod</em></span> <span class='ocrx_word' id='word_1_355' title='bbox 978 4473 1038 4538; x_wconf 88' lang='lat' dir='ltr'><strong>lroc</strong></span> <span class='ocrx_word' id='word_1_356' title='bbox 1058 4473 1188 4537; x_wconf 78' lang='lat' dir='ltr'><strong>existat</strong></span> <span class='ocrx_word' id='word_1_357' title='bbox 1216 4492 1260 4535; x_wconf 78' lang='lat' dir='ltr'><strong>ex</strong></span> <span class='ocrx_word' id='word_1_358' title='bbox 1283 4467 1447 4534; x_wconf 81' lang='lat' dir='ltr'><strong>continuis</strong></span> 
     </span>
     <span class='ocr_line' id='line_1_41' title="bbox 313 4563 1445 4653; baseline -0.004 -21"><span class='ocrx_word' id='word_1_359' title='bbox 313 4567 526 4635; x_wconf 77' lang='lat' dir='ltr'><strong>incrementis</strong></span> <span class='ocrx_word' id='word_1_360' title='bbox 544 4572 631 4636; x_wconf 86' lang='lat' dir='ltr'><strong>mali</strong></span> <span class='ocrx_word' id='word_1_361' title='bbox 645 4571 852 4637; x_wconf 75' lang='lat' dir='ltr'><strong>hereditarii</strong></span> <span class='ocrx_word' id='word_1_362' title='bbox 866 4571 902 4636; x_wconf 86' lang='lat' dir='ltr'><strong>in</strong></span> <span class='ocrx_word' id='word_1_363' title='bbox 915 4566 1204 4653; x_wconf 82' lang='lat' dir='ltr'><strong>generationibus.</strong></span> <span class='ocrx_word' id='word_1_364' title='bbox 1251 4563 1354 4648; x_wconf 85' lang='lat' dir='ltr'><strong>Quod</strong></span> <span class='ocrx_word' id='word_1_365' title='bbox 1373 4583 1445 4627; x_wconf 91' lang='lat' dir='ltr'><strong>ma·</strong></span> 
     </span>
     <span class='ocr_line' id='line_1_42' title="bbox 314 4655 1446 4741; baseline -0.007 -13"><span class='ocrx_word' id='word_1_366' title='bbox 314 4662 386 4730; x_wconf 93' lang='lat' dir='ltr'><strong>lum</strong></span> <span class='ocrx_word' id='word_1_367' title='bbox 402 4666 646 4732; x_wconf 89' lang='lat' dir='ltr'><strong>hereditarium</strong></span> <span class='ocrx_word' id='word_1_368' title='bbox 662 4687 732 4731; x_wconf 91' lang='lat' dir='ltr'><strong>non</strong></span> <span class='ocrx_word' id='word_1_369' title='bbox 752 4668 797 4732; x_wconf 90' lang='lat' dir='ltr'><strong>sit</strong></span> <span class='ocrx_word' id='word_1_370' title='bbox 816 4687 861 4732; x_wconf 88' lang='lat' dir='ltr'><strong>ex</strong></span> <span class='ocrx_word' id='word_1_371' title='bbox 882 4665 1022 4731; x_wconf 88' lang='lat' dir='ltr'><strong>Adamo</strong></span> <span class='ocrx_word' id='word_1_372' title='bbox 1041 4673 1077 4728; x_wconf 92' lang='lat' dir='ltr'><strong>et</strong></span> <span class='ocrx_word' id='word_1_373' title='bbox 1097 4661 1229 4729; x_wconf 89' lang='lat' dir='ltr'><strong>Chaiva</strong></span> <span class='ocrx_word' id='word_1_374' title='bbox 1245 4680 1355 4724; x_wconf 85' lang='lat' dir='ltr'><strong>uxore</strong></span> <span class='ocrx_word' id='word_1_375' title='bbox 1374 4655 1446 4741; x_wconf 87' lang='lat' dir='ltr'><strong>ejus</strong></span> 
     </span>
    </p>
   </div>
   <div class='ocr_carea' id='block_1_4' title="bbox 0 0 1714 5370">
    <p class='ocr_par' dir='ltr' id='par_1_4' title="bbox 0 0 1714 5370">
     <span class='ocr_line' id='line_1_43' title="bbox 0 0 1714 5370; baseline 0 0"><span class='ocrx_word' id='word_1_376' title='bbox 0 0 1714 5370; x_wconf 95' lang='lat' dir='ltr'><strong> </strong></span> 
     </span>
    </p>
   </div>
  </div>
 </body>
</html>
