3424 5368
304 645 365 710 188
657 651 862 704 sansana
884 651 1081 702 ANGEucA

302 841 485 897 venturum
501 828 535 894 in
548 827 723 903 mundum,
736 833 774 890 et
790 823 931 890 Salomo
947 823 1134 890 Dominum
1147 836 1227 909 post
1239 826 1435 892 adventum

305 928 434 1011 lpsius;
464 933 502 990 et
521 924 600 1008 quia
619 922 770 987 Domino
789 931 868 1004 post
891 920 1179 1003 glorificationem
1199 919 1352 986 Humani
1375 922 1436 1006 lp·

304 1025 373 1087 sius
396 1022 457 1086 suit
476 1031 635 1105 potestas
658 1038 760 1100 super
781 1017 914 1080 caelum
937 1026 973 1081 et
997 1027 1124 1080 terram
1150 1016 1203 1098 (ut
1230 1017 1309 1100 lpse
1335 1018 1436 1096 dicit,

305 1114 429 1180 Mattt.
466 1114 586 1178 xxviii.
623 1110 686 1194 18),
720 1110 797 1175 ideo
832 1122 1114 1192 repraesentator
1147 1111 1258 1195 Ipsius
1291 1111 1437 1178 Salomo

306 1212 464 1294 apparuit
491 1211 524 1272 in
553 1207 664 1291 gloria
689 1217 725 1272 et
753 1203 1023 1288 magnificentia,
1048 1215 1086 1271 et
1109 1205 1171 1272 suit
1194 1207 1228 1271 in
1251 1210 1436 1292 sapientia,

306 1327 407 1390 super
423 1325 545 1371 omnes
561 1323 661 1386 reges
679 1312 803 1378 terrae,
815 1311 851 1366 et
866 1322 1002 1388 quoque
1017 1301 1212 1366 aedificavit
1228 1301 1435 1388 Templum:

305 1421 345 1466 ac
374 1404 511 1484 insuper
538 1399 650 1464 cultus
674 1398 821 1481 plurium
844 1399 1002 1481 gentium
1025 1399 1180 1482 permisit
1205 1419 1248 1463 ac
1271 1400 1435 1476 instituit,

307 1519 368 1582 per
402 1519 488 1582 quos
521 1495 874 1578 repraesentabantur
905 1496 999 1558 varia
1031 1493 1192 1577 religiosa
1223 1495 1257 1559 in
1294 1497 1436 1559 mundo.

307 1591 438 1657 Similia
451 1591 693 1674 significabant
707 1611 833 1654 uxores
844 1590 925 1672 ejus,
937 1611 1025 1674 quae
1035 1609 1177 1654 numero
1189 1592 1437 1674 septingentae

307 1688 453 1762 suerunt,
468 1698 504 1752 et
518 1687 730 1752 concubinae
743 1707 831 1768 quae
845 1706 987 1750 numero
998 1696 1179 1750 trecentae
1188 1697 1288 1751 erant
1302 1687 1333 1766 (1
1348 1687 1437 1768 Reg.

309 1785 355 1846 xi.
382 1781 427 1865 3).
485 1781 639 1846 “Uxor'’
669 1781 760 1844 enim
785 1782 819 1844 in
843 1779 961 1845 Verbo
984 1779 1156 1863 significat
1178 1783 1374 1857 ecclesiam,
1398 1792 1436 1848 et

310 1877 554 1943 “concubina'’
569 1876 778 1959 religiosum.
824 1874 881 1940 Ex
901 1876 954 1940 his
973 1888 1135 1940 constare
1151 1887 1281 1961 potest,
1298 1897 1357 1942 cur
1372 1878 1437 1941 da·

309 1985 382 2040 tum
401 1975 445 2038 sit
466 1972 645 2038 Salomoni
662 1971 842 2036 aedificare
862 1970 1059 2062 Templum,
1077 1993 1137 2054 per
1153 1975 1245 2057 quod
1261 1972 1436 2056 significa·

309 2071 409 2134 batur
426 2068 589 2134 Divinum
608 2067 808 2132 Humanum
827 2067 968 2132 Domini
986 2067 1083 2150 (Jola
1097 2069 1129 2132 ii.
1150 2084 1197 2150 19,
1211 2069 1280 2151 21),
1297 2081 1332 2132 et
1349 2089 1436 2151 quo·

309 2187 375 2249 que
391 2165 560 2244 ecclesia;
584 2175 658 2227 tum
674 2163 766 2247 quod
784 2164 987 2247 permissum
1007 2164 1038 2228 ei
1057 2165 1101 2226 sit
1118 2165 1307 2227 instaurare
1324 2164 1439 2227 cultus

309 2261 557 2335 idololatricos‚
581 2279 621 2322 ac
645 2268 701 2324 tot
725 2279 852 2322 uxores
876 2260 1012 2322 ducere.
1058 2257 1160 2340 Quod
1182 2249 1244 2341 per
1267 2257 1438 2322 Davidem

310 2357 528 2439 intelligatur
544 2354 714 2419 Dominus
729 2365 894 2418 venturus
913 2355 947 2417 in
967 2354 1143 2427 mundum,
1164 2353 1281 2416 multis
1298 2355 1383 2420 locis
1402 2357 1438 2419 in

311 2451 440 2526 Verbo,
461 2450 619 2514 videatur
637 2447 820 2512 Dobirinae
833 2447 952 2512 Novae
964 2447 1219 2530 Hierosolyma
1235 2448 1276 2512 de
1296 2447 1441 2513 Domino

313 2547 362 2628 (n-
381 2565 435 2629 43·
456 2543 526 2629 44)-

374 2646 473 2728 246.
501 2645 576 2728 (vi.)
600 2645 698 2725 Quod
708 2645 914 2727 permt'ssum
928 2644 976 2708 sit
992 2642 1108 2708 multis
1124 2644 1259 2727 regibus
1273 2654 1354 2726 post
1371 2645 1438 2711 Sa·

311 2741 468 2804 lamonem
490 2743 680 2822 profanare
701 2739 859 2821 templum
883 2750 916 2803 et
937 2739 1056 2804 santia
1077 2739 1238 2815 ecclesiae,
1262 2752 1336 2804 erat
1359 2743 1441 2824 quia

312 2834 458 2920 populus
481 2837 769 2918 repraesentabat
790 2835 987 2911 ecclesiam,
1011 2845 1047 2900 et
1078 2857 1142 2899 rex
1169 2848 1275 2918 caput
1298 2857 1415 2901 eorum
1428 2857 1440 2917 ;

312 2941 349 2998 et
371 2932 450 3016 quia
472 2951 559 3014 gens
583 2931 775 2996 israelitica
797 2941 833 2996 et
855 2931 998 3014 Judaica
1016 2931 1097 2995 talis
1119 2941 1205 3006 erat,
1226 2943 1264 2997 ut
1287 2953 1356 2996 non
1380 2934 1440 2997 diu

313 3027 488 3112 potuerint
505 3039 767 3111 repraesentare
785 3027 981 3102 ecclesiam,
1001 3037 1102 3090 erant
1121 3027 1213 3091 enim
1236 3029 1340 3092 corde
1362 3029 1439 3092 ido·

313 3123 471 3199 lolatrae,
496 3145 600 3208 quare
624 3124 819 3187 successive
841 3144 862 3186 a
885 3122 982 3187 cultu
1004 3125 1301 3204 repraesentativo
1323 3143 1438 3188 reces-

313 3229 443 3294 serunt,
472 3218 705 3302 pervertendo
734 3219 851 3282 omnia
881 3217 1061 3292 ecclesiae,
1090 3238 1194 3300 usque
1226 3227 1264 3282 ut
1294 3218 1438 3284 tandem

314 3316 576 3381 devastaverint
606 3315 712 3379 illam.
759 3314 837 3379 Hoc
867 3335 928 3398 per
957 3313 1216 3399 profanationes
1246 3314 1385 3397 Templi
1416 3336 1442 3380 a

313 3414 463 3496 regibus,
489 3422 524 3477 et
555 3433 616 3495 per
642 3412 858 3476 idololatrias
881 3430 1009 3487 eorum,
1033 3420 1333 3494 repraesentatum
1359 3423 1440 3493 est;

313 3509 388 3590 ipsa
405 3507 603 3570 devastatio
619 3506 789 3572 ecclesiae
806 3527 866 3590 per
883 3507 987 3588 ipsius
1000 3504 1137 3588 Templi
1155 3503 1439 3584 destrui'tionem,

314 3624 441 3688 perque
460 3599 702 3666 abductionem
720 3603 837 3685 populi
854 3602 1046 3675 israelitici,
1063 3620 1103 3665 ac
1122 3621 1184 3684 per
1197 3603 1439 3686 captivitatem

314 3698 431 3782 populi
448 3697 583 3779 Judaici
606 3698 639 3761 in
661 3697 899 3778 Babyloniam.
945 3697 1043 3760 Haec
1062 3695 1124 3761 suit
1143 3717 1266 3775 causa;
1289 3709 1325 3763 et
1345 3700 1438 3780 quic·

314 3795 394 3876 quid
408 3791 444 3856 fit
458 3815 503 3856 ex
520 3794 635 3877 aliqua
647 3814 760 3867 causa,
775 3793 811 3855 fit
824 3815 868 3856 ex
883 3791 1008 3856 Divina
1019 3791 1239 3857 Providentia
1252 3794 1439 3858 secundum

313 3889 462 3973 aliquam
483 3889 597 3970 legem
615 3889 695 3969 ejus.

378 3998 471 4067 247.
508 3982 595 4066 (vii.)
623 3983 720 4063 Quod
726 3986 828 4068 genti
839 3985 904 4050 isti
908 3983 1023 4065 suerit
1028 3985 1234 4066 permissum
1248 3983 1445 4068 cruczfigere

313 4079 501 4153 Dominum,
527 4090 602 4145 erat
632 4080 710 4162 quia
733 4081 880 4145 ecclesia
903 4081 993 4162 apud
1017 4079 1112 4144 illam
1136 4091 1278 4162 gentem
1302 4099 1443 4162 prorsus

314 4177 501 4239 devastata
519 4174 593 4250 suit,
616 4185 651 4240 et
672 4175 752 4239 talis
771 4174 872 4252 sadra,
890 4186 927 4240 ut
946 4196 1014 4239 non
1035 4175 1140 4239 modo
1161 4196 1229 4240 non
1246 4195 1439 4258 cognosce·

314 4280 391 4334 rent
415 4280 450 4334 et
473 4281 706 4354 agnoscerent
730 4270 928 4347 Dominum,
952 4272 1014 4335 sed
1038 4273 1143 4336 etiam
1167 4271 1247 4335 odio
1270 4272 1442 4336 haberent

315 4367 451 4450 ipsum:
476 4376 513 4431 at
533 4387 639 4450 usque
659 4369 774 4432 omnia
790 4389 877 4452 quae
893 4367 1049 4432 lecerunt
1068 4368 1149 4450 Ipsi,
1167 4367 1302 4431 luerunt
1319 4387 1439 4431 secun·

315 4461 395 4526 dum
430 4461 527 4544 leges
561 4461 708 4526 Divinae
742 4461 852 4544 Ipsius
886 4462 1135 4527 Providentiae.
1189 4461 1291 4545 Quod
1325 4463 1444 4544 passio

316 4557 424 4620 crucis
443 4556 543 4621 suerit
563 4555 685 4620 ultima
703 4560 866 4636 tentatio,
886 4579 947 4623 seu
970 4559 1090 4623 ultima
1113 4579 1239 4643 pugna,
1260 4575 1442 4640 perquam

316 4649 484 4714 Dominus
504 4651 605 4735 plene
629 4653 711 4717 vicit
735 4651 876 4732 inferna,
899 4664 935 4720 et
959 4653 1059 4738 plene
1079 4651 1287 4737 glorificavit
1307 4652 1442 4716 Huma-
