3410 5382
501 671 552 723 oa
576 669 713 720 ornus
744 664 1099 720 monastiria—u.
1125 665 1193 734 157.
1354 665 1411 732 107

279 845 357 909 vult
382 842 473 927 quod
505 839 611 917 aniat,
636 851 671 903 et
703 839 837 922 cogitat
865 839 956 922 quod
987 835 1164 920 intelligit,
1191 836 1270 900 ideo
1297 835 1412 900 omnia

279 941 475 1006 voluntatis
500 959 536 1000 se
564 935 714 1000 referunt
746 936 789 998 ad
820 953 985 1011 amorem,
1010 943 1045 998 et
1076 933 1192 997 omnia
1213 928 1412 996 intelledtus

278 1041 326 1103 ad
350 1035 573 1120 sapientiam:
604 1042 640 1096 et
664 1032 742 1116 quia
765 1031 851 1094 haec
876 1030 944 1093 duo
968 1049 1036 1093 non
1060 1030 1133 1092 dari
1155 1039 1302 1113 possunt
1322 1027 1413 1112 apud

279 1137 430 1218 aliquem
451 1153 470 1194 a
491 1150 539 1206 se,
557 1129 621 1192 nisi
640 1127 684 1191 ab
703 1127 785 1210 Ipso
804 1127 860 1210 qui
878 1137 932 1190 est
952 1127 1025 1208 ipse
1043 1124 1154 1189 Amor
1170 1134 1205 1189 et
1224 1126 1298 1208 ipsa
1315 1121 1412 1206 Sapi-

278 1233 386 1306 entia,
407 1227 560 1311 sequitur
580 1223 672 1308 quod
692 1243 713 1286 a
733 1221 883 1286 Domino
902 1223 946 1284 ab
965 1231 1109 1285 aeterno
1128 1241 1188 1285 seu
1205 1219 1362 1303 Jehovah
1379 1218 1414 1282 id

278 1329 347 1406 sit;
371 1327 399 1390 si
415 1345 485 1389 non
500 1322 580 1385 inde
599 1320 699 1396 foret,
719 1328 812 1383 esset
830 1317 934 1381 horno
951 1317 1023 1401 ipse
1041 1315 1153 1380 Amor
1169 1325 1205 1380 et
1224 1317 1298 1400 ipsa
1315 1313 1414 1398 Sapi-

277 1425 387 1500 entia,
410 1422 462 1486 ita
485 1420 579 1483 Deus
612 1419 656 1483 ab
688 1429 843 1492 aeterno,
870 1416 914 1478 ad
938 1413 1029 1498 quod
1055 1415 1129 1496 ipsa
1148 1413 1298 1477 humana
1321 1412 1413 1474 ratio

280 1520 410 1584 horret.
455 1516 548 1580 Num
566 1514 695 1599 aliquid
714 1513 787 1576 dari
806 1521 937 1596 potest,
952 1511 1015 1574 nisi
1034 1531 1054 1573 a
1073 1511 1176 1592 priori
1194 1507 1254 1572 se?
1278 1518 1313 1572 et
1333 1527 1415 1570 num

279 1616 347 1680 hoc
358 1615 450 1699 prius
463 1613 537 1678 dari
553 1621 673 1694 potest
693 1611 757 1674 nisi
774 1610 818 1674 ab
835 1608 946 1673 adhuc
961 1606 1063 1690 priori
1080 1606 1139 1670 se?
1162 1615 1198 1671 et
1214 1607 1261 1669 sic
1275 1607 1414 1669 demum

279 1715 346 1778 nisi
365 1735 385 1777 a
404 1713 529 1788 Primo,
547 1712 639 1795 quod
659 1711 693 1772 in
720 1709 764 1774 Se
781 1708 857 1772 est?
887 1715 944 1774 [6.]
969 1705 1108 1769 Tertio:
1136 1703 1310 1778 Similiter,
1328 1699 1419 1787 quod

278 1809 328 1873 sit
339 1809 453 1890 ipsum
461 1807 591 1872 Bonum
603 1815 636 1869 ct
651 1806 760 1887 ipsum
782 1803 915 1878 Verum,
930 1801 1072 1883 adquae
1083 1801 1195 1863 omnia
1207 1820 1242 1862 se
1253 1801 1414 1880 referunt.

282 1905 342 1969 Ab
372 1904 477 1978 omni,
510 1903 563 1966 cui
593 1911 647 1966 est
680 1902 782 1976 ratio,
816 1900 978 1982 recipitur
1011 1910 1047 1962 et
1079 1897 1291 1979 agnoscitur,
1323 1898 1414 1979 quod

282 2001 377 2064 Deus
401 1999 446 2062 sit
465 1998 576 2081 ipsum
598 1997 732 2061 Bonum
754 2006 790 2060 et
814 1996 924 2078 ipsum
945 1993 1087 2068 Verum,
1109 2005 1182 2056 tum
1201 1993 1292 2075 quod
1312 2013 1415 2056 omne

281 2099 410 2161 bonurn
433 2104 468 2159 et
491 2113 609 2159 verum
634 2094 678 2157 sit
703 2094 748 2157 ab
772 2093 873 2175 Ipso;
899 2090 1042 2172 proinde
1067 2090 1172 2153 etiam
1197 2089 1288 2172 quod
1312 2108 1415 2153 omne

281 2193 410 2256 bonum
430 2200 466 2254 et
485 2209 603 2254 verum
623 2208 692 2252 non
712 2188 850 2252 aliunde
871 2189 987 2251 venire
1008 2188 1129 2269 possit,
1151 2206 1253 2270 quarn
1273 2187 1318 2250 ab
1340 2188 1415 2270 ipso

282 2287 382 2351 Bono
395 2295 431 2350 et
445 2285 558 2364 Vero;
580 2284 666 2349 haec
678 2295 914 2368 agnoscuntur
927 2285 971 2348 ab
984 2283 1076 2346 omni
1089 2283 1229 2347 homine
1242 2282 1414 2358 rationali,

281 2393 321 2447 ut
344 2383 490 2466 primum
510 2382 704 2447 audiuntur.
755 2379 842 2446 Cum
862 2381 941 2445 dein
959 2381 1096 2455 dicitur,
1117 2379 1208 2463 quod
1228 2398 1330 2443 omne
1353 2399 1415 2441 vo·

282 2478 428 2543 luntatis
448 2488 483 2542 et
503 2475 713 2552 intelledius,
736 2496 797 2541 seu
817 2496 918 2541 omne
936 2478 1062 2540 amoris
1081 2485 1117 2540 et
1135 2476 1338 2558 sapientiae,
1356 2495 1415 2539 seu

281 2594 385 2639 omne
402 2571 592 2639 affeitionis
612 2584 649 2639 et
664 2573 900 2656 cogitationis,
916 2573 1006 2655 apud
1026 2572 1212 2646 hominem,
1226 2572 1282 2655 qui
1301 2591 1321 2634 a
1341 2570 1414 2633 Do·

282 2673 377 2736 mino
391 2671 537 2746 ducitur,
551 2691 588 2735 se
608 2670 734 2734 reserat
751 2668 795 2732 ad
812 2668 940 2733 bonurn
958 2677 994 2732 et
1011 2688 1140 2742 verum,
1154 2669 1306 2750 sequitur
1322 2666 1414 2750 quod

281 2767 400 2830 omnia
418 2787 505 2850 quae
524 2766 629 2831 horno
649 2764 707 2829 ille
726 2764 802 2828 vult
822 2775 857 2829 et
878 2765 1057 2848 intelligit,
1078 2785 1137 2827 seu
1155 2764 1246 2846 quod
1264 2772 1358 2826 amat
1378 2771 1414 2826 et

281 2863 386 2944 sapit,
406 2883 467 2926 seu
490 2883 559 2945 quo
576 2860 724 2927 afficitur
747 2871 783 2925 et
807 2861 899 2945 quod
919 2863 1065 2942 cogitat,
1089 2858 1186 2924 ¹¹¹sint
1210 2880 1229 2922 a
1254 2858 1414 2923 Domino.

283 2957 370 3022 Inde
387 2968 452 3034 est,
467 2959 557 3041 quod
573 2958 716 3041 quisque
736 2959 769 3020 in
788 2955 934 3020 ecclesia
951 2957 1049 3030 sciat,
1063 2956 1154 3039 quod
1167 2975 1270 3019 ornne
1286 2955 1414 3019 bonum

281 3065 320 3118 et
339 3073 442 3119 omne
461 3073 578 3118 verurn
595 3054 640 3117 ab
658 3053 797 3116 homine
817 3054 849 3115 in
870 3073 906 3116 se
926 3071 994 3115 non
1017 3053 1145 3115 bonum
1165 3063 1201 3115 et
1220 3071 1338 3114 verum
1357 3053 1414 3126 sit,

282 3151 345 3213 sed
359 3151 470 3213 solum
487 3149 520 3212 id
537 3149 629 3232 quod
646 3170 666 3212 a
684 3148 844 3212 Domino.
892 3147 1064 3230 Quoniam
1081 3148 1168 3212 haec
1181 3149 1309 3212 veritas
1322 3159 1413 3222 sunt,

282 3248 440 3330 sequitur
463 3245 554 3328 quod
578 3264 680 3307 omne
715 3244 748 3307 id
783 3244 874 3327 quod
907 3244 984 3307 talis
1013 3243 1116 3307 homo
1139 3243 1214 3306 vult
1248 3253 1283 3307 et
1318 3245 1413 3325 cogi-

283 3353 351 3418 tat,
370 3343 415 3405 sit
435 3362 456 3403 a
475 3341 636 3404 Domino.
683 3338 785 3422 Quod
807 3341 918 3403 omnis
939 3340 1045 3403 horno
1065 3339 1175 3402 malus
1195 3359 1258 3402 nec
1278 3359 1324 3402 ex
1348 3338 1416 3402 alia

194 3450 197 3455 '
282 3439 417 3520 origine
437 3439 548 3519 possit
568 3435 659 3499 velle
679 3445 714 3499 et
741 3438 909 3518 cogitare,
931 3439 963 3500 in
989 3436 1213 3519 sequentibus
1233 3433 1414 3498 videbitur.

284 3540 345 3601 [7.]
381 3531 535 3614 Quarto:
572 3531 670 3610 Quod
689 3531 749 3595 illa
772 3533 842 3596 sint
865 3533 946 3602 vita.
971 3555 1013 3595 cx
1035 3554 1102 3614 qua
1123 3532 1267 3594 omnium
1290 3529 1363 3593 vita
1384 3538 1418 3592 et

282 3629 396 3692 omnia
412 3630 502 3692 vitae
519 3638 608 3702 sunt,
626 3629 660 3691 in
687 3627 923 3693 transadtione
943 3629 994 3692 De
1011 3628 1137 3691 Divino
1152 3627 1183 3690 A
1189 3648 1281 3690 more
1297 3637 1330 3690 et
1351 3625 1414 3689 Di·

284 3725 366 3788 vina
396 3724 582 3806 Sapientia,
608 3724 725 3788 multis
753 3738 930 3790 ostensum
954 3737 1019 3790 est.
1065 3725 1171 3789 Ratio
1194 3724 1345 3788 humana
1371 3722 1415 3785 ad

284 3822 431 3902 primurn
455 3822 609 3884 auditum
639 3824 744 3885 etiam
779 3825 898 3904 recipit
930 3833 966 3886 et
998 3824 1168 3904 agnoscit,
1189 3821 1281 3904 quod
1304 3821 1415 3884 omnis

283 3918 356 3980 vita
374 3918 522 3981 hominis
542 3919 586 3981 sit
607 3918 797 3984 voluntatis
817 3931 852 3983 et
879 3919 1079 3986 inteiledtus
1098 3919 1179 4003 ejus,
1201 3937 1280 3981 nam
1303 3919 1331 3979 si
1355 3937 1415 3979 au·

282 4011 392 4077 fertur
414 4013 576 4076 voluntas
601 4025 637 4079 et
662 4015 871 4092 intellectus,
895 4040 963 4082 non
987 4020 1092 4096 vivit;
1124 4037 1185 4080 seu
1208 4013 1299 4098 quod
1323 4013 1415 4077 idern

283 4119 352 4186 est,
373 4110 465 4193 quod
489 4114 601 4176 omnis
624 4116 697 4179 vita
722 4115 871 4179 hominis
896 4117 940 4180 sit
971 4117 1096 4180 amoris
1125 4124 1161 4178 et
1191 4111 1416 4194 cogitationis

284 4203 369 4285 ejus,
387 4224 467 4270 nam
487 4207 513 4270 si
537 4209 687 4276 aufertur
707 4231 803 4277 arnor
822 4221 858 4276 et
883 4214 1065 4294 cogitatio,
1087 4231 1155 4275 non
1174 4209 1269 4272 vivit.
1315 4207 1414 4270 Nunc

283 4302 366 4383 quia
388 4321 491 4366 omne
515 4307 708 4396 voluntatis
733 4318 769 4373 et
793 4305 1000 4381 intellectus,
1021 4329 1081 4372 seu
1104 4327 1207 4372 omne
1231 4307 1356 4369 amoris
1380 4316 1415 4370 et

283 4399 511 4480 cogitationis
531 4405 623 4487 apud
644 4404 818 4468 hominem
843 4413 896 4467 est
918 4426 938 4467 a
962 4403 1123 4480 Domino,
1145 4413 1182 4468 ut
1205 4422 1294 4467 nunc
1315 4423 1418 4484 supra

282 4492 415 4562 diiium
445 4508 508 4571 est,
530 4500 684 4581 sequitur
707 4499 798 4581 quod
823 4519 926 4564 omne
949 4501 1042 4564 vitae
1073 4501 1117 4563 ab
1147 4498 1229 4582 lpso
1257 4498 1311 4562 sit.
1358 4504 1417 4565 [8.]

283 4591 438 4675 Quinto:
467 4593 565 4673 Quod
572 4594 632 4657 hoc
648 4594 786 4659 Unicum
800 4603 832 4658 et
851 4595 968 4676 Ipsum
981 4597 1027 4660 sit
1037 4595 1298 4676 omnipraesens,
1310 4591 1416 4658 omni-

281 4690 392 4756 sciens
405 4700 438 4755 et
451 4689 666 4771 omnipotens,
678 4690 744 4754 hoc
758 4713 892 4775 quoque
904 4693 1047 4775 quisque
1061 4691 1277 4757 Christianus
1293 4711 1339 4754 ex
1355 4709 1419 4753 sua
