3352 5374
343 691 401 740 122
692 687 895 740 SAPIENTIA
918 687 1113 738 ANGELICA

340 857 486 923 Divinae
508 859 710 942 sapientiae,
735 877 774 922 ac
799 857 949 922 caeleste
973 857 1065 940 quod
1096 866 1150 921 est
1182 856 1297 920 Divini
1320 858 1461 932 amoris,

339 963 377 1018 et
395 955 487 1037 quod
505 953 565 1017 illa
584 954 815 1036 percipiantur
836 953 881 1017 ab
903 952 1048 1035 angelis,
1069 973 1146 1016 cum
1165 951 1320 1016 Verbum
1339 950 1462 1016 santle

340 1047 465 1130 legitur
493 1049 537 1112 ab
565 1048 715 1123 homine,
739 1049 774 1111 in
803 1047 967 1112 Dolirina
999 1047 1117 1112 Novae
1141 1045 1393 1128 Hierosolymae
1418 1046 1463 1110 de

340 1141 522 1225 Scriptura
540 1141 658 1220 Sacra,
678 1143 794 1208 multis
812 1152 992 1208 ostensum
1010 1153 1074 1207 est.

402 1237 496 1304 281·
525 1237 583 1302 Ex
605 1237 658 1302 his
682 1237 910 1314 concluditur,
934 1239 1025 1321 quod
1055 1239 1089 1302 in
1112 1238 1273 1320 operibus
1296 1236 1459 1314 hominis,

339 1329 432 1414 cujus
445 1351 543 1396 mens
556 1332 721 1396 naturalis
737 1353 797 1414 per
809 1341 880 1397 tres
892 1332 1018 1414 gradus
1031 1332 1211 1396 descendit
1227 1333 1261 1395 in
1278 1332 1459 1408 infernum,

338 1428 408 1491 sint
430 1429 545 1491 omnia
564 1428 655 1492 mala
677 1437 714 1492 et
735 1427 822 1492 salsa
841 1427 922 1491 mali
943 1428 1037 1510 ejus;
1068 1439 1104 1492 et
1127 1428 1218 1510 quod
1241 1429 1275 1491 in
1298 1426 1461 1509 operibus

337 1521 496 1598 hominis,
525 1522 618 1606 cujus
648 1543 744 1587 mens
772 1522 938 1586 naturalis
964 1524 999 1585 in
1028 1523 1161 1587 caelum
1188 1523 1358 1597 ascendit,
1387 1523 1456 1588 sint

338 1619 453 1684 omnia
468 1618 561 1682 bona
575 1629 612 1684 et
627 1639 708 1684 vera
723 1617 815 1700 ejus;
839 1628 875 1682 et
891 1618 982 1701 quod
998 1618 1084 1682 haec
1100 1627 1136 1683 et
1152 1617 1210 1682 illa
1227 1619 1457 1702 percipiantur

337 1713 383 1778 ab
405 1714 538 1798 angelis
564 1735 611 1778 ex
637 1714 711 1779 sola
737 1714 874 1798 loquela
901 1724 938 1779 et
964 1734 1009 1777 ex
1036 1713 1111 1777 sola
1136 1711 1271 1779 atlione
1297 1714 1456 1778 hominis.

338 1808 426 1874 Inde
447 1818 513 1886 est,
536 1809 628 1891 quod
657 1810 691 1874 in
715 1809 833 1874 Verbo
856 1809 1000 1886 dicatur,
1025 1809 1117 1892 quod
1140 1810 1245 1874 homo
1267 1809 1457 1874 secundum

337 1923 442 1988 opera
463 1923 525 1967 sua
536 1902 737 1985 judicandus
749 1905 816 1986 sit;
839 1914 875 1970 et
889 1905 980 1990 quod
995 1905 1166 1970 rationem
1178 1922 1302 1969 vocum
1317 1921 1456 1970 suarum

336 1998 531 2066 redditurus
549 1999 604 2064 sit.
