3268 5380
350 679 409 760 138
706 687 907 741 snrraurrn
931 689 1126 742 nnosmcn

346 881 406 922 suo
426 859 508 936 sole,
532 877 618 943 quae
637 858 670 924 in
689 879 726 923 se
744 855 921 941 spectatae
938 859 1051 923 nullae
1071 868 1161 936 sunt,
1181 859 1242 923 sed
1261 879 1321 942 per
1339 859 1462 926 virese

347 953 426 1018 Sole
446 953 624 1035 spirituali,
642 974 662 1018 a
680 955 800 1036 quibus
820 965 987 1036 perpetuo
1006 955 1049 1017 ad
1068 954 1127 1018 illa
1144 965 1318 1036 aguntum
1342 955 1403 1018 sed
1422 955 1462 1018 ad

346 1049 496 1112 dandum
516 1049 584 1112 illis
601 1051 784 1130 imaginem
800 1051 994 1124 creationis,
1013 1065 1148 1130 prorsus
1164 1049 1247 1112 nihil
1264 1049 1462 1126 conserunt:

348 1145 461 1226 imago
477 1145 570 1208 enim
591 1145 771 1207 creationis
791 1154 844 1206 est
864 1143 1068 1225 spiritualis:
1101 1144 1161 1207 sed
1180 1153 1217 1207 ut
1241 1154 1407 1226 appareat
1431 1150 1464 1207 et

348 1256 444 1301 usum
470 1248 622 1321 praestet
646 1240 678 1300 in
703 1239 846 1301 naturali
867 1239 1005 1312 mundo,
1026 1257 1065 1300 ac
1089 1246 1126 1301 ut
1147 1235 1216 1300 fixa
1235 1247 1306 1301 stet
1330 1247 1365 1300 et
1389 1257 1464 1318 per·

347 1335 456 1406 duret,
481 1335 547 1396 erit
577 1333 636 1394 illa
665 1335 856 1406 materiata,
880 1333 945 1396 hoc
977 1342 1040 1406 est,
1062 1333 1213 1395 materiis
1236 1331 1326 1394 illius
1349 1331 1465 1394 mundi

347 1428 510 1490 coniarta.

407 1521 505 1604 316.
540 1522 577 1582 ln
607 1521 723 1584 formis
751 1541 869 1584 usuum
898 1523 993 1602 regni
1020 1521 1176 1584 animalis
1206 1521 1325 1584 similis
1351 1523 1465 1604 imago

347 1617 532 1680 creationis
557 1625 620 1688 est,
642 1627 678 1678 ut
706 1617 796 1698 quod
823 1637 868 1678 ex
898 1618 1027 1679 semine
1058 1617 1089 1679 in
1115 1625 1247 1678 uterum
1274 1636 1335 1679 seu
1364 1635 1465 1681 ovum

349 1711 451 1772 misso
470 1710 637 1773 formetur
661 1730 794 1792 corpus,
815 1712 906 1792 quod
933 1721 986 1774 est
1011 1710 1168 1774 ultimum
1188 1710 1282 1791 ejus;
1316 1721 1353 1774 et
1376 1712 1466 1793 quod

347 1805 411 1867 hoc
442 1822 517 1865 cum
550 1806 730 1878 adolescit,
762 1806 928 1886 producat
958 1821 1048 1868 nova
1075 1806 1215 1868 semina.
1268 1805 1467 1889 Progressio

347 1899 431 1962 haec
451 1899 572 1960 similis
592 1909 645 1962 est
665 1901 895 1980 progressioni
911 1899 1095 1963 formarum
1113 1917 1232 1962 usuum
1248 1903 1345 1982 regni
1362 1921 1449 1984 vege

347 1992 482 2068 tabilis;
521 1996 654 2056 semina
679 2003 759 2057 sunt
786 1994 1041 2066 inchoamenta,
1062 2003 1180 2056 uterus
1206 2014 1265 2056 seu
1288 2014 1392 2058 ovum
1416 2003 1467 2059 est

347 2087 435 2150 sicut
459 2096 571 2165 terra;
604 2099 716 2152 status
740 2099 990 2171 antepartum,
1011 2099 1065 2152 est
1090 2091 1177 2152 sicut
1196 2099 1309 2152 status
1327 2093 1466 2154 seminis

346 2183 380 2245 in
403 2191 495 2244 terra
519 2182 600 2246 dum
620 2184 769 2246 radicem
789 2185 880 2264 agit3
908 2194 1020 2247 status
1040 2193 1119 2265 post
1139 2193 1274 2265 partum
1294 2205 1401 2266 usque
1423 2186 1465 2249 ad

347 2276 646 2360 prolificationem,
671 2289 725 2342 est
755 2281 843 2342 sicut
871 2280 1100 2361 egerminatio
1129 2279 1259 2342 arboris
1289 2300 1394 2362 usque
1424 2281 1466 2343 ad

346 2382 477 2437 statum
500 2371 771 2437 irudtificationis
794 2373 874 2453 ejus.
921 2373 976 2437 Ex
1004 2375 1069 2436 hoc
1101 2372 1333 2454 parallelismo
1357 2384 1465 2455 patet,

347 2470 436 2551 quod
455 2471 542 2532 sicut
559 2468 747 2531 similitudo
760 2470 942 2532 creationis
959 2469 1063 2532 estin
1080 2469 1194 2532 formis
1207 2469 1464 2549 vegetabilium,

347 2565 449 2626 etiam
470 2565 516 2626 sit
534 2565 566 2625 in
586 2563 704 2625 formis
722 2563 929 2637 animalium,
950 2565 1041 2645 quod
1061 2582 1185 2645 nempe
1205 2565 1403 2645 progressio
1422 2565 1465 2626 sit

347 2677 367 2720 a
386 2659 499 2738 primis
515 2659 558 2720 ad
576 2657 708 2728 ultima,
724 2667 759 2721 et
778 2659 821 2720 ab
837 2659 965 2722 ultimis
983 2659 1027 2722 ad
1047 2660 1163 2738 prima.
1210 2656 1336 2721 Similis
1352 2661 1465 2740 imago

347 2753 531 2816 creationis
554 2754 676 2815 existit
701 2754 733 2815 in
757 2753 899 2833 singulis
918 2773 1004 2835 quae
1030 2755 1063 2816 in
1088 2753 1225 2817 homine
1249 2763 1352 2828 sunt;
1387 2771 1463 2816 nam

347 2847 465 2910 similis
481 2857 534 2910 est
554 2849 752 2928 progressio
767 2850 892 2910 amoris
913 2868 972 2929 per
987 2850 1190 2930 sapientiam
1209 2848 1242 2909 in
1260 2868 1361 2924 usus;
1386 2849 1465 2911 inde

347 2943 465 3004 similis
481 2942 672 3005 voluntatis
689 2961 748 3023 per
764 2939 976 3006 intellectum
994 2943 1027 3004 in
1044 2939 1150 3016 attus,
1167 2953 1203 3004 et
1220 2942 1340 3004 similis
1356 2943 1463 3005 chari·

346 3039 428 3102 tatis
455 3037 637 3122 perfidem
671 3039 704 3100 in
734 3058 847 3118 opera.
893 3037 1064 3101 Voluntas
1095 3046 1131 3099 et
1161 3033 1367 3108 intelledtus,
1392 3046 1463 3099 tum

346 3134 497 3197 charitas
520 3143 555 3197 et
579 3131 675 3204 fides,
699 3143 779 3216 sunt
803 3133 910 3212 prima
933 3153 978 3195 ex
1002 3131 1145 3214 quibus;
1179 3129 1275 3194 attus
1298 3141 1334 3193 et
1361 3151 1465 3211 opera

346 3238 426 3293 sunt
446 3230 586 3305 ultima;
611 3247 654 3290 ex
675 3227 729 3290 his
748 3246 808 3308 per
825 3226 975 3308 jucunda
992 3245 1112 3290 usuum
1132 3224 1170 3288 fit
1189 3226 1316 3289 reditio
1338 3226 1381 3288 ad
1406 3245 1466 3288 sua

346 3326 464 3407 prima,
484 3343 581 3406 quae,
606 3331 643 3385 ut
668 3320 798 3386 dictum
822 3331 888 3396 est,
908 3331 989 3384 sunt
1011 3321 1175 3384 voluntas
1198 3329 1233 3384 et
1256 3317 1462 3393 intellectus,

345 3429 404 3482 aut
417 3419 566 3481 charitas
582 3426 617 3479 et
633 3415 729 3479 fides.
775 3413 876 3496 Quod
891 3416 1015 3480 reditio
1028 3415 1087 3478 liat
1101 3435 1161 3496 per
1170 3413 1321 3495 jucunda
1333 3433 1462 3486 usuum,

345 3521 443 3595 patet
467 3511 648 3574 manifeste
673 3531 693 3572 a
716 3511 886 3591 perceptis
906 3509 1063 3591 jucundis
1087 3507 1223 3572 adinum
1247 3517 1283 3571 et
1311 3527 1461 3589 operum,

344 3626 431 3688 quae
447 3615 527 3667 sunt
543 3604 668 3666 amoris
685 3604 840 3685 cujusvis,
854 3605 944 3686 quod
961 3603 1104 3668 refluant
1120 3604 1164 3666 ad
1181 3605 1305 3666 amoris
1319 3605 1462 3684 primum

344 3721 364 3762 a
387 3719 465 3780 quo,
485 3709 522 3761 et
545 3699 635 3779 quod
657 3700 772 3779 perid
796 3701 840 3762 sit
860 3695 1074 3778 conjunctim
1099 3697 1248 3778 jucunda
1268 3694 1403 3761 actuum
1427 3707 1462 3759 et

345 3811 485 3875 operum
515 3802 595 3857 sunt
620 3791 771 3874 jucunda
799 3813 886 3876 quae
909 3803 1077 3856 vocantur
1100 3812 1189 3854 usus.
1234 3790 1361 3855 Similis
1383 3811 1461 3873 pro·

344 3892 477 3973 gressio
497 3911 517 3954 a
536 3891 653 3972 primis
673 3891 716 3953 ad
736 3891 858 3954 ultima
876 3899 912 3952 et
935 3891 979 3952 ab
997 3889 1127 3953 ultimis
1146 3889 1190 3951 ad
1214 3889 1323 3969 prima
1341 3897 1461 3950 exstat

343 3987 376 4049 in
396 3987 512 4050 formis
532 3986 711 4069 purissime
730 3985 901 4066 organicis
919 3981 1135 4047 all'edtionum
1154 3992 1190 4046 et
1210 3982 1460 4063 cogitationum

343 4083 433 4163 apud
457 4081 651 4159 hominem3
685 4081 718 4143 in
749 4079 897 4144 cerebris
920 4077 991 4160 ejus
1014 4087 1094 4140 sunt
1120 4076 1249 4140 iormae
1271 4075 1350 4139 illae
1374 4077 1461 4138 sicut

343 4176 514 4250 stellares,
541 4195 629 4260 quae
658 4184 826 4238 vocantur
856 4174 1071 4238 substantiae
1093 4172 1290 4247 cineritiae;
1325 4168 1460 4233 exiliis

342 4281 474 4336 exeunt
493 4269 597 4334 fibrae
616 4289 677 4352 per
692 4269 919 4332 substantiam
939 4267 1162 4332 medullarem
1180 4276 1276 4331 trans
1292 4265 1460 4327 cervicem
1493 4337 1497 4346 .

343 4366 377 4428 in
401 4385 534 4447 corpus,
555 4385 641 4447 quae
666 4373 813 4445 pergunt
836 4364 880 4426 ad
904 4364 1025 4426 ultima
1045 4363 1103 4436 ibi,
1123 4369 1159 4425 et
1189 4381 1234 4424 ex
1257 4359 1386 4422 ultimis
1415 4357 1458 4420 ad

344 4461 451 4541 prima
468 4481 528 4523 sua
546 4460 712 4534 redeunt;
740 4458 863 4521 reditio
882 4457 1040 4521 fibrarum
1063 4459 1107 4520 ad
1129 4474 1191 4519 sua
1208 4455 1316 4536 prima
1338 4451 1376 4514 fit
1400 4471 1460 4532 per

344 4573 426 4615 vasa
449 4554 633 4634 sanguinis.
662 4547 806 4616 'Similis
833 4563 886 4616 est
916 4553 1110 4634 progressio
1134 4551 1283 4614 omnium
1306 4544 1456 4610 affectio·

345 4666 423 4709 num
441 4657 476 4710 et
495 4648 757 4726 cogitationum,
775 4658 955 4728 quaesunt
973 4647 1182 4709 mutationes
1197 4654 1233 4707 et
1250 4643 1457 4706 variationes
