3424 5368
323 643 388 706 180
671 653 876 705 sarrau'nn
900 653 1098 705 nucanrcn

320 825 409 893 sicut
429 825 615 893 desumunt
633 825 712 891 illas
730 825 811 892 inde
830 836 867 892 et
886 826 1067 905 devorant,
1089 825 1174 894 fiunt
1192 829 1283 897 vitae
1304 831 1460 914 illorum,

319 934 355 990 et
373 925 521 988 nutritur
532 943 667 1006 corpus.
713 923 764 988 At
781 925 815 987 in
833 924 999 989 memoria
1012 923 1161 990 hominis
1174 946 1243 992 non
1258 939 1339 993 sunt
1353 951 1459 997 escae

319 1019 528 1098 materiales,
549 1020 611 1084 sed
630 1018 837 1102 spirituales,
855 1040 942 1104 quae
961 1019 1207 1102 intelliguntur
1225 1043 1286 1108 per
1305 1045 1399 1103 vera,
1419 1037 1458 1100 et

318 1118 352 1182 in
372 1140 410 1184 se
429 1130 508 1185 sunt
532 1120 774 1202 cognitiones;
798 1129 965 1203 quantum
993 1120 1073 1183 inde
1096 1119 1202 1184 horno
1225 1121 1373 1186 desumit
1393 1123 1455 1188 illa

286 1225 290 1232 '
317 1215 519 1296 cogitando,
540 1215 637 1300 quasi
656 1215 872 1290 ruminando,
894 1223 1032 1278 tantum
1053 1235 1150 1279 mens
1172 1215 1244 1298 ejus
1265 1218 1455 1300 spiritualis

318 1312 476 1376 nutritur.
521 1312 633 1376 Amor
644 1310 834 1376 voluntatis
846 1320 900 1374 est
913 1312 970 1395 qui
984 1311 1169 1386 desiderat,
1185 1323 1222 1376 et
1234 1314 1330 1397 quasi
1343 1335 1453 1398 appe·

317 1409 372 1483 tit,
390 1417 426 1472 et
447 1409 526 1473 lacit
545 1419 583 1473 ut
602 1409 810 1484 hauriantur,
826 1418 863 1473 et
880 1408 1046 1472 nutriant.
1093 1405 1129 1472 Si
1148 1428 1245 1473 arnor
1264 1409 1322 1473 ille
1340 1410 1452 1474 malus

317 1512 383 1578 est,
401 1504 576 1569 desiderat
595 1515 632 1569 et
650 1506 746 1590 quasi
763 1504 896 1587 appetit
915 1504 1114 1582 immunda;
1142 1505 1171 1568 si
1189 1516 1305 1569 autern
1326 1507 1450 1582 bonus,

315 1598 492 1665 desiderat
514 1610 551 1666 et
573 1599 671 1685 quasi
694 1601 828 1684 appetit
851 1600 990 1676 munda,
1016 1609 1053 1664 et
1083 1599 1143 1662 illa
1161 1621 1247 1684 quae
1272 1621 1342 1664 non
1365 1621 1451 1665 con·

316 1697 471 1774 veniunt,
489 1707 636 1779 separat,
654 1697 832 1772 amandat,
850 1706 887 1760 et
907 1696 1019 1779 ejicit?
1042 1697 1135 1780 quod
1152 1694 1190 1759 lit
1208 1699 1309 1761 variis
1326 1699 1450 1761 modis.

318 1797 377 1857 [9.]
408 1789 597 1874 Quintum:
623 1791 694 1858 sed
705 1793 795 1875 quod
806 1792 970 1856 Dominus
985 1800 1050 1873 prr
1064 1791 1229 1855 Divinam
1244 1814 1341 1856 suam
1355 1791 1446 1856 Pra-

316 1885 502 1951 videntiam
524 1910 626 1970 quam
648 1888 794 1952 maxime
812 1888 1011 1970 prospiciat,
1033 1908 1073 1950 ne
1093 1891 1191 1969 prius
1214 1898 1246 1952 et
1263 1888 1345 1970 plus
1369 1889 1450 1952 inde

316 1982 501 2065 recipiatur
521 2005 544 2047 a
565 1985 744 2060 voluntate,
766 2005 866 2066 quam
886 1994 1049 2065 quantum
1070 1981 1166 2046 homo
1183 1984 1270 2047 sicut
1290 2005 1312 2047 a
1334 2005 1371 2048 se
1391 2006 1448 2048 re·

316 2087 424 2140 movet
441 2079 567 2142 malum
588 2080 624 2144 in
645 2090 783 2144 externo
798 2078 1074 2142 homine—Nam
1094 2079 1184 2162 quod
1208 2101 1229 2142 a
1252 2079 1446 2154 voluntate,

316 2171 382 2237 hoc
411 2175 444 2236 in
474 2174 647 2239 hominem
679 2177 786 2252 venit,
810 2196 850 2239 ac
879 2175 910 2239 ei
939 2176 1190 2258 appropriatur,
1215 2194 1255 2239 ac
1284 2173 1322 2238 lit
1353 2177 1446 2238 vitae

315 2267 409 2349 ejus;
434 2281 471 2334 et
494 2270 527 2334 in
551 2272 625 2352 ipsa
647 2271 729 2346 vita,
752 2292 839 2354 quae
857 2269 988 2333 homini
1012 2280 1067 2334 est
1091 2289 1135 2332 ex
1161 2269 1355 2346 voluntate,
1376 2290 1445 2333 non

315 2377 435 2448 potest
456 2367 583 2431 malurn
607 2378 643 2431 et
666 2367 794 2432 bonum
813 2364 914 2430 simul
937 2386 1025 2440 esse,
1046 2366 1094 2429 sic
1118 2367 1209 2430 enim
1233 2367 1383 2448 periret;
1406 2380 1447 2430 at

314 2462 349 2526 in
369 2459 548 2527 intelledtu
565 2473 683 2546 potest
701 2472 879 2544 utrumque
897 2481 985 2536 esse,
1004 2481 1090 2544 quae
1110 2462 1155 2524 ibi
1174 2471 1344 2524 vocantur
1359 2461 1447 2526 falsa

315 2557 396 2621 mali
413 2568 472 2621 aut
490 2580 571 2621 vera
588 2559 679 2634 boni,
698 2567 857 2621 attamen
875 2576 945 2620 non
963 2555 1085 2634 simul;
1108 2555 1235 2640 alioqui
1253 2576 1322 2620 non
1341 2568 1444 2640 potu-

312 2653 399 2717 isset
418 2652 525 2717 homo
543 2654 659 2718 videre
679 2652 806 2716 malurn
823 2671 843 2714 a
866 2653 970 2727 bono,
990 2671 1031 2715 ac
1051 2671 1263 2734 cognoscere
1280 2652 1407 2716 bonum
1423 2673 1445 2716 a

313 2749 429 2828 malo;
453 2750 515 2813 sed
534 2751 794 2832 distinguuntur
813 2758 850 2812 et
868 2758 1072 2831 separantur
1090 2748 1136 2811 ibi
1156 2749 1246 2811 sicut
1266 2748 1389 2812 domus
1408 2749 1444 2814 in

311 2843 477 2909 interiora
493 2855 528 2908 et
545 2845 730 2908 exteriora.
776 2843 862 2908 Cum
880 2843 990 2906 malus
1006 2841 1111 2906 homo
1128 2845 1262 2926 cogitat
1278 2854 1315 2907 et
1332 2844 1443 2928 loqui·

312 2949 367 3002 tur
386 2940 487 3016 bona,
509 2950 591 3003 tunc
611 2942 766 3004 exterius
785 2941 920 3022 cogitat
939 2947 975 3002 et
999 2937 1170 3022 loquitur:
1196 2949 1232 3002 at
1252 2958 1329 3002 cum
1350 2940 1444 3003 mala

311 3043 393 3099 tunc
417 3035 581 3114 interius;
613 3057 717 3119 quare
740 3055 819 3100 cum
843 3034 995 3120 loquitur
1017 3035 1120 3110 bona,
1144 3033 1182 3098 fit
1212 3033 1348 3117 loquela
1370 3035 1444 3117 ejus

311 3131 401 3196 sicut
424 3153 469 3196 ex
494 3133 647 3214 pariete;
674 3141 711 3196 et
736 3132 928 3214 comparari
951 3139 1068 3215 potest
1093 3149 1170 3193 curn
1195 3125 1303 3194 fructu
1323 3151 1439 3214 super·

311 3225 490 3292 ficietenus
521 3228 675 3311 pulchro,
700 3229 755 3312 qui
778 3229 872 3291 intus
895 3227 1141 3291 vermiculosus
1163 3237 1200 3290 et
1232 3229 1341 3308 putris
1364 3237 1440 3304 est;

312 3335 349 3388 et
367 3345 502 3409 quoque
519 3343 596 3387 cum
615 3345 682 3387 ovo
699 3325 859 3386 draconis
875 3333 990 3386 crusta
1008 3332 1119 3385 tenus.
1167 3326 1238 3388 llo-l
1271 3321 1439 3386 Sextum:

315 3420 414 3499 Quod
427 3419 462 3484 si
476 3421 577 3502 prius
599 3430 632 3484 et
649 3419 742 3502 plus,
761 3429 838 3483 tunc
857 3418 1013 3482 voluntas
1033 3417 1245 3482 adulteraret
1268 3417 1385 3482 bonum
1402 3437 1445 3482 ac

312 3516 495 3580 intellectus
503 3515 716 3598 falsificant
728 3536 854 3590 verum,
871 3514 1106 3577 commiscendo
1124 3512 1272 3576 iliacum
1291 3513 1392 3577 malis
1409 3523 1443 3576 et

310 3609 649 3691 indesalsis.-Cum
670 3610 833 3673 voluntas
852 3618 907 3672 est
926 3610 959 3672 in
976 3608 1079 3681 malo,
1101 3617 1182 3671 tunc
1202 3607 1262 3671 illa
1281 3609 1315 3670 in
1335 3608 1439 3672 intel-

310 3705 402 3771 ledtu
418 3705 593 3770 adulterat
609 3707 748 3782 bonum,
760 3727 800 3770 ac
817 3705 1052 3769 adulteratum
1065 3705 1192 3767 bonurn
1210 3705 1243 3767 in
1262 3701 1440 3768 intelleiiu

308 3812 365 3867 est
390 3802 422 3866 in
446 3801 628 3866 voluntate
653 3800 790 3874 malum,
811 3799 993 3864 confirmat
1013 3799 1103 3862 enim
1128 3799 1220 3882 quod
1241 3799 1370 3863 malum
1394 3798 1440 3862 sit

310 3899 451 3974 bonum,
466 3906 502 3961 et
518 3898 667 3961 vicissim
682 3919 691 3977 ;
711 3898 838 3960 malurn
855 3897 905 3959 ita
920 3895 1002 3959 iacit
1020 3915 1097 3958 curn
1114 3895 1207 3957 omni
1224 3894 1328 3968 bono,
1346 3893 1443 3978 quod

309 3994 375 4058 sibi
399 3994 597 4076 oppositum
625 4004 689 4057 est.
737 3991 867 4055 Malum
891 3993 998 4054 etiam
1022 3988 1181 4054 falsificat
1206 4007 1336 4064 verum,
1361 3990 1442 4072 quia

309 4110 429 4154 verum
453 4089 536 4152 boni
561 4099 615 4154 est
639 4090 837 4172 oppositum
861 4086 947 4150 salso
971 4086 1072 4163 mali;
1103 4084 1169 4149 hoc
1198 4104 1333 4168 quoque
1358 4085 1440 4149 iacit

309 4186 475 4249 voluntas
501 4186 536 4248 in
552 4181 753 4260 intelledlu
779 4194 815 4248 et
840 4203 910 4246 non
938 4177 1137 4245 intelleitus
1164 4201 1209 4244 ex
1234 4201 1280 4243 se.
1327 4178 1440 4244 Adul-

310 4283 503 4347 terationes
529 4283 612 4346 boni
634 4282 668 4345 in
692 4280 812 4345 Verbo
839 4278 1081 4344 describuntur
1112 4297 1172 4360 per
1198 4275 1380 4352 adulteria,
1405 4283 1442 4339 et

308 4372 572 4440 falsificationes
587 4373 659 4438 veri
677 4393 738 4456 per
753 4373 985 4437 scortationes
1004 4371 1060 4437 ibi.
1100 4370 1389 4438 Adulterationes
1404 4380 1443 4436 et

308 4466 568 4534 falsificationes
587 4468 667 4532 illae
687 4467 772 4532 fiunt
792 4488 852 4550 per
870 4467 1051 4532 ratiocinia
1069 4489 1115 4532 ex
1135 4467 1284 4532 naturali
1302 4467 1442 4533 homine

310 4565 368 4648 qui
399 4565 432 4627 in
461 4564 553 4629 malo
575 4573 641 4639 est,
666 4572 702 4629 et
729 4583 865 4646 quoque
893 4561 978 4627 liunt
1004 4584 1066 4648 per
1088 4561 1367 4628 confirmationes
1394 4583 1442 4628 ex

310 4660 524 4743 apparentiis
544 4678 665 4724 sensus
685 4660 824 4724 litterae
843 4658 961 4724 Verbi.
1008 4665 1070 4728 [ΙΙ.]
1101 4657 1213 4724 Amor
1231 4659 1294 4739 sui,
1310 4659 1368 4746 qui
1387 4667 1445 4725 est
