3268 5380
347 577 391 641 88
701 582 903 635 sumerum
926 580 1122 632 euoenon

345 759 462 822 vivam
485 755 736 841 experientiam
761 751 942 838 aliquoties
965 761 1143 816 ostensum
1170 760 1244 828 est;
1279 761 1314 815 et
1341 747 1472 814 ditium

345 851 439 936 quod
457 850 536 914 inde
553 851 596 912 sit
613 847 703 931 quod
720 847 1001 928 inaugurationes
1020 846 1053 909 in
1071 844 1293 908 ministerium
1307 842 1393 906 fiant
1413 864 1472 926 per

345 942 601 1026 impositionem
622 957 793 1014 manuum,
811 949 846 1002 et
865 938 957 1021 quod
977 956 1038 1019 per
1056 947 1199 1019 tangere
1220 955 1322 999 manu
1342 933 1470 1018 signifi·

344 1046 445 1099 cetur
454 1033 717 1106 communicare,
732 1039 868 1114 praeter
879 1029 945 1094 alia
958 1029 1089 1093 similia.
1135 1028 1192 1093 Ex
1205 1028 1258 1091 his
1270 1029 1470 1091 conclusum

345 1125 473 1192 iadtum
493 1135 558 1200 est,
579 1124 671 1208 quod
691 1143 793 1187 omne
813 1123 992 1187 charitatis
1011 1133 1047 1185 et
1071 1120 1157 1184 fidei
1172 1121 1206 1184 in
1230 1121 1391 1202 operibus
1414 1121 1469 1194 sit,

344 1230 383 1283 et
402 1218 493 1303 quod
513 1218 663 1281 charitas
679 1224 715 1280 et
738 1214 824 1279 fides
842 1217 971 1297 absque
990 1214 1150 1297 operibus
1169 1214 1236 1276 sint
1261 1214 1350 1276 sicut
1370 1214 1470 1276 irides

345 1312 474 1374 circum
504 1309 625 1384 solem,
657 1328 744 1392 quae
774 1318 987 1372 evanescunt
1017 1317 1053 1370 et
1083 1327 1104 1369 a
1133 1306 1222 1370 nube
1250 1306 1469 1386 dissipantur.

345 1401 462 1486 Quare
474 1403 578 1467 toties
591 1403 625 1465 in
637 1400 756 1465 Verbo
769 1401 928 1464 dicuntur
940 1405 960 1432 “
969 1397 1103 1480 opera,”
1112 1408 1149 1462 et
1161 1398 1286 1461 dicitur
1297 1404 1317 1430 “
1326 1394 1469 1471 iacere,'’

344 1504 383 1560 et
406 1495 497 1579 quod
522 1494 613 1557 salus
637 1493 785 1556 hominis
808 1492 852 1555 ab
875 1491 941 1554 illis
965 1492 1135 1573 pendeat;
1169 1491 1274 1554 etiam
1304 1491 1361 1573 qui
1391 1490 1470 1553 lacit

345 1599 490 1652 vocatur
506 1587 654 1667 sapiens,
674 1595 710 1649 et
730 1585 784 1668 qui
802 1605 869 1647 non
887 1584 969 1647 lacit
987 1593 1130 1647 vocatur
1146 1582 1284 1646 stultus
1332 1582 1385 1646 At
1405 1583 1468 1645 sci·

343 1679 473 1743 endum
497 1688 561 1752 est,
586 1677 677 1760 quod
708 1697 767 1759 per
793 1683 925 1758 “opera
935 1676 950 1700 ”
973 1676 1027 1738 hic
1050 1673 1289 1757 intelligantur
1313 1695 1393 1737 usus
1416 1673 1470 1757 qui

345 1768 528 1834 adlualiter
548 1769 652 1847 liunt3
680 1771 712 1832 in
736 1767 802 1833 illis
822 1770 913 1831 enim
933 1778 968 1832 et
992 1768 1179 1832 secundum
1197 1767 1277 1832 illos
1295 1778 1349 1830 est
1369 1785 1468 1830 omne

344 1862 526 1925 charitatis
553 1873 589 1924 et
619 1861 714 1924 fidei:
747 1880 824 1924 cum
848 1861 962 1923 usibus
985 1871 1039 1924 est
1069 1860 1128 1924 illa
1151 1858 1467 1942 correspondentia,

343 1954 424 2036 quia
437 1954 742 2035 correspondentia
754 1953 812 2016 illa
824 1963 878 2016 est
894 1951 1089 2033 spiritualis,
1103 1952 1163 2016 sed
1181 1951 1218 2015 fit
1235 1971 1295 2033 per
1307 1951 1468 2014 substan-

344 2046 413 2108 tias
432 2055 468 2109 et
488 2048 659 2117 materias,
678 2065 765 2127 quae
784 2054 863 2107 sunt
880 2042 1042 2125 subjedla.

410 2155 499 2205 221.
535 2140 600 2203 Hic
620 2140 689 2203 duo
708 2160 843 2214 arcana,
861 2161 948 2221 quae
965 2161 1025 2220 per
1045 2138 1239 2220 supradidta
1257 2140 1290 2201 in
1309 2138 1467 2201 intellec·

345 2241 420 2297 tum
437 2233 576 2304 cadunt,
595 2232 737 2296 revelari
753 2243 908 2313 possunt.
952 2231 1108 2295 Primum
1123 2251 1282 2296 arcanum
1297 2241 1362 2304 est,
1377 2228 1468 2313 quod

345 2323 500 2388 Verbum
520 2326 552 2387 in
572 2345 672 2387 sensu
690 2324 824 2386 litterae
843 2325 887 2387 sit
905 2325 939 2386 in
957 2344 1019 2387 suo
1035 2322 1138 2405 pleno
1157 2333 1192 2387 et
1213 2325 1245 2386 in
1265 2344 1325 2385 sua
1345 2333 1467 2403 poten·

344 2418 404 2480 tia.
446 2416 533 2480 Sunt
544 2418 633 2479 enim
648 2427 717 2481 tres
730 2435 849 2479 sensus
859 2417 1047 2479 secundum
1060 2427 1131 2480 tres
1143 2416 1270 2497 gradus
1283 2417 1316 2478 in
1329 2415 1467 2488 Verb0;

343 2529 465 2570 sensus
495 2508 672 2582 caelestia,'
698 2528 818 2570 sensus
848 2508 1045 2590 spiritualis,
1076 2517 1112 2572 et
1142 2527 1262 2572 sensus
1292 2507 1466 2570 naturalis.

343 2597 518 2681 Quoniam
542 2600 589 2662 illi
613 2620 732 2664 sensus
751 2601 938 2664 secundum
966 2611 1036 2664 tres
1059 2600 1185 2681 gradus
1212 2599 1406 2663 altitudinis
1435 2601 1466 2662 in

344 2687 464 2754 Verbo
483 2703 573 2764 sunt,
588 2703 623 2754 et
643 2688 836 2772 conjunttio
852 2691 986 2756 illorum
1002 2690 1039 2755 fit
1057 2711 1117 2774 per
1133 2692 1464 2773 correspondentias‚

343 2782 423 2845 ideo
448 2783 587 2846 ultimus
610 2804 740 2858 sensus,
761 2785 817 2866 qui
839 2795 893 2848 est
917 2785 1092 2860 naturalis,
1116 2794 1153 2847 et
1181 2795 1325 2848 vocatur
1348 2803 1467 2847 sensus

345 2872 494 2950 litterae,
516 2896 582 2938 non
604 2878 708 2940 modo
726 2887 780 2940 est
799 2876 1014 2958 complexus,
1032 2877 1214 2940 continens
1229 2886 1265 2939 et
1280 2877 1372 2939 basis
1388 2896 1466 2940 sen·

343 2986 441 3029 suum
458 2969 655 3032 interiorum
672 2969 1025 3050 correspondentium,
1042 2969 1103 3032 sed
1120 2970 1225 3033 etiam
1243 2977 1297 3032 est
1314 2967 1466 3031 Verbum

343 3058 377 3121 in
395 3059 517 3123 ultimo
532 3081 634 3123 sensu
652 3061 686 3124 in
705 3081 767 3125 suo
783 3060 886 3143 pleno
904 3072 940 3125 et
959 3062 992 3124 in
1008 3081 1070 3124 sua
1085 3061 1251 3142 potentia.
1297 3057 1400 3142 Quod
1418 3061 1467 3123 ita

344 3153 401 3224 sit,
420 3152 537 3217 multis
553 3164 731 3216 ostensum
748 3163 782 3216 et
800 3151 1037 3216 confirmatum
1054 3160 1107 3216 est
1121 3153 1156 3216 in
1172 3150 1336 3216 Dotlrina
1351 3151 1467 3216 Nouae

345 3241 599 3326 Hierosolymae
616 3246 656 3308 de
678 3243 857 3325 Scriptura
880 3243 987 3308 Sacra
1005 3243 1052 3326 (n.
1077 3257 1192 3326 27-35‚
1211 3243 1324 3326 36-49,
1352 3245 1464 3326 5061,

342 3334 477 3419 62-69).
522 3335 679 3400 Alterum
697 3356 858 3399 arcanum
874 3346 938 3410 est,
957 3336 1046 3419 quod
1064 3336 1231 3400 Dominus
1249 3337 1283 3400 in
1303 3337 1465 3401 mundum

344 3431 547 3503 veneritne
572 3429 761 3510 susceperit
785 3426 993 3502 Humanum,
1018 3428 1111 3492 utin
1136 3430 1329 3510 potentiam
1352 3428 1464 3511 subju·

344 3520 452 3600 gandi
467 3519 608 3594 inferna,
622 3539 660 3582 ac
677 3521 711 3582 in
728 3520 883 3583 ordinem
896 3520 1074 3601 redigendi
1091 3521 1205 3584 omnia
1221 3532 1293 3584 tam
1312 3521 1345 3584 in
1363 3520 1465 3585 caelis

343 3629 447 3691 quam
467 3612 501 3673 in
518 3611 628 3685 terris,
646 3609 689 3674 Se
707 3611 872 3674 mitteret.
918 3610 995 3674 Hoc
1015 3611 1211 3676 Humanum
1228 3613 1464 3694 superinduxit

348 3699 509 3765 Humano
532 3722 594 3764 suo
618 3702 728 3782 priori.
775 3701 971 3766 Humanum
991 3705 1081 3786 quod
1105 3705 1138 3766 in
1163 3704 1292 3769 mundo
1311 3706 1463 3786 superin-

343 3796 457 3871 duxit,
481 3795 543 3861 suit
573 3797 660 3860 sicut
684 3796 868 3860 humanum
893 3798 1039 3862 hominis
1066 3800 1099 3862 in
1123 3801 1261 3875 mundo,
1286 3811 1465 3884 utrumque

345 3898 462 3952 tamen
477 3889 648 3965 Divinum,
660 3899 695 3953 et
706 3888 785 3952 inde
802 3888 932 3953 infinite
945 3892 1193 3954 transcendens
1209 3891 1359 3956 humana
1371 3892 1465 3957 linita

343 3983 547 4065 angelorum
565 3995 599 4049 et
616 3985 802 4048 hominum.
848 3983 895 4048 Et
912 3987 990 4068 quia
1001 3986 1101 4068 plene
1115 3985 1318 4068 glorificavit
1333 3987 1464 4052 Huma-

345 4099 426 4142 num
443 4079 598 4144 naturale
611 4101 716 4162 usque
735 4081 778 4143 ad
798 4079 919 4144 ultima
935 4079 1015 4162 ejus,
1033 4082 1111 4145 ideo
1127 4101 1203 4144 cum
1220 4092 1298 4146 toto
1315 4081 1465 4165 Corpore

343 4176 543 4250 resurrexit,
561 4195 658 4238 secus
676 4195 715 4239 ac
735 4174 823 4238 ullus
842 4176 956 4239 homo.
1001 4175 1064 4239 Per
1082 4177 1352 4260 assumptionem
1370 4176 1465 4260 hujus

347 4267 498 4333 Humani
517 4269 626 4334 induit
647 4271 933 4351 omnipotentiam
954 4269 1113 4334 Divinam
1138 4291 1206 4334 non
1229 4273 1334 4337 modo
1352 4272 1462 4355 subju-

343 4364 449 4443 gandi
467 4365 608 4438 inferna,
629 4384 668 4428 ac
692 4365 725 4427 in
745 4365 898 4428 ordinem
918 4363 1095 4447 redigendi
1114 4366 1251 4446 caelos;
1281 4369 1342 4432 sed
1361 4368 1463 4432 etiam

344 4457 476 4521 inferna
499 4461 532 4521 in
552 4471 731 4523 aeternum
750 4459 933 4542 subjugata
952 4461 1104 4536 tenendi,
1121 4472 1157 4524 et
1180 4463 1335 4527 salvandi
1354 4463 1463 4527 homi·

345 4573 418 4616 nes.
464 4552 561 4617 Haec
582 4557 738 4636 potentia
757 4554 971 4638 intelligitur,
989 4575 1048 4636 per
1067 4557 1157 4639 quod
1176 4557 1295 4622 sedeat
1314 4559 1357 4622 ad
1377 4558 1463 4621 dex·
