3424 5368
350 679 409 746 192
701 673 906 726 SAPIENTIA
926 669 1124 723 ANGELICA

346 845 470 934 impios
488 850 603 928 corde,
620 849 678 934 qui
696 850 731 913 in
747 837 976 932 dignitatibus
992 855 1085 922 sunt,
1105 864 1166 927 per
1183 843 1309 908 samam
1326 843 1481 908 nominis

346 965 465 1010 eorum
485 949 586 1030 regit,
607 957 643 1012 et
667 947 803 1010 excitat
826 945 872 1008 ad
894 941 1089 1006 laciendum
1112 959 1194 1004 usus
1216 940 1392 1004 communi
1415 961 1478 1002 seu

346 1041 488 1121 patriae,
502 1041 663 1107 societati
679 1061 740 1106 seu
757 1039 889 1106 civitati
904 1037 938 1102 in
953 1057 1020 1120 qua
1034 1044 1127 1113 sunt,
1142 1043 1178 1100 et
1193 1055 1328 1120 quoque
1341 1034 1480 1100 concivi

347 1153 407 1197 seu
434 1138 593 1219 proximo
615 1157 694 1202 cum
721 1157 790 1221 quo
814 1144 907 1199 sunt.
953 1131 1032 1197 Hoc
1060 1141 1115 1198 est
1140 1133 1296 1214 regimen
1321 1129 1477 1208 Domini,

347 1231 439 1312 quod
462 1242 605 1297 vocatur
629 1232 756 1296 Divina
779 1230 1003 1296 Providentia
1025 1247 1102 1293 cum
1126 1226 1273 1292 talibus:
1303 1234 1359 1290 est
1383 1227 1476 1290 enim

349 1323 510 1407 Regnum
533 1326 674 1392 Domini
697 1347 841 1410 regnum
865 1345 997 1402 usuum,
1022 1335 1058 1388 et
1084 1324 1140 1387 ubi
1163 1343 1233 1388 non
1260 1323 1388 1386 dantur
1411 1323 1479 1386 nisi

348 1439 450 1502 quam
473 1423 572 1504 pauci
591 1424 648 1506 qui
671 1443 751 1487 usus
769 1432 950 1506 praestant
969 1429 1110 1504 propter
1128 1439 1219 1496 usus,
1237 1418 1320 1483 facit
1343 1428 1381 1482 ut
1399 1417 1476 1481 cul-

348 1524 442 1578 tores
459 1517 510 1579 sui
528 1517 571 1580 ad
590 1518 819 1582 eminentiora
838 1516 951 1582 officia
968 1515 1170 1590 evehantur,
1187 1516 1221 1577 in
1241 1513 1362 1598 quibus
1380 1515 1476 1599 quis-

349 1631 414 1692 que
440 1611 484 1674 ad
510 1612 639 1676 bonum
667 1613 861 1678 laciendum
889 1633 950 1696 per
979 1631 1075 1676 suum
1106 1629 1259 1675 amorem
1289 1610 1476 1675 excitatur.

350 1711 407 1778 [4.]
438 1705 531 1770 Pone
557 1707 696 1793 aliquod
723 1728 868 1792 regnum
898 1707 1063 1772 infernale
1093 1708 1127 1770 in
1158 1707 1298 1782 mundo,
1330 1706 1477 1770 tametsi

349 1818 418 1864 non
442 1802 554 1879 datur,
579 1804 635 1867 ubi
659 1825 728 1869 non
752 1805 816 1869 nisi
839 1824 941 1888 quam
965 1823 1101 1867 amores
1129 1803 1180 1866 sui
1209 1811 1359 1884 regnant
1383 1800 1477 1884 (ipse

349 1915 446 1960 amor
465 1899 515 1961 sui
533 1907 588 1962 est
607 1898 793 1986 diabolus),
818 1920 932 1964 annon
953 1900 1094 1982 quisque
1114 1919 1193 1962 usus
1210 1897 1313 1962 saciet
1331 1918 1376 1961 ex
1392 1898 1477 1979 igne

350 1993 474 2055 amoris
493 1995 556 2071 sui,
574 2004 611 2059 et
630 2017 676 2059 ex
694 1997 880 2078 splendore
899 1996 1029 2079 gloriae
1049 2016 1142 2069 suae,
1163 1994 1360 2077 plusquam
1379 1993 1475 2056 aliud

349 2088 517 2169 regnum?
554 2089 605 2154 At
622 2093 712 2174 apud
729 2112 850 2156 omnes
865 2091 943 2155 illos
956 2112 1014 2154 ore
1027 2090 1270 2154 serturbonum
1286 2089 1476 2172 publicum,
1553 2133 1556 2138 ι

350 2185 411 2246 sed
431 2185 534 2249 corde
553 2186 682 2250 bonum
705 2208 812 2252 suum.
858 2187 906 2252 Et
925 2188 1004 2270 quia
1026 2186 1168 2269 quisque
1191 2182 1328 2267 spectat
1347 2186 1473 2268 princi·

349 2301 428 2363 pem
452 2302 550 2345 suum
573 2291 611 2346 ut
636 2283 743 2366 major
771 2283 841 2360 fiat,
866 2285 975 2368 spirat
1004 2283 1096 2345 enim
1120 2290 1158 2344 ut
1183 2282 1366 2357 maximus,
1390 2299 1475 2345 num

350 2376 430 2439 talis
453 2386 570 2459 potest
593 2378 710 2443 videre
733 2378 824 2460 quod
852 2378 946 2442 Deus
970 2374 1040 2440 siti
1084 2373 1151 2440 Est
1175 2375 1284 2438 sumus
1306 2377 1395 2439 sicut
1418 2377 1474 2440 in·

350 2471 463 2535 cendii
492 2475 549 2554 qui
579 2475 825 2556 circumstipat‚
856 2493 916 2555 per
945 2490 1047 2556 quem
1082 2490 1150 2534 non
1185 2480 1302 2554 potest
1331 2470 1473 2555 aliquod

350 2587 467 2631 verum
487 2568 664 2649 spirituale
683 2569 716 2631 in
740 2589 801 2631 sua
823 2568 899 2632 luce
922 2568 1078 2632 transire.
1123 2565 1205 2630 Vidi
1228 2565 1324 2630 illum
1343 2566 1472 2633 sumum

351 2662 475 2726 circum
506 2664 636 2726 inferna
665 2663 796 2727 talium.
847 2663 1014 2727 Accende
1044 2661 1230 2735 lucernam,
1261 2672 1298 2727 et
1328 2663 1472 2745 inquire,

350 2769 435 2840 quot
454 2759 488 2820 in
509 2761 625 2841 regnis
649 2760 752 2823 hodie
777 2770 868 2838 sunt,
886 2761 941 2843 qui
960 2760 1112 2843 aspirant
1131 2757 1174 2820 ad
1195 2758 1397 2841 dignitates,
1415 2759 1473 2842 qui

351 2873 419 2916 non
439 2864 518 2918 sunt
537 2874 672 2919 amores
691 2857 741 2920 sui
761 2865 797 2920 et
816 2856 943 2920 mundi.
988 2855 1079 2919 Num
1099 2855 1188 2918 inter
1206 2854 1300 2918 mille
1318 2855 1473 2918 invenies

350 2949 610 3032 quinquaginta,
627 2952 683 3034 qui
700 2971 835 3017 amores
852 2950 917 3015 Dei
933 2961 1024 3027 sunt,
1044 2961 1081 3015 et
1097 2951 1187 3014 inter
1205 2951 1270 3014 hos
1289 2950 1393 3014 modo
1409 2950 1471 3013 ali·

350 3065 446 3127 quoS,
467 3047 523 3128 qui
542 3046 586 3109 ad
605 3047 795 3129 dignitates
814 3047 993 3129 aspirant?
1037 3045 1124 3111 Cum
1144 3048 1261 3128 itaque
1279 3055 1352 3110 tam
1373 3047 1474 3128 pauci

350 3159 493 3204 numero
523 3151 615 3216 sunt,
644 3143 700 3224 qui
729 3161 864 3206 amores
896 3140 963 3206 Dei
995 3151 1086 3218 sunt,
1118 3151 1154 3204 et
1183 3151 1255 3204 tam
1286 3141 1385 3204 multi
1414 3142 1474 3222 qui

349 3256 485 3300 amores
509 3238 561 3300 sui
582 3247 618 3302 et
641 3238 771 3314 mundi,
796 3248 832 3303 et
855 3257 932 3300 cum
955 3237 990 3300 hi
1016 3257 1151 3302 amores
1174 3257 1220 3301 ex
1243 3238 1312 3300 suis
1335 3236 1473 3319 ignibus

350 3333 425 3415 plus
444 3355 524 3396 usus
546 3343 738 3417 praestant,
759 3353 861 3418 quam
885 3354 1019 3397 amores
1042 3333 1108 3398 Dei
1131 3355 1176 3397 ex
1195 3335 1275 3408 suis,
1297 3331 1473 3415 quomodo

349 3437 430 3492 tunc
450 3439 566 3511 potest
585 3428 706 3512 aliquis
722 3450 759 3493 se
778 3427 979 3493 confirmare
998 3451 1058 3514 per
1073 3429 1107 3492 id
1126 3429 1218 3512 quod
1236 3427 1318 3491 mali
1334 3429 1366 3490 in
1385 3429 1469 3490 emi·

349 3526 468 3587 nentia
486 3535 522 3588 et
539 3525 716 3608 opulentia
735 3545 816 3609 prae
834 3525 934 3589 bonis
952 3527 1031 3589 sint.
1078 3531 1135 3592 [5.]
1171 3524 1248 3588 Hoc
1264 3525 1370 3588 etiam
1386 3542 1470 3587 con·

349 3617 503 3684 firmatur
521 3642 580 3705 per
598 3620 684 3685 haec
704 3620 845 3685 Domini
861 3621 983 3685 verba:

398 3766 554 3818 “Laudavit
575 3769 710 3818 Dominus
730 3783 909 3818 oeconomum
931 3768 1087 3831 injustitiae,
1105 3767 1177 3832 quod
1201 3767 1348 3830 prudenter
1367 3766 1471 3828 egerit:

481 3849 543 3883 nam
557 3835 602 3883 filii
614 3834 694 3897 hujus
707 3835 807 3884 saeculi
820 3836 1007 3898 prudentiores
1020 3843 1083 3883 sunt
1096 3848 1178 3896 supra
1187 3832 1256 3882 filios
1269 3832 1336 3881 lucis
1349 3833 1376 3881 in
1388 3845 1462 3894 gene

480 3902 584 3950 ratione
602 3915 659 3950 sua.
697 3901 740 3950 Sic
758 3900 817 3963 Ego
831 3903 907 3950 vobis
925 3901 993 3959 dico,
1014 3899 1104 3950 Facite
1118 3899 1196 3948 vobls
1213 3898 1316 3947 amicos
1333 3911 1367 3946 ex
1384 3910 1457 3946 marr.

483 3981 564 4016 mone
579 3966 737 4028 injustitiae,
750 3977 779 4015 ut
796 3968 903 4030 quando
918 3967 1070 4016 defeceritis
1087 3965 1237 4028 suscipiant
1250 3977 1301 4014 voe
1315 3963 1343 4012 in
1357 3970 1457 4012 aetem¹

479 4031 677 4082 tabernacula¹'
692 4032 764 4094 (Luc.
777 4033 829 4082 xvi.
843 4033 865 4092 8,
878 4033 919 4095 ql:

348 4187 428 4272 quid
459 4209 519 4271 per
547 4187 632 4252 haec
663 4190 697 4252 in
727 4210 830 4253 sensu
860 4189 1006 4252 naturali
1033 4187 1247 4270 intelligitur,
1277 4190 1402 4271 patet}
1434 4180 1474 4255 in

348 4305 450 4348 sensu
470 4295 586 4348 autem
603 4285 769 4366 spirituali
786 4305 847 4367 per
864 4291 1122 4348 “mammonem
1140 4277 1350 4364 injustitiae''
1362 4279 1474 4348 intel·

262 4411 264 4416 ·
349 4381 500 4463 liguntur
528 4383 746 4462 cognitiones
769 4383 839 4445 veri
868 4391 904 4445 et
934 4382 1024 4456 boni,
1048 4401 1132 4464 quas
1162 4379 1244 4444 mali
1262 4377 1472 4463 possident,

348 4487 383 4540 et
406 4479 527 4560 quibus
550 4477 593 4540 ad
617 4479 807 4560 dignitates
830 4488 866 4541 et
890 4499 974 4561 opes
998 4477 1061 4540 sibi
1084 4477 1334 4560 comparandas
1358 4473 1471 4542 solum

348 4584 510 4652 utuntnr3
543 4574 623 4638 illae
647 4576 865 4656 cognitiones
889 4585 980 4648 sunt,
1007 4595 1051 4638 ex
1080 4574 1200 4657 quibus
1223 4573 1305 4637 boni
1327 4595 1391 4641 seu
1412 4571 1473 4638 filii

347 4668 432 4733 lucis
448 4670 511 4733 sibi
527 4670 656 4734 amicos
673 4670 810 4746 sacient,
824 4682 860 4734 et
876 4691 963 4754 quae
980 4671 1165 4752 suscipient
1181 4668 1261 4734 illos
1275 4673 1311 4738 in
1327 4679 1474 4742 aeterna
