<?xml version="1.0" encoding="UTF-8"?>
<!DOCTYPE html PUBLIC "-//W3C//DTD XHTML 1.0 Transitional//EN"
    "http://www.w3.org/TR/xhtml1/DTD/xhtml1-transitional.dtd">
<html xmlns="http://www.w3.org/1999/xhtml" xml:lang="en" lang="en">
 <head>
  <title>
</title>
<meta http-equiv="Content-Type" content="text/html;charset=utf-8" />
  <meta name='ocr-system' content='tesseract 3.04.00' />
  <meta name='ocr-capabilities' content='ocr_page ocr_carea ocr_par ocr_line ocrx_word'/>
</head>
<body>
  <div class='ocr_page' id='page_1' title='image "./sapientaangelic01swedgoog_0264.png"; bbox 0 0 3434 5364; ppageno 0'>
   <div class='ocr_carea' id='block_1_1' title="bbox 501 673 1395 744">
    <p class='ocr_par' dir='ltr' id='par_1_1' title="bbox 501 673 1395 744">
     <span class='ocr_line' id='line_1_1' title="bbox 501 673 1395 744; baseline 0.006 -22"><span class='ocrx_word' id='word_1_1' title='bbox 501 673 551 722; x_wconf 80' lang='lat' dir='ltr'>DE</span> <span class='ocrx_word' id='word_1_2' title='bbox 577 673 714 723; x_wconf 83' lang='lat' dir='ltr'>DIVINA</span> <span class='ocrx_word' id='word_1_3' title='bbox 739 673 1095 726; x_wconf 83' lang='lat' dir='ltr'>PROVIDENTIA.-N.</span> <span class='ocrx_word' id='word_1_4' title='bbox 1115 678 1165 726; x_wconf 87' lang='lat'>21.</span> <span class='ocrx_word' id='word_1_5' title='bbox 1358 675 1395 744; x_wconf 79' lang='grc'>15</span> 
     </span>
    </p>
   </div>
   <div class='ocr_carea' id='block_1_2' title="bbox 266 844 1401 1793">
    <p class='ocr_par' dir='ltr' id='par_1_2' title="bbox 266 844 1400 1698">
     <span class='ocr_line' id='line_1_2' title="bbox 266 844 1398 932; baseline 0.002 -22"><span class='ocrx_word' id='word_1_6' title='bbox 266 853 335 919; x_wconf 84' lang='lat' dir='ltr'>est,</span> <span class='ocrx_word' id='word_1_7' title='bbox 355 845 446 927; x_wconf 90' lang='lat' dir='ltr'>quod</span> <span class='ocrx_word' id='word_1_8' title='bbox 464 865 583 908; x_wconf 91' lang='lat' dir='ltr'>omnes</span> <span class='ocrx_word' id='word_1_9' title='bbox 601 844 680 909; x_wconf 85' lang='lat' dir='ltr'>mali</span> <span class='ocrx_word' id='word_1_10' title='bbox 700 845 843 910; x_wconf 89' lang='lat' dir='ltr'><strong>credant</strong></span> <span class='ocrx_word' id='word_1_11' title='bbox 863 867 899 909; x_wconf 89' lang='lat' dir='ltr'>se</span> <span class='ocrx_word' id='word_1_12' title='bbox 919 857 1094 928; x_wconf 88' lang='lat' dir='ltr'>potentes,</span> <span class='ocrx_word' id='word_1_13' title='bbox 1112 855 1148 911; x_wconf 89' lang='lat' dir='ltr'>et</span> <span class='ocrx_word' id='word_1_14' title='bbox 1168 846 1260 932; x_wconf 91' lang='lat' dir='ltr'>quod</span> <span class='ocrx_word' id='word_1_15' title='bbox 1277 867 1398 914; x_wconf 87' lang='lat' dir='ltr'>omnes</span> 
     </span>
     <span class='ocr_line' id='line_1_3' title="bbox 267 941 1397 1028; baseline 0.002 -22"><span class='ocrx_word' id='word_1_16' title='bbox 267 941 350 1006; x_wconf 90' lang='lat' dir='ltr'>boni</span> <span class='ocrx_word' id='word_1_17' title='bbox 369 941 513 1005; x_wconf 86' lang='lat' dir='ltr'><strong>credant</strong></span> <span class='ocrx_word' id='word_1_18' title='bbox 533 962 569 1004; x_wconf 89' lang='lat' dir='ltr'>se</span> <span class='ocrx_word' id='word_1_19' title='bbox 589 961 658 1003; x_wconf 91' lang='lat' dir='ltr'>non</span> <span class='ocrx_word' id='word_1_20' title='bbox 682 951 855 1023; x_wconf 88' lang='lat' dir='ltr'>potentes.</span> <span class='ocrx_word' id='word_1_21' title='bbox 902 941 1014 1006; x_wconf 84' lang='lat' dir='ltr'>Causa</span> <span class='ocrx_word' id='word_1_22' title='bbox 1030 954 1096 1018; x_wconf 90' lang='lat' dir='ltr'>est,</span> <span class='ocrx_word' id='word_1_23' title='bbox 1116 943 1195 1026; x_wconf 84' lang='lat' dir='ltr'>quia</span> <span class='ocrx_word' id='word_1_24' title='bbox 1214 942 1296 1008; x_wconf 88' lang='lat' dir='ltr'>mali</span> <span class='ocrx_word' id='word_1_25' title='bbox 1316 965 1397 1028; x_wconf 89' lang='lat' dir='ltr'>pro·</span> 
     </span>
     <span class='ocr_line' id='line_1_4' title="bbox 267 1037 1396 1120; baseline 0.003 -20"><span class='ocrx_word' id='word_1_26' title='bbox 267 1038 363 1120; x_wconf 90' lang='lat' dir='ltr'>priae</span> <span class='ocrx_word' id='word_1_27' title='bbox 380 1037 567 1120; x_wconf 86' lang='lat' dir='ltr'>potentiae,</span> <span class='ocrx_word' id='word_1_28' title='bbox 581 1045 617 1100; x_wconf 90' lang='lat' dir='ltr'>et</span> <span class='ocrx_word' id='word_1_29' title='bbox 633 1037 681 1099; x_wconf 90' lang='lat' dir='ltr'>sic</span> <span class='ocrx_word' id='word_1_30' title='bbox 698 1037 848 1101; x_wconf 84' lang='lat' dir='ltr'>astutiae</span> <span class='ocrx_word' id='word_1_31' title='bbox 865 1048 900 1102; x_wconf 90' lang='lat' dir='ltr'>et</span> <span class='ocrx_word' id='word_1_32' title='bbox 917 1038 1081 1114; x_wconf 83' lang='lat' dir='ltr'>malitiae,</span> <span class='ocrx_word' id='word_1_33' title='bbox 1094 1039 1251 1105; x_wconf 85' lang='lat' dir='ltr'>tribuunt</span> <span class='ocrx_word' id='word_1_34' title='bbox 1267 1040 1396 1116; x_wconf 89' lang='lat' dir='ltr'>omnia,</span> 
     </span>
     <span class='ocr_line' id='line_1_5' title="bbox 266 1131 1398 1217; baseline 0.001 -19"><span class='ocrx_word' id='word_1_35' title='bbox 266 1141 307 1198; x_wconf 88' lang='lat' dir='ltr'>et</span> <span class='ocrx_word' id='word_1_36' title='bbox 326 1131 411 1197; x_wconf 88' lang='lat' dir='ltr'><strong>nihil</strong></span> <span class='ocrx_word' id='word_1_37' title='bbox 431 1131 581 1195; x_wconf 91' lang='lat' dir='ltr'>Domino</span> <span class='ocrx_word' id='word_1_38' title='bbox 593 1153 602 1210; x_wconf 72' lang='grc' dir='ltr'><strong><em>ς</em></strong></span> <span class='ocrx_word' id='word_1_39' title='bbox 633 1141 670 1194; x_wconf 91' lang='lat' dir='ltr'>at</span> <span class='ocrx_word' id='word_1_40' title='bbox 693 1131 775 1195; x_wconf 92' lang='lat' dir='ltr'>boni</span> <span class='ocrx_word' id='word_1_41' title='bbox 798 1132 882 1196; x_wconf 90' lang='lat' dir='ltr'><strong>nihil</strong></span> <span class='ocrx_word' id='word_1_42' title='bbox 900 1134 1053 1198; x_wconf 91' lang='lat' dir='ltr'>tribuunt</span> <span class='ocrx_word' id='word_1_43' title='bbox 1071 1135 1228 1217; x_wconf 90' lang='lat' dir='ltr'>propriae</span> <span class='ocrx_word' id='word_1_44' title='bbox 1249 1137 1398 1217; x_wconf 88' lang='lat' dir='ltr'>pruden-</span> 
     </span>
     <span class='ocr_line' id='line_1_6' title="bbox 267 1227 1398 1312; baseline 0.002 -20"><span class='ocrx_word' id='word_1_45' title='bbox 267 1228 352 1304; x_wconf 85' lang='lat' dir='ltr'>tiae,</span> <span class='ocrx_word' id='word_1_46' title='bbox 387 1228 447 1290; x_wconf 88' lang='lat' dir='ltr'>sed</span> <span class='ocrx_word' id='word_1_47' title='bbox 481 1228 596 1291; x_wconf 84' lang='lat' dir='ltr'>omnia</span> <span class='ocrx_word' id='word_1_48' title='bbox 633 1227 793 1304; x_wconf 91' lang='lat' dir='ltr'>Domino,</span> <span class='ocrx_word' id='word_1_49' title='bbox 826 1229 881 1311; x_wconf 91' lang='lat' dir='ltr'>qui</span> <span class='ocrx_word' id='word_1_50' title='bbox 916 1238 969 1293; x_wconf 88' lang='lat' dir='ltr'>est</span> <span class='ocrx_word' id='word_1_51' title='bbox 1004 1227 1247 1312; x_wconf 86' lang='lat' dir='ltr'>Omnipotens.</span> <span class='ocrx_word' id='word_1_52' title='bbox 1294 1230 1398 1312; x_wconf 83' lang='lat' dir='ltr'>Quod</span> 
     </span>
     <span class='ocr_line' id='line_1_7' title="bbox 268 1323 1399 1411; baseline 0.003 -23"><span class='ocrx_word' id='word_1_53' title='bbox 268 1323 400 1388; x_wconf 91' lang='lat' dir='ltr'>malum</span> <span class='ocrx_word' id='word_1_54' title='bbox 420 1332 456 1388; x_wconf 91' lang='lat' dir='ltr'>et</span> <span class='ocrx_word' id='word_1_55' title='bbox 474 1323 574 1387; x_wconf 89' lang='lat' dir='ltr'>simul</span> <span class='ocrx_word' id='word_1_56' title='bbox 597 1323 720 1387; x_wconf 88' lang='lat' dir='ltr'>salsum</span> <span class='ocrx_word' id='word_1_57' title='bbox 740 1343 809 1387; x_wconf 95' lang='lat' dir='ltr'>non</span> <span class='ocrx_word' id='word_1_58' title='bbox 833 1325 901 1388; x_wconf 85' lang='lat' dir='ltr'>sint</span> <span class='ocrx_word' id='word_1_59' title='bbox 924 1325 1065 1408; x_wconf 89' lang='lat' dir='ltr'>aliquid,</span> <span class='ocrx_word' id='word_1_60' title='bbox 1086 1337 1141 1390; x_wconf 89' lang='lat' dir='ltr'>est</span> <span class='ocrx_word' id='word_1_61' title='bbox 1161 1347 1297 1411; x_wconf 87' lang='lat' dir='ltr'>quoque</span> <span class='ocrx_word' id='word_1_62' title='bbox 1320 1328 1399 1411; x_wconf 90' lang='lat' dir='ltr'>quia</span> 
     </span>
     <span class='ocr_line' id='line_1_8' title="bbox 267 1418 1400 1505; baseline 0.002 -21"><span class='ocrx_word' id='word_1_63' title='bbox 267 1418 337 1485; x_wconf 87' lang='lat' dir='ltr'>illis</span> <span class='ocrx_word' id='word_1_64' title='bbox 354 1418 439 1482; x_wconf 91' lang='lat' dir='ltr'>nihil</span> <span class='ocrx_word' id='word_1_65' title='bbox 459 1419 551 1483; x_wconf 89' lang='lat' dir='ltr'>vitae</span> <span class='ocrx_word' id='word_1_66' title='bbox 574 1418 759 1502; x_wconf 88' lang='lat' dir='ltr'>spiritualis</span> <span class='ocrx_word' id='word_1_67' title='bbox 782 1428 857 1498; x_wconf 88' lang='lat' dir='ltr'>est;</span> <span class='ocrx_word' id='word_1_68' title='bbox 889 1441 977 1503; x_wconf 88' lang='lat' dir='ltr'>quae</span> <span class='ocrx_word' id='word_1_69' title='bbox 1001 1441 1104 1486; x_wconf 84' lang='lat' dir='ltr'>causa</span> <span class='ocrx_word' id='word_1_70' title='bbox 1129 1434 1194 1498; x_wconf 88' lang='lat' dir='ltr'>est,</span> <span class='ocrx_word' id='word_1_71' title='bbox 1215 1423 1307 1505; x_wconf 91' lang='lat' dir='ltr'>quod</span> <span class='ocrx_word' id='word_1_72' title='bbox 1326 1424 1400 1487; x_wconf 82' lang='lat' dir='ltr'>vita</span> 
     </span>
     <span class='ocr_line' id='line_1_9' title="bbox 267 1515 1399 1608; baseline 0.002 -28"><span class='ocrx_word' id='word_1_73' title='bbox 267 1515 485 1581; x_wconf 83' lang='lat' dir='ltr'>infernalium</span> <span class='ocrx_word' id='word_1_74' title='bbox 506 1535 575 1578; x_wconf 92' lang='lat' dir='ltr'>non</span> <span class='ocrx_word' id='word_1_75' title='bbox 595 1516 730 1579; x_wconf 90' lang='lat' dir='ltr'>dicatur</span> <span class='ocrx_word' id='word_1_76' title='bbox 747 1515 821 1579; x_wconf 89' lang='lat' dir='ltr'>vita</span> <span class='ocrx_word' id='word_1_77' title='bbox 843 1516 905 1580; x_wconf 87' lang='lat' dir='ltr'>sed</span> <span class='ocrx_word' id='word_1_78' title='bbox 928 1536 1042 1596; x_wconf 88' lang='lat' dir='ltr'>mors;</span> <span class='ocrx_word' id='word_1_79' title='bbox 1071 1538 1178 1608; x_wconf 64' lang='lat' dir='ltr'>,quare</span> <span class='ocrx_word' id='word_1_80' title='bbox 1198 1537 1276 1582; x_wconf 91' lang='lat' dir='ltr'>cum</span> <span class='ocrx_word' id='word_1_81' title='bbox 1296 1537 1399 1582; x_wconf 88' lang='lat' dir='ltr'>omne</span> 
     </span>
     <span class='ocr_line' id='line_1_10' title="bbox 267 1612 1204 1698; baseline 0.002 -22"><span class='ocrx_word' id='word_1_82' title='bbox 267 1612 400 1698; x_wconf 85' lang='lat' dir='ltr'>aliquid</span> <span class='ocrx_word' id='word_1_83' title='bbox 420 1620 475 1675; x_wconf 87' lang='lat' dir='ltr'>est</span> <span class='ocrx_word' id='word_1_84' title='bbox 494 1612 598 1687; x_wconf 89' lang='lat' dir='ltr'>vitae,</span> <span class='ocrx_word' id='word_1_85' title='bbox 620 1632 688 1675; x_wconf 94' lang='lat' dir='ltr'>non</span> <span class='ocrx_word' id='word_1_86' title='bbox 708 1620 826 1694; x_wconf 88' lang='lat' dir='ltr'>potest</span> <span class='ocrx_word' id='word_1_87' title='bbox 846 1632 923 1676; x_wconf 89' lang='lat' dir='ltr'>esse</span> <span class='ocrx_word' id='word_1_88' title='bbox 942 1612 1071 1696; x_wconf 84' lang='lat' dir='ltr'>aliquid</span> <span class='ocrx_word' id='word_1_89' title='bbox 1089 1615 1204 1679; x_wconf 88' lang='lat' dir='ltr'>morti.</span> 
     </span>
    </p>

    <p class='ocr_par' dir='ltr' id='par_1_3' title="bbox 334 1706 1401 1793">
     <span class='ocr_line' id='line_1_11' title="bbox 334 1706 1401 1793; baseline 0.002 -19"><span class='ocrx_word' id='word_1_90' title='bbox 334 1721 406 1774; x_wconf 64' lang='grc' dir='ltr'>πυ.</span> <span class='ocrx_word' id='word_1_91' title='bbox 436 1706 491 1770; x_wconf 89' lang='lat' dir='ltr'>illi</span> <span class='ocrx_word' id='word_1_92' title='bbox 510 1707 567 1790; x_wconf 91' lang='lat' dir='ltr'>qui</span> <span class='ocrx_word' id='word_1_93' title='bbox 589 1708 623 1770; x_wconf 94' lang='lat' dir='ltr'>in</span> <span class='ocrx_word' id='word_1_94' title='bbox 647 1707 740 1771; x_wconf 90' lang='lat' dir='ltr'>malo</span> <span class='ocrx_word' id='word_1_95' title='bbox 758 1716 839 1772; x_wconf 90' lang='lat' dir='ltr'>sunt</span> <span class='ocrx_word' id='word_1_96' title='bbox 858 1718 894 1772; x_wconf 93' lang='lat' dir='ltr'>et</span> <span class='ocrx_word' id='word_1_97' title='bbox 913 1708 1015 1772; x_wconf 90' lang='lat' dir='ltr'>simul</span> <span class='ocrx_word' id='word_1_98' title='bbox 1033 1710 1067 1774; x_wconf 94' lang='lat' dir='ltr'>in</span> <span class='ocrx_word' id='word_1_99' title='bbox 1087 1711 1188 1785; x_wconf 89' lang='lat' dir='ltr'>veris,</span> <span class='ocrx_word' id='word_1_100' title='bbox 1209 1710 1401 1793; x_wconf 88' lang='lat' dir='ltr'>comparari</span> 
     </span>
    </p>
   </div>
   <div class='ocr_carea' id='block_1_3' title="bbox 165 1801 1400 1889">
    <p class='ocr_par' dir='ltr' id='par_1_4' title="bbox 165 1801 1400 1889">
     <span class='ocr_line' id='line_1_12' title="bbox 165 1801 1400 1889; baseline 0.004 -22"><span class='ocrx_word' id='word_1_101' title='bbox 165 1805 168 1810; x_wconf 66' lang='grc'>“</span> <span class='ocrx_word' id='word_1_102' title='bbox 268 1813 417 1889; x_wconf 83' lang='lat' dir='ltr'>possunt</span> <span class='ocrx_word' id='word_1_103' title='bbox 441 1801 572 1886; x_wconf 88' lang='lat' dir='ltr'>aquilis,</span> <span class='ocrx_word' id='word_1_104' title='bbox 590 1824 677 1886; x_wconf 90' lang='lat' dir='ltr'>quae</span> <span class='ocrx_word' id='word_1_105' title='bbox 700 1802 772 1866; x_wconf 91' lang='lat' dir='ltr'>alte</span> <span class='ocrx_word' id='word_1_106' title='bbox 791 1803 924 1880; x_wconf 89' lang='lat' dir='ltr'>volant,</span> <span class='ocrx_word' id='word_1_107' title='bbox 946 1826 1044 1888; x_wconf 86' lang='lat' dir='ltr'>quae,</span> <span class='ocrx_word' id='word_1_108' title='bbox 1065 1807 1145 1869; x_wconf 93' lang='lat' dir='ltr'>dum</span> <span class='ocrx_word' id='word_1_109' title='bbox 1169 1805 1236 1869; x_wconf 89' lang='lat' dir='ltr'>illis</span> <span class='ocrx_word' id='word_1_110' title='bbox 1260 1805 1400 1872; x_wconf 88' lang='lat' dir='ltr'>ablatae</span> 
     </span>
    </p>
   </div>
   <div class='ocr_carea' id='block_1_4' title="bbox 267 1897 1409 4768">
    <p class='ocr_par' dir='ltr' id='par_1_5' title="bbox 267 1897 1406 3132">
     <span class='ocr_line' id='line_1_13' title="bbox 268 1897 1401 1985; baseline 0.004 -21"><span class='ocrx_word' id='word_1_111' title='bbox 268 1910 351 1964; x_wconf 82' lang='lat' dir='ltr'>sunt</span> <span class='ocrx_word' id='word_1_112' title='bbox 370 1898 458 1975; x_wconf 89' lang='lat' dir='ltr'>alae,</span> <span class='ocrx_word' id='word_1_113' title='bbox 479 1899 666 1977; x_wconf 87' lang='lat' dir='ltr'>decidunt;</span> <span class='ocrx_word' id='word_1_114' title='bbox 697 1897 856 1964; x_wconf 90' lang='lat' dir='ltr'>similiter</span> <span class='ocrx_word' id='word_1_115' title='bbox 874 1902 966 1965; x_wconf 90' lang='lat' dir='ltr'>enirn</span> <span class='ocrx_word' id='word_1_116' title='bbox 989 1901 1118 1966; x_wconf 86' lang='lat' dir='ltr'>iaciunt</span> <span class='ocrx_word' id='word_1_117' title='bbox 1142 1902 1300 1966; x_wconf 89' lang='lat' dir='ltr'>homines</span> <span class='ocrx_word' id='word_1_118' title='bbox 1320 1911 1401 1985; x_wconf 88' lang='lat' dir='ltr'>post</span> 
     </span>
     <span class='ocr_line' id='line_1_14' title="bbox 269 1993 1401 2081; baseline 0.001 -20"><span class='ocrx_word' id='word_1_119' title='bbox 269 2004 432 2071; x_wconf 87' lang='lat' dir='ltr'>mortem,</span> <span class='ocrx_word' id='word_1_120' title='bbox 457 1994 539 2058; x_wconf 93' lang='lat' dir='ltr'>dum</span> <span class='ocrx_word' id='word_1_121' title='bbox 563 1996 704 2078; x_wconf 87' lang='lat' dir='ltr'>spiritus</span> <span class='ocrx_word' id='word_1_122' title='bbox 731 1993 812 2060; x_wconf 74' lang='lat' dir='ltr'>faeti</span> <span class='ocrx_word' id='word_1_123' title='bbox 838 2006 928 2073; x_wconf 90' lang='lat' dir='ltr'>sunt,</span> <span class='ocrx_word' id='word_1_124' title='bbox 953 1999 1010 2081; x_wconf 91' lang='lat' dir='ltr'>qui</span> <span class='ocrx_word' id='word_1_125' title='bbox 1032 1996 1284 2061; x_wconf 90' lang='lat' dir='ltr'>intellexerunt</span> <span class='ocrx_word' id='word_1_126' title='bbox 1306 2018 1401 2074; x_wconf 85' lang='lat' dir='ltr'>vera,</span> 
     </span>
     <span class='ocr_line' id='line_1_15' title="bbox 269 2089 1402 2178; baseline 0.002 -22"><span class='ocrx_word' id='word_1_127' title='bbox 269 2091 380 2156; x_wconf 88' lang='lat' dir='ltr'>locuti</span> <span class='ocrx_word' id='word_1_128' title='bbox 398 2099 479 2155; x_wconf 90' lang='lat' dir='ltr'>sunt</span> <span class='ocrx_word' id='word_1_129' title='bbox 497 2089 567 2166; x_wconf 89' lang='lat' dir='ltr'>illa,</span> <span class='ocrx_word' id='word_1_130' title='bbox 588 2101 624 2155; x_wconf 89' lang='lat' dir='ltr'>et</span> <span class='ocrx_word' id='word_1_131' title='bbox 648 2091 840 2156; x_wconf 86' lang='lat' dir='ltr'>docuerunt</span> <span class='ocrx_word' id='word_1_132' title='bbox 863 2092 933 2168; x_wconf 89' lang='lat' dir='ltr'>illa,</span> <span class='ocrx_word' id='word_1_133' title='bbox 954 2103 989 2157; x_wconf 88' lang='lat' dir='ltr'>et</span> <span class='ocrx_word' id='word_1_134' title='bbox 1013 2104 1133 2158; x_wconf 90' lang='lat' dir='ltr'>tamen</span> <span class='ocrx_word' id='word_1_135' title='bbox 1156 2093 1241 2157; x_wconf 93' lang='lat' dir='ltr'>nihil</span> <span class='ocrx_word' id='word_1_136' title='bbox 1265 2090 1402 2178; x_wconf 64' lang='lat' dir='ltr'>spei&#39;ta·</span> 
     </span>
     <span class='ocr_line' id='line_1_16' title="bbox 269 2185 1403 2280; baseline 0.002 -28"><span class='ocrx_word' id='word_1_137' title='bbox 269 2196 395 2280; x_wconf 63' lang='lat' dir='ltr'>uerunt</span> <span class='ocrx_word' id='word_1_138' title='bbox 414 2187 459 2251; x_wconf 91' lang='lat' dir='ltr'>ad</span> <span class='ocrx_word' id='word_1_139' title='bbox 478 2185 591 2250; x_wconf 91' lang='lat' dir='ltr'>Deum</span> <span class='ocrx_word' id='word_1_140' title='bbox 610 2187 645 2250; x_wconf 93' lang='lat' dir='ltr'>in</span> <span class='ocrx_word' id='word_1_141' title='bbox 664 2187 737 2251; x_wconf 91' lang='lat' dir='ltr'>vita</span> <span class='ocrx_word' id='word_1_142' title='bbox 756 2207 840 2266; x_wconf 89' lang='lat' dir='ltr'>sua;</span> <span class='ocrx_word' id='word_1_143' title='bbox 867 2188 918 2252; x_wconf 90' lang='lat' dir='ltr'>illi</span> <span class='ocrx_word' id='word_1_144' title='bbox 938 2208 999 2271; x_wconf 90' lang='lat' dir='ltr'>per</span> <span class='ocrx_word' id='word_1_145' title='bbox 1018 2187 1270 2254; x_wconf 70' lang='lat' dir='ltr'>intellectualia</span> <span class='ocrx_word' id='word_1_146' title='bbox 1285 2210 1347 2253; x_wconf 89' lang='lat' dir='ltr'>sua</span> <span class='ocrx_word' id='word_1_147' title='bbox 1365 2210 1403 2254; x_wconf 87' lang='lat' dir='ltr'>se</span> 
     </span>
     <span class='ocr_line' id='line_1_17' title="bbox 267 2281 1403 2366; baseline -0.001 -17"><span class='ocrx_word' id='word_1_148' title='bbox 267 2283 413 2349; x_wconf 88' lang='lat' dir='ltr'>elevant</span> <span class='ocrx_word' id='word_1_149' title='bbox 432 2284 466 2347; x_wconf 93' lang='lat' dir='ltr'>in</span> <span class='ocrx_word' id='word_1_150' title='bbox 485 2281 607 2357; x_wconf 86' lang='lat' dir='ltr'>altum,</span> <span class='ocrx_word' id='word_1_151' title='bbox 624 2291 661 2347; x_wconf 90' lang='lat' dir='ltr'>et</span> <span class='ocrx_word' id='word_1_152' title='bbox 684 2284 891 2366; x_wconf 91' lang='lat' dir='ltr'>quandoque</span> <span class='ocrx_word' id='word_1_153' title='bbox 914 2285 1044 2350; x_wconf 86' lang='lat' dir='ltr'>intrant</span> <span class='ocrx_word' id='word_1_154' title='bbox 1068 2285 1195 2361; x_wconf 89' lang='lat' dir='ltr'>caelos,</span> <span class='ocrx_word' id='word_1_155' title='bbox 1216 2294 1252 2350; x_wconf 91' lang='lat' dir='ltr'>et</span> <span class='ocrx_word' id='word_1_156' title='bbox 1276 2286 1403 2349; x_wconf 89' lang='lat' dir='ltr'>menti·</span> 
     </span>
     <span class='ocr_line' id='line_1_18' title="bbox 270 2377 1403 2462; baseline 0.001 -17"><span class='ocrx_word' id='word_1_157' title='bbox 270 2390 378 2446; x_wconf 87' lang='lat' dir='ltr'>untur</span> <span class='ocrx_word' id='word_1_158' title='bbox 412 2377 558 2462; x_wconf 86' lang='lat' dir='ltr'>angelos</span> <span class='ocrx_word' id='word_1_159' title='bbox 591 2377 697 2458; x_wconf 88' lang='lat' dir='ltr'>lucis;</span> <span class='ocrx_word' id='word_1_160' title='bbox 737 2389 773 2443; x_wconf 90' lang='lat' dir='ltr'>at</span> <span class='ocrx_word' id='word_1_161' title='bbox 804 2398 881 2443; x_wconf 91' lang='lat' dir='ltr'>curn</span> <span class='ocrx_word' id='word_1_162' title='bbox 914 2379 981 2444; x_wconf 88' lang='lat' dir='ltr'>iilis</span> <span class='ocrx_word' id='word_1_163' title='bbox 1012 2382 1210 2446; x_wconf 87' lang='lat' dir='ltr'>auferuntur</span> <span class='ocrx_word' id='word_1_164' title='bbox 1239 2401 1332 2456; x_wconf 88' lang='lat' dir='ltr'>vera,</span> <span class='ocrx_word' id='word_1_165' title='bbox 1366 2390 1403 2446; x_wconf 90' lang='lat' dir='ltr'>et</span> 
     </span>
     <span class='ocr_line' id='line_1_19' title="bbox 268 2473 1404 2558; baseline -0.003 -17"><span class='ocrx_word' id='word_1_166' title='bbox 268 2477 491 2551; x_wconf 85' lang='lat' dir='ltr'>emittuntur,</span> <span class='ocrx_word' id='word_1_167' title='bbox 516 2475 683 2538; x_wconf 89' lang='lat' dir='ltr'>decidunt</span> <span class='ocrx_word' id='word_1_168' title='bbox 706 2474 741 2538; x_wconf 92' lang='lat' dir='ltr'>in</span> <span class='ocrx_word' id='word_1_169' title='bbox 767 2473 945 2537; x_wconf 83' lang='lat' dir='ltr'>infernum.</span> <span class='ocrx_word' id='word_1_170' title='bbox 990 2475 1141 2558; x_wconf 87' lang='lat' dir='ltr'>Aquilae</span> <span class='ocrx_word' id='word_1_171' title='bbox 1164 2477 1271 2540; x_wconf 90' lang='lat' dir='ltr'>etiam</span> <span class='ocrx_word' id='word_1_172' title='bbox 1296 2477 1404 2557; x_wconf 85' lang='lat' dir='ltr'>signi·</span> 
     </span>
     <span class='ocr_line' id='line_1_20' title="bbox 270 2567 1404 2652; baseline -0.001 -15"><span class='ocrx_word' id='word_1_173' title='bbox 270 2569 379 2637; x_wconf 83' lang='lat' dir='ltr'>ficunt</span> <span class='ocrx_word' id='word_1_174' title='bbox 403 2571 562 2635; x_wconf 90' lang='lat' dir='ltr'>homines</span> <span class='ocrx_word' id='word_1_175' title='bbox 585 2571 736 2652; x_wconf 89' lang='lat' dir='ltr'>rapinae,</span> <span class='ocrx_word' id='word_1_176' title='bbox 757 2569 879 2652; x_wconf 88' lang='lat' dir='ltr'>quibus</span> <span class='ocrx_word' id='word_1_177' title='bbox 897 2571 990 2633; x_wconf 89' lang='lat' dir='ltr'>visus</span> <span class='ocrx_word' id='word_1_178' title='bbox 1014 2567 1261 2635; x_wconf 66' lang='lat' dir='ltr'>intelleDualis</span> <span class='ocrx_word' id='word_1_179' title='bbox 1280 2580 1346 2646; x_wconf 86' lang='lat' dir='ltr'>est,</span> <span class='ocrx_word' id='word_1_180' title='bbox 1367 2581 1404 2636; x_wconf 89' lang='lat' dir='ltr'>et</span> 
     </span>
     <span class='ocr_line' id='line_1_21' title="bbox 269 2664 1404 2751; baseline -0.003 -18"><span class='ocrx_word' id='word_1_181' title='bbox 269 2667 348 2734; x_wconf 88' lang='lat' dir='ltr'>alae</span> <span class='ocrx_word' id='word_1_182' title='bbox 372 2665 571 2751; x_wconf 84' lang='lat' dir='ltr'>significant</span> <span class='ocrx_word' id='word_1_183' title='bbox 593 2686 674 2730; x_wconf 91' lang='lat' dir='ltr'>vera</span> <span class='ocrx_word' id='word_1_184' title='bbox 704 2664 906 2749; x_wconf 87' lang='lat' dir='ltr'>spiritualia.</span> <span class='ocrx_word' id='word_1_185' title='bbox 953 2664 1091 2730; x_wconf 74' lang='lat' dir='ltr'>Dictum</span> <span class='ocrx_word' id='word_1_186' title='bbox 1116 2678 1180 2741; x_wconf 90' lang='lat' dir='ltr'>est,</span> <span class='ocrx_word' id='word_1_187' title='bbox 1206 2666 1299 2750; x_wconf 93' lang='lat' dir='ltr'>quod</span> <span class='ocrx_word' id='word_1_188' title='bbox 1322 2665 1404 2730; x_wconf 88' lang='lat' dir='ltr'>talis</span> 
     </span>
     <span class='ocr_line' id='line_1_22' title="bbox 270 2758 1405 2848; baseline -0.004 -19"><span class='ocrx_word' id='word_1_189' title='bbox 270 2765 343 2829; x_wconf 84' lang='lat' dir='ltr'>sint</span> <span class='ocrx_word' id='word_1_190' title='bbox 362 2763 423 2840; x_wconf 92' lang='lat' dir='ltr'>illi,</span> <span class='ocrx_word' id='word_1_191' title='bbox 443 2763 500 2848; x_wconf 88' lang='lat' dir='ltr'>qui</span> <span class='ocrx_word' id='word_1_192' title='bbox 519 2761 604 2826; x_wconf 91' lang='lat' dir='ltr'>nihil</span> <span class='ocrx_word' id='word_1_193' title='bbox 624 2758 869 2844; x_wconf 67' lang='lat' dir='ltr'>speiiaverunt</span> <span class='ocrx_word' id='word_1_194' title='bbox 888 2763 932 2825; x_wconf 87' lang='lat' dir='ltr'>ad</span> <span class='ocrx_word' id='word_1_195' title='bbox 953 2761 1065 2825; x_wconf 90' lang='lat' dir='ltr'>Deum</span> <span class='ocrx_word' id='word_1_196' title='bbox 1085 2765 1118 2826; x_wconf 93' lang='lat' dir='ltr'>in</span> <span class='ocrx_word' id='word_1_197' title='bbox 1138 2763 1208 2826; x_wconf 91' lang='lat' dir='ltr'>vita</span> <span class='ocrx_word' id='word_1_198' title='bbox 1231 2781 1311 2826; x_wconf 83' lang='lat' dir='ltr'>sua:</span> <span class='ocrx_word' id='word_1_199' title='bbox 1344 2779 1405 2844; x_wconf 89' lang='lat' dir='ltr'>per</span> 
     </span>
     <span class='ocr_line' id='line_1_23' title="bbox 270 2857 1404 2945; baseline -0.004 -19"><span class='ocrx_word' id='word_1_200' title='bbox 270 2857 430 2945; x_wconf 67' lang='lat' dir='ltr'>speitare</span> <span class='ocrx_word' id='word_1_201' title='bbox 455 2859 500 2924; x_wconf 86' lang='lat' dir='ltr'>ad</span> <span class='ocrx_word' id='word_1_202' title='bbox 528 2857 640 2922; x_wconf 89' lang='lat' dir='ltr'>Deum</span> <span class='ocrx_word' id='word_1_203' title='bbox 669 2857 702 2919; x_wconf 93' lang='lat' dir='ltr'>in</span> <span class='ocrx_word' id='word_1_204' title='bbox 730 2857 813 2932; x_wconf 93' lang='lat' dir='ltr'>vita,</span> <span class='ocrx_word' id='word_1_205' title='bbox 841 2876 910 2921; x_wconf 94' lang='lat' dir='ltr'>non</span> <span class='ocrx_word' id='word_1_206' title='bbox 940 2857 1034 2922; x_wconf 88' lang='lat' dir='ltr'>aliud</span> <span class='ocrx_word' id='word_1_207' title='bbox 1064 2859 1273 2940; x_wconf 85' lang='lat' dir='ltr'>intelligitur</span> <span class='ocrx_word' id='word_1_208' title='bbox 1301 2876 1404 2941; x_wconf 87' lang='lat' dir='ltr'>quam</span> 
     </span>
     <span class='ocr_line' id='line_1_24' title="bbox 270 2951 1406 3040; baseline -0.004 -18"><span class='ocrx_word' id='word_1_209' title='bbox 270 2959 429 3040; x_wconf 86' lang='lat' dir='ltr'>cogitare</span> <span class='ocrx_word' id='word_1_210' title='bbox 462 2955 529 3020; x_wconf 92' lang='lat' dir='ltr'>hoc</span> <span class='ocrx_word' id='word_1_211' title='bbox 563 2963 624 3017; x_wconf 91' lang='lat' dir='ltr'>aut</span> <span class='ocrx_word' id='word_1_212' title='bbox 661 2951 746 3015; x_wconf 92' lang='lat' dir='ltr'>illud</span> <span class='ocrx_word' id='word_1_213' title='bbox 782 2952 911 3018; x_wconf 88' lang='lat' dir='ltr'>malum</span> <span class='ocrx_word' id='word_1_214' title='bbox 948 2974 1025 3018; x_wconf 85' lang='lat' dir='ltr'>esse</span> <span class='ocrx_word' id='word_1_215' title='bbox 1063 2965 1246 3037; x_wconf 88' lang='lat' dir='ltr'>peccatum</span> <span class='ocrx_word' id='word_1_216' title='bbox 1281 2963 1406 3018; x_wconf 88' lang='lat' dir='ltr'>contra</span> 
     </span>
     <span class='ocr_line' id='line_1_25' title="bbox 273 3046 905 3132; baseline -0.009 -15"><span class='ocrx_word' id='word_1_217' title='bbox 273 3051 386 3117; x_wconf 92' lang='lat' dir='ltr'>Deum</span> <span class='ocrx_word' id='word_1_218' title='bbox 398 3075 420 3132; x_wconf 49' lang='lat'>;¹</span> <span class='ocrx_word' id='word_1_219' title='bbox 438 3060 475 3118; x_wconf 86' lang='lat' dir='ltr'>et</span> <span class='ocrx_word' id='word_1_220' title='bbox 491 3050 572 3116; x_wconf 91' lang='lat' dir='ltr'>ideo</span> <span class='ocrx_word' id='word_1_221' title='bbox 590 3068 660 3113; x_wconf 92' lang='lat' dir='ltr'>non</span> <span class='ocrx_word' id='word_1_222' title='bbox 679 3048 792 3112; x_wconf 85' lang='lat' dir='ltr'>iacere</span> <span class='ocrx_word' id='word_1_223' title='bbox 810 3046 905 3112; x_wconf 88' lang='lat' dir='ltr'>illud.</span> 
     </span>
    </p>

    <p class='ocr_par' dir='ltr' id='par_1_6' title="bbox 269 3142 1409 4768">
     <span class='ocr_line' id='line_1_26' title="bbox 336 3142 1405 3231; baseline -0.007 -16"><span class='ocrx_word' id='word_1_224' title='bbox 336 3165 401 3215; x_wconf 62' lang='grc' dir='ltr'>αι.</span> <span class='ocrx_word' id='word_1_225' title='bbox 433 3145 512 3231; x_wconf 86' lang='lat' dir='ltr'>(ix.)</span> <span class='ocrx_word' id='word_1_226' title='bbox 540 3144 638 3224; x_wconf 79' lang='lat' dir='ltr'>Quod</span> <span class='ocrx_word' id='word_1_227' title='bbox 662 3142 792 3207; x_wconf 84' lang='lat' dir='ltr'>Divina</span> <span class='ocrx_word' id='word_1_228' title='bbox 816 3142 1041 3208; x_wconf 75' lang='lat' dir='ltr'>Providentia</span> <span class='ocrx_word' id='word_1_229' title='bbox 1068 3143 1207 3208; x_wconf 81' lang='lat' dir='ltr'>Domini</span> <span class='ocrx_word' id='word_1_230' title='bbox 1222 3143 1346 3225; x_wconf 64' lang='lat' dir='ltr'>sacret,</span> <span class='ocrx_word' id='word_1_231' title='bbox 1367 3153 1405 3207; x_wconf 79' lang='lat' dir='ltr'>ut</span> 
     </span>
     <span class='ocr_line' id='line_1_27' title="bbox 271 3238 1403 3323; baseline -0.008 -13"><span class='ocrx_word' id='word_1_232' title='bbox 271 3245 399 3310; x_wconf 85' lang='lat' dir='ltr'>malum</span> <span class='ocrx_word' id='word_1_233' title='bbox 416 3253 450 3308; x_wconf 86' lang='lat' dir='ltr'>et</span> <span class='ocrx_word' id='word_1_234' title='bbox 466 3242 572 3308; x_wconf 84' lang='lat' dir='ltr'>simul</span> <span class='ocrx_word' id='word_1_235' title='bbox 582 3240 719 3323; x_wconf 86' lang='lat' dir='ltr'>salsum</span> <span class='ocrx_word' id='word_1_236' title='bbox 737 3239 905 3303; x_wconf 81' lang='lat' dir='ltr'>inserviat</span> <span class='ocrx_word' id='word_1_237' title='bbox 918 3249 984 3322; x_wconf 83' lang='lat' dir='ltr'>pro</span> <span class='ocrx_word' id='word_1_238' title='bbox 1001 3239 1213 3323; x_wconf 57' lang='lat' dir='ltr'>aequilibrio</span> <span class='ocrx_word' id='word_1_239' title='bbox 1228 3248 1296 3321; x_wconf 82' lang='lat' dir='ltr'>pro</span> <span class='ocrx_word' id='word_1_240' title='bbox 1313 3238 1403 3301; x_wconf 84' lang='lat' dir='ltr'>rela-</span> 
     </span>
     <span class='ocr_line' id='line_1_28' title="bbox 273 3332 1407 3422; baseline -0.009 -17"><span class='ocrx_word' id='word_1_241' title='bbox 273 3341 370 3417; x_wconf 84' lang='lat' dir='ltr'>tione,</span> <span class='ocrx_word' id='word_1_242' title='bbox 386 3349 420 3404; x_wconf 84' lang='lat' dir='ltr'>et</span> <span class='ocrx_word' id='word_1_243' title='bbox 431 3349 497 3422; x_wconf 79' lang='lat' dir='ltr'>pro</span> <span class='ocrx_word' id='word_1_244' title='bbox 508 3335 754 3422; x_wconf 67' lang='lat' dir='ltr'>purificatione,</span> <span class='ocrx_word' id='word_1_245' title='bbox 771 3344 805 3399; x_wconf 85' lang='lat' dir='ltr'>et</span> <span class='ocrx_word' id='word_1_246' title='bbox 818 3333 867 3398; x_wconf 87' lang='lat' dir='ltr'>sic</span> <span class='ocrx_word' id='word_1_247' title='bbox 877 3344 943 3416; x_wconf 86' lang='lat' dir='ltr'>pro</span> <span class='ocrx_word' id='word_1_248' title='bbox 957 3335 1180 3420; x_wconf 69' lang='lat' dir='ltr'>consnniiione</span> <span class='ocrx_word' id='word_1_249' title='bbox 1194 3333 1273 3397; x_wconf 88' lang='lat' dir='ltr'>boni</span> <span class='ocrx_word' id='word_1_250' title='bbox 1284 3342 1317 3397; x_wconf 85' lang='lat' dir='ltr'>et</span> <span class='ocrx_word' id='word_1_251' title='bbox 1331 3332 1407 3396; x_wconf 82' lang='lat' dir='ltr'>veri</span> 
     </span>
     <span class='ocr_line' id='line_1_29' title="bbox 271 3430 1405 3520; baseline -0.008 -18"><span class='ocrx_word' id='word_1_252' title='bbox 271 3437 370 3520; x_wconf 85' lang='lat' dir='ltr'>apud</span> <span class='ocrx_word' id='word_1_253' title='bbox 396 3433 596 3500; x_wconf 70' lang='lat' dir='ltr'>alios-Ex</span> <span class='ocrx_word' id='word_1_254' title='bbox 626 3431 916 3496; x_wconf 88' lang='lat' dir='ltr'>antecedentibus</span> <span class='ocrx_word' id='word_1_255' title='bbox 948 3440 1109 3495; x_wconf 88' lang='lat' dir='ltr'>constare</span> <span class='ocrx_word' id='word_1_256' title='bbox 1145 3439 1277 3514; x_wconf 86' lang='lat' dir='ltr'>potest,</span> <span class='ocrx_word' id='word_1_257' title='bbox 1312 3430 1405 3512; x_wconf 92' lang='lat' dir='ltr'>quod</span> 
     </span>
     <span class='ocr_line' id='line_1_30' title="bbox 274 3525 1405 3608; baseline -0.008 -11"><span class='ocrx_word' id='word_1_258' title='bbox 274 3532 401 3598; x_wconf 89' lang='lat' dir='ltr'>Divina</span> <span class='ocrx_word' id='word_1_259' title='bbox 435 3531 620 3598; x_wconf 89' lang='lat' dir='ltr'>Proventia</span> <span class='ocrx_word' id='word_1_260' title='bbox 656 3528 797 3593; x_wconf 93' lang='lat' dir='ltr'>Domini</span> <span class='ocrx_word' id='word_1_261' title='bbox 832 3528 997 3592; x_wconf 90' lang='lat' dir='ltr'>continue</span> <span class='ocrx_word' id='word_1_262' title='bbox 1030 3536 1202 3608; x_wconf 88' lang='lat' dir='ltr'>operetur,</span> <span class='ocrx_word' id='word_1_263' title='bbox 1238 3534 1276 3590; x_wconf 92' lang='lat' dir='ltr'>ut</span> <span class='ocrx_word' id='word_1_264' title='bbox 1314 3525 1405 3607; x_wconf 88' lang='lat' dir='ltr'>apud</span> 
     </span>
     <span class='ocr_line' id='line_1_31' title="bbox 271 3621 1404 3698; baseline -0.007 -6"><span class='ocrx_word' id='word_1_265' title='bbox 271 3627 450 3695; x_wconf 88' lang='lat' dir='ltr'>hominem</span> <span class='ocrx_word' id='word_1_266' title='bbox 474 3627 611 3691; x_wconf 90' lang='lat' dir='ltr'>uniatur</span> <span class='ocrx_word' id='word_1_267' title='bbox 632 3643 752 3689; x_wconf 88' lang='lat' dir='ltr'>verum</span> <span class='ocrx_word' id='word_1_268' title='bbox 775 3626 869 3689; x_wconf 92' lang='lat' dir='ltr'>bono</span> <span class='ocrx_word' id='word_1_269' title='bbox 892 3631 929 3688; x_wconf 89' lang='lat' dir='ltr'>et</span> <span class='ocrx_word' id='word_1_270' title='bbox 951 3621 1080 3687; x_wconf 90' lang='lat' dir='ltr'>bonum</span> <span class='ocrx_word' id='word_1_271' title='bbox 1104 3641 1198 3697; x_wconf 89' lang='lat' dir='ltr'>vero,</span> <span class='ocrx_word' id='word_1_272' title='bbox 1218 3642 1264 3684; x_wconf 91' lang='lat' dir='ltr'>ex</span> <span class='ocrx_word' id='word_1_273' title='bbox 1288 3641 1404 3698; x_wconf 88' lang='lat' dir='ltr'>causa,</span> 
     </span>
     <span class='ocr_line' id='line_1_32' title="bbox 271 3716 1406 3810; baseline -0.008 -21"><span class='ocrx_word' id='word_1_274' title='bbox 271 3728 353 3810; x_wconf 90' lang='lat' dir='ltr'>quia</span> <span class='ocrx_word' id='word_1_275' title='bbox 372 3725 453 3789; x_wconf 93' lang='lat' dir='ltr'>unio</span> <span class='ocrx_word' id='word_1_276' title='bbox 475 3723 537 3787; x_wconf 84' lang='lat' dir='ltr'>illa</span> <span class='ocrx_word' id='word_1_277' title='bbox 559 3732 613 3788; x_wconf 88' lang='lat' dir='ltr'>est</span> <span class='ocrx_word' id='word_1_278' title='bbox 636 3721 785 3786; x_wconf 90' lang='lat' dir='ltr'>ecclesia</span> <span class='ocrx_word' id='word_1_279' title='bbox 807 3729 844 3785; x_wconf 93' lang='lat' dir='ltr'>et</span> <span class='ocrx_word' id='word_1_280' title='bbox 867 3729 922 3785; x_wconf 90' lang='lat' dir='ltr'>est</span> <span class='ocrx_word' id='word_1_281' title='bbox 946 3716 1101 3782; x_wconf 90' lang='lat' dir='ltr'>caelum:</span> <span class='ocrx_word' id='word_1_282' title='bbox 1133 3726 1189 3782; x_wconf 89' lang='lat' dir='ltr'>est</span> <span class='ocrx_word' id='word_1_283' title='bbox 1212 3718 1304 3781; x_wconf 85' lang='lat' dir='ltr'>enim</span> <span class='ocrx_word' id='word_1_284' title='bbox 1324 3717 1406 3781; x_wconf 93' lang='lat' dir='ltr'>unio</span> 
     </span>
     <span class='ocr_line' id='line_1_33' title="bbox 271 3813 1407 3896; baseline -0.008 -11"><span class='ocrx_word' id='word_1_285' title='bbox 271 3821 334 3885; x_wconf 89' lang='lat' dir='ltr'>illa</span> <span class='ocrx_word' id='word_1_286' title='bbox 367 3823 401 3886; x_wconf 90' lang='lat' dir='ltr'>in</span> <span class='ocrx_word' id='word_1_287' title='bbox 434 3821 597 3896; x_wconf 91' lang='lat' dir='ltr'>Domino,</span> <span class='ocrx_word' id='word_1_288' title='bbox 628 3829 665 3885; x_wconf 85' lang='lat' dir='ltr'>et</span> <span class='ocrx_word' id='word_1_289' title='bbox 695 3827 750 3882; x_wconf 86' lang='lat' dir='ltr'>est</span> <span class='ocrx_word' id='word_1_290' title='bbox 780 3819 815 3881; x_wconf 93' lang='lat' dir='ltr'>in</span> <span class='ocrx_word' id='word_1_291' title='bbox 845 3815 1004 3880; x_wconf 90' lang='lat' dir='ltr'>omnibus</span> <span class='ocrx_word' id='word_1_292' title='bbox 1039 3833 1127 3896; x_wconf 86' lang='lat' dir='ltr'>quae</span> <span class='ocrx_word' id='word_1_293' title='bbox 1157 3813 1352 3896; x_wconf 89' lang='lat' dir='ltr'>procedunt</span> <span class='ocrx_word' id='word_1_294' title='bbox 1385 3831 1407 3876; x_wconf 86' lang='lat' dir='ltr'>a</span> 
     </span>
     <span class='ocr_line' id='line_1_34' title="bbox 273 3908 1405 3994; baseline -0.01 -12"><span class='ocrx_word' id='word_1_295' title='bbox 273 3916 436 3982; x_wconf 86' lang='lat' dir='ltr'>Domino.</span> <span class='ocrx_word' id='word_1_296' title='bbox 483 3915 540 3980; x_wconf 89' lang='lat' dir='ltr'>Ex</span> <span class='ocrx_word' id='word_1_297' title='bbox 567 3915 627 3980; x_wconf 87' lang='lat' dir='ltr'>illa</span> <span class='ocrx_word' id='word_1_298' title='bbox 650 3914 774 3979; x_wconf 90' lang='lat' dir='ltr'>unione</span> <span class='ocrx_word' id='word_1_299' title='bbox 797 3922 852 3977; x_wconf 89' lang='lat' dir='ltr'>est</span> <span class='ocrx_word' id='word_1_300' title='bbox 876 3911 968 3994; x_wconf 90' lang='lat' dir='ltr'>quod</span> <span class='ocrx_word' id='word_1_301' title='bbox 995 3909 1131 3974; x_wconf 87' lang='lat' dir='ltr'>caelum</span> <span class='ocrx_word' id='word_1_302' title='bbox 1158 3908 1294 3972; x_wconf 88' lang='lat' dir='ltr'>dicatur</span> <span class='ocrx_word' id='word_1_303' title='bbox 1321 3927 1405 3972; x_wconf 90' lang='lat' dir='ltr'>con·</span> 
     </span>
     <span class='ocr_line' id='line_1_35' title="bbox 269 4001 1406 4097; baseline -0.01 -20"><span class='ocrx_word' id='word_1_304' title='bbox 269 4011 413 4097; x_wconf 85' lang='lat' dir='ltr'>jugium,</span> <span class='ocrx_word' id='word_1_305' title='bbox 433 4023 469 4079; x_wconf 89' lang='lat' dir='ltr'>et</span> <span class='ocrx_word' id='word_1_306' title='bbox 492 4032 629 4096; x_wconf 86' lang='lat' dir='ltr'>quoque</span> <span class='ocrx_word' id='word_1_307' title='bbox 651 4009 810 4083; x_wconf 86' lang='lat' dir='ltr'>ecclesia,</span> <span class='ocrx_word' id='word_1_308' title='bbox 835 4001 939 4092; x_wconf 85' lang='lat' dir='ltr'>quare</span> <span class='ocrx_word' id='word_1_309' title='bbox 967 4023 1112 4088; x_wconf 85' lang='lat' dir='ltr'>regnum</span> <span class='ocrx_word' id='word_1_310' title='bbox 1139 4002 1205 4068; x_wconf 90' lang='lat' dir='ltr'>Dei</span> <span class='ocrx_word' id='word_1_311' title='bbox 1227 4003 1262 4067; x_wconf 91' lang='lat' dir='ltr'>in</span> <span class='ocrx_word' id='word_1_312' title='bbox 1286 4001 1406 4067; x_wconf 90' lang='lat' dir='ltr'>Verbo</span> 
     </span>
     <span class='ocr_line' id='line_1_36' title="bbox 272 4097 1405 4189; baseline -0.013 -13"><span class='ocrx_word' id='word_1_313' title='bbox 272 4111 482 4176; x_wconf 85' lang='lat' dir='ltr'>assimilatur</span> <span class='ocrx_word' id='word_1_314' title='bbox 509 4105 679 4189; x_wconf 83' lang='lat' dir='ltr'>conjugio.</span> <span class='ocrx_word' id='word_1_315' title='bbox 725 4105 783 4168; x_wconf 91' lang='lat' dir='ltr'>Ex</span> <span class='ocrx_word' id='word_1_316' title='bbox 813 4103 874 4170; x_wconf 88' lang='lat' dir='ltr'>illa</span> <span class='ocrx_word' id='word_1_317' title='bbox 904 4103 1031 4167; x_wconf 88' lang='lat' dir='ltr'>unione</span> <span class='ocrx_word' id='word_1_318' title='bbox 1061 4109 1128 4176; x_wconf 89' lang='lat' dir='ltr'>est,</span> <span class='ocrx_word' id='word_1_319' title='bbox 1155 4099 1249 4183; x_wconf 91' lang='lat' dir='ltr'>quod</span> <span class='ocrx_word' id='word_1_320' title='bbox 1279 4097 1405 4162; x_wconf 88' lang='lat' dir='ltr'>sabba-</span> 
     </span>
     <span class='ocr_line' id='line_1_37' title="bbox 272 4195 1404 4272; baseline -0.011 0"><span class='ocrx_word' id='word_1_321' title='bbox 272 4207 373 4272; x_wconf 89' lang='lat' dir='ltr'>thum</span> <span class='ocrx_word' id='word_1_322' title='bbox 397 4208 430 4269; x_wconf 92' lang='lat' dir='ltr'>in</span> <span class='ocrx_word' id='word_1_323' title='bbox 454 4204 614 4270; x_wconf 88' lang='lat' dir='ltr'>Ecclesia</span> <span class='ocrx_word' id='word_1_324' title='bbox 640 4201 833 4266; x_wconf 87' lang='lat' dir='ltr'>israelitica</span> <span class='ocrx_word' id='word_1_325' title='bbox 864 4197 1117 4264; x_wconf 67' lang='lat' dir='ltr'>sanctissimum</span> <span class='ocrx_word' id='word_1_326' title='bbox 1148 4195 1262 4261; x_wconf 85' lang='lat' dir='ltr'>cultus</span> <span class='ocrx_word' id='word_1_327' title='bbox 1292 4195 1404 4272; x_wconf 85' lang='lat' dir='ltr'>luerit,</span> 
     </span>
     <span class='ocr_line' id='line_1_38' title="bbox 273 4291 1406 4382; baseline -0.009 -16"><span class='ocrx_word' id='word_1_328' title='bbox 273 4322 355 4366; x_wconf 88' lang='lat' dir='ltr'>nam</span> <span class='ocrx_word' id='word_1_329' title='bbox 387 4300 606 4382; x_wconf 86' lang='lat' dir='ltr'>significabat</span> <span class='ocrx_word' id='word_1_330' title='bbox 633 4299 793 4362; x_wconf 90' lang='lat' dir='ltr'>unionem</span> <span class='ocrx_word' id='word_1_331' title='bbox 820 4295 928 4360; x_wconf 89' lang='lat' dir='ltr'>illam.</span> <span class='ocrx_word' id='word_1_332' title='bbox 974 4295 1060 4359; x_wconf 89' lang='lat' dir='ltr'>Inde</span> <span class='ocrx_word' id='word_1_333' title='bbox 1087 4293 1194 4359; x_wconf 90' lang='lat' dir='ltr'>etiam</span> <span class='ocrx_word' id='word_1_334' title='bbox 1219 4300 1285 4368; x_wconf 86' lang='lat' dir='ltr'>est,</span> <span class='ocrx_word' id='word_1_335' title='bbox 1314 4291 1406 4374; x_wconf 90' lang='lat' dir='ltr'>quod</span> 
     </span>
     <span class='ocr_line' id='line_1_39' title="bbox 271 4386 1408 4474; baseline -0.01 -10"><span class='ocrx_word' id='word_1_336' title='bbox 271 4397 309 4465; x_wconf 89' lang='lat' dir='ltr'>in</span> <span class='ocrx_word' id='word_1_337' title='bbox 325 4397 444 4462; x_wconf 90' lang='lat' dir='ltr'>Verbo</span> <span class='ocrx_word' id='word_1_338' title='bbox 460 4418 500 4461; x_wconf 89' lang='lat' dir='ltr'>ac</span> <span class='ocrx_word' id='word_1_339' title='bbox 517 4398 551 4461; x_wconf 91' lang='lat' dir='ltr'>in</span> <span class='ocrx_word' id='word_1_340' title='bbox 568 4393 726 4460; x_wconf 89' lang='lat' dir='ltr'>omnibus</span> <span class='ocrx_word' id='word_1_341' title='bbox 743 4402 779 4458; x_wconf 90' lang='lat' dir='ltr'>et</span> <span class='ocrx_word' id='word_1_342' title='bbox 798 4391 942 4474; x_wconf 85' lang='lat' dir='ltr'>singulis</span> <span class='ocrx_word' id='word_1_343' title='bbox 960 4390 1030 4472; x_wconf 89' lang='lat' dir='ltr'>ejus</span> <span class='ocrx_word' id='word_1_344' title='bbox 1049 4390 1094 4454; x_wconf 90' lang='lat' dir='ltr'>sit</span> <span class='ocrx_word' id='word_1_345' title='bbox 1111 4387 1309 4472; x_wconf 83' lang='lat' dir='ltr'>conjugium</span> <span class='ocrx_word' id='word_1_346' title='bbox 1325 4386 1408 4454; x_wconf 87' lang='lat' dir='ltr'>boni</span> 
     </span>
     <span class='ocr_line' id='line_1_40' title="bbox 271 4481 1409 4577; baseline -0.012 -17"><span class='ocrx_word' id='word_1_347' title='bbox 271 4504 311 4560; x_wconf 87' lang='lat' dir='ltr'>et</span> <span class='ocrx_word' id='word_1_348' title='bbox 327 4495 399 4560; x_wconf 90' lang='lat' dir='ltr'>veri</span> <span class='ocrx_word' id='word_1_349' title='bbox 419 4494 478 4577; x_wconf 90' lang='lat' dir='ltr'>(de</span> <span class='ocrx_word' id='word_1_350' title='bbox 498 4513 565 4575; x_wconf 93' lang='lat' dir='ltr'>quo</span> <span class='ocrx_word' id='word_1_351' title='bbox 584 4490 743 4555; x_wconf 91' lang='lat' dir='ltr'>videatur</span> <span class='ocrx_word' id='word_1_352' title='bbox 760 4487 928 4553; x_wconf 76' lang='lat' dir='ltr'>Doiirina</span> <span class='ocrx_word' id='word_1_353' title='bbox 949 4486 1067 4552; x_wconf 84' lang='lat' dir='ltr'>Novae</span> <span class='ocrx_word' id='word_1_354' title='bbox 1089 4482 1346 4566; x_wconf 82' lang='lat' dir='ltr'>Hierosolymae</span> <span class='ocrx_word' id='word_1_355' title='bbox 1366 4481 1409 4547; x_wconf 82' lang='lat' dir='ltr'>de</span> 
     </span>
     <span class='ocr_line' id='line_1_41' title="bbox 273 4580 1406 4673; baseline -0.011 -16"><span class='ocrx_word' id='word_1_356' title='bbox 273 4589 457 4673; x_wconf 82' lang='lat' dir='ltr'>Scriptura</span> <span class='ocrx_word' id='word_1_357' title='bbox 480 4589 597 4663; x_wconf 85' lang='lat' dir='ltr'>Sacra,</span> <span class='ocrx_word' id='word_1_358' title='bbox 623 4607 654 4652; x_wconf 92' lang='lat' dir='ltr'>n.</span> <span class='ocrx_word' id='word_1_359' title='bbox 679 4585 811 4667; x_wconf 89' lang='lat'><strong>80-90).</strong></span> <span class='ocrx_word' id='word_1_360' title='bbox 856 4583 1060 4666; x_wconf 77' lang='lat' dir='ltr'>Coniugium</span> <span class='ocrx_word' id='word_1_361' title='bbox 1085 4583 1168 4648; x_wconf 90' lang='lat' dir='ltr'>boni</span> <span class='ocrx_word' id='word_1_362' title='bbox 1195 4591 1231 4647; x_wconf 86' lang='lat' dir='ltr'>et</span> <span class='ocrx_word' id='word_1_363' title='bbox 1255 4580 1327 4646; x_wconf 89' lang='lat' dir='ltr'>veri</span> <span class='ocrx_word' id='word_1_364' title='bbox 1350 4589 1406 4646; x_wconf 88' lang='lat' dir='ltr'>est</span> 
     </span>
     <span class='ocr_line' id='line_1_42' title="bbox 272 4675 1409 4768; baseline -0.01 -17"><span class='ocrx_word' id='word_1_365' title='bbox 272 4706 322 4751; x_wconf 86' lang='lat' dir='ltr'>ex</span> <span class='ocrx_word' id='word_1_366' title='bbox 351 4685 511 4768; x_wconf 86' lang='lat' dir='ltr'>conjugio</span> <span class='ocrx_word' id='word_1_367' title='bbox 539 4682 678 4747; x_wconf 86' lang='lat' dir='ltr'>Domini</span> <span class='ocrx_word' id='word_1_368' title='bbox 711 4701 787 4745; x_wconf 91' lang='lat' dir='ltr'>cum</span> <span class='ocrx_word' id='word_1_369' title='bbox 822 4681 980 4754; x_wconf 89' lang='lat' dir='ltr'>ecclesia,</span> <span class='ocrx_word' id='word_1_370' title='bbox 1005 4694 1040 4744; x_wconf 89' lang='lat' dir='ltr'>et</span> <span class='ocrx_word' id='word_1_371' title='bbox 1071 4679 1137 4743; x_wconf 89' lang='lat' dir='ltr'>hoc</span> <span class='ocrx_word' id='word_1_372' title='bbox 1170 4699 1216 4742; x_wconf 87' lang='lat' dir='ltr'>ex</span> <span class='ocrx_word' id='word_1_373' title='bbox 1247 4675 1409 4760; x_wconf 86' lang='lat' dir='ltr'>conjugio</span> 
     </span>
    </p>
   </div>
   <div class='ocr_carea' id='block_1_5' title="bbox 0 0 1731 5364">
    <p class='ocr_par' dir='ltr' id='par_1_7' title="bbox 0 0 1731 5364">
     <span class='ocr_line' id='line_1_43' title="bbox 0 0 1731 5364; baseline 0 0"><span class='ocrx_word' id='word_1_374' title='bbox 0 0 1731 5364; x_wconf 95' lang='lat' dir='ltr'> </span> 
     </span>
    </p>
   </div>
  </div>
 </body>
</html>
