<?xml version="1.0" encoding="UTF-8"?>
<!DOCTYPE html PUBLIC "-//W3C//DTD XHTML 1.0 Transitional//EN"
    "http://www.w3.org/TR/xhtml1/DTD/xhtml1-transitional.dtd">
<html xmlns="http://www.w3.org/1999/xhtml" xml:lang="en" lang="en">
 <head>
  <title>
</title>
<meta http-equiv="Content-Type" content="text/html;charset=utf-8" />
  <meta name='ocr-system' content='tesseract 3.04.00' />
  <meta name='ocr-capabilities' content='ocr_page ocr_carea ocr_par ocr_line ocrx_word'/>
</head>
<body>
  <div class='ocr_page' id='page_1' title='image "./sapientaangelic01swedgoog_0071.png"; bbox 0 0 3358 5384; ppageno 0'>
   <div class='ocr_carea' id='block_1_1' title="bbox 352 647 1127 730">
    <p class='ocr_par' dir='ltr' id='par_1_1' title="bbox 352 647 1127 730">
     <span class='ocr_line' id='line_1_1' title="bbox 352 647 1127 730; baseline -0.004 -19"><span class='ocrx_word' id='word_1_1' title='bbox 352 647 395 730; x_wconf 79' lang='lat'>5⁶</span> <span class='ocrx_word' id='word_1_2' title='bbox 703 657 907 712; x_wconf 72' lang='lat' dir='ltr'>sancum</span> <span class='ocrx_word' id='word_1_3' title='bbox 930 655 1127 710; x_wconf 77' lang='lat' dir='ltr'>aucsmca</span> 
     </span>
    </p>
   </div>
   <div class='ocr_carea' id='block_1_2' title="bbox 341 827 1474 4820">
    <p class='ocr_par' dir='ltr' id='par_1_2' title="bbox 342 827 1474 2018">
     <span class='ocr_line' id='line_1_2' title="bbox 344 827 1474 897; baseline -0.003 0"><span class='ocrx_word' id='word_1_4' title='bbox 344 833 391 897; x_wconf 82' lang='lat' dir='ltr'>ad</span> <span class='ocrx_word' id='word_1_5' title='bbox 408 853 487 896; x_wconf 89' lang='lat' dir='ltr'>suos</span> <span class='ocrx_word' id='word_1_6' title='bbox 503 851 648 896; x_wconf 91' lang='lat' dir='ltr'>amores.</span> <span class='ocrx_word' id='word_1_7' title='bbox 692 829 901 897; x_wconf 88' lang='lat' dir='ltr'>Universum</span> <span class='ocrx_word' id='word_1_8' title='bbox 916 827 1051 896; x_wconf 82' lang='lat' dir='ltr'>caelum</span> <span class='ocrx_word' id='word_1_9' title='bbox 1069 828 1104 894; x_wconf 95' lang='lat' dir='ltr'>in</span> <span class='ocrx_word' id='word_1_10' title='bbox 1123 827 1310 894; x_wconf 84' lang='lat' dir='ltr'>societates</span> <span class='ocrx_word' id='word_1_11' title='bbox 1326 828 1474 894; x_wconf 92' lang='lat' dir='ltr'>distinc-</span> 
     </span>
     <span class='ocr_line' id='line_1_3' title="bbox 346 921 1473 1000; baseline -0.001 -12"><span class='ocrx_word' id='word_1_12' title='bbox 346 934 420 988; x_wconf 94' lang='lat' dir='ltr'>tum</span> <span class='ocrx_word' id='word_1_13' title='bbox 445 933 498 988; x_wconf 90' lang='lat' dir='ltr'>est</span> <span class='ocrx_word' id='word_1_14' title='bbox 523 925 710 988; x_wconf 90' lang='lat' dir='ltr'>secundum</span> <span class='ocrx_word' id='word_1_15' title='bbox 733 943 855 989; x_wconf 88' lang='lat' dir='ltr'>omnes</span> <span class='ocrx_word' id='word_1_16' title='bbox 878 922 1088 988; x_wconf 85' lang='lat' dir='ltr'>differentias</span> <span class='ocrx_word' id='word_1_17' title='bbox 1106 939 1283 1000; x_wconf 90' lang='lat' dir='ltr'>amorum;</span> <span class='ocrx_word' id='word_1_18' title='bbox 1314 921 1473 987; x_wconf 90' lang='lat' dir='ltr'>similiter</span> 
     </span>
     <span class='ocr_line' id='line_1_4' title="bbox 345 1013 1471 1098; baseline 0 -19"><span class='ocrx_word' id='word_1_19' title='bbox 345 1017 536 1095; x_wconf 89' lang='lat' dir='ltr'>infernum;</span> <span class='ocrx_word' id='word_1_20' title='bbox 560 1028 595 1080; x_wconf 92' lang='lat' dir='ltr'>et</span> <span class='ocrx_word' id='word_1_21' title='bbox 615 1015 771 1080; x_wconf 90' lang='lat' dir='ltr'>similiter</span> <span class='ocrx_word' id='word_1_22' title='bbox 788 1015 935 1079; x_wconf 90' lang='lat' dir='ltr'>mundus</span> <span class='ocrx_word' id='word_1_23' title='bbox 954 1015 1156 1098; x_wconf 85' lang='lat' dir='ltr'><strong>spirituum:</strong></span> <span class='ocrx_word' id='word_1_24' title='bbox 1180 1014 1241 1078; x_wconf 91' lang='lat' dir='ltr'>sed</span> <span class='ocrx_word' id='word_1_25' title='bbox 1261 1013 1395 1078; x_wconf 82' lang='lat' dir='ltr'>caelum</span> <span class='ocrx_word' id='word_1_26' title='bbox 1415 1024 1471 1079; x_wconf 89' lang='lat' dir='ltr'>est</span> 
     </span>
     <span class='ocr_line' id='line_1_5' title="bbox 344 1105 1471 1172; baseline -0.002 0"><span class='ocrx_word' id='word_1_27' title='bbox 344 1107 546 1172; x_wconf 65' lang='lat' dir='ltr'>distinctum</span> <span class='ocrx_word' id='word_1_28' title='bbox 560 1111 593 1170; x_wconf 96' lang='lat' dir='ltr'>in</span> <span class='ocrx_word' id='word_1_29' title='bbox 606 1109 791 1172; x_wconf 86' lang='lat' dir='ltr'>societates</span> <span class='ocrx_word' id='word_1_30' title='bbox 803 1107 991 1171; x_wconf 86' lang='lat' dir='ltr'>secundum</span> <span class='ocrx_word' id='word_1_31' title='bbox 1002 1105 1211 1170; x_wconf 86' lang='lat' dir='ltr'>differentias</span> <span class='ocrx_word' id='word_1_32' title='bbox 1223 1125 1377 1170; x_wconf 89' lang='lat' dir='ltr'>amorum</span> <span class='ocrx_word' id='word_1_33' title='bbox 1390 1126 1471 1170; x_wconf 88' lang='lat' dir='ltr'>cae·</span> 
     </span>
     <span class='ocr_line' id='line_1_6' title="bbox 346 1197 1470 1278; baseline -0.003 -14"><span class='ocrx_word' id='word_1_34' title='bbox 346 1202 507 1278; x_wconf 80' lang='lat' dir='ltr'>lestium3</span> <span class='ocrx_word' id='word_1_35' title='bbox 528 1201 693 1264; x_wconf 91' lang='lat' dir='ltr'>infernum</span> <span class='ocrx_word' id='word_1_36' title='bbox 712 1209 828 1264; x_wconf 90' lang='lat' dir='ltr'>autem</span> <span class='ocrx_word' id='word_1_37' title='bbox 844 1200 878 1263; x_wconf 94' lang='lat' dir='ltr'>in</span> <span class='ocrx_word' id='word_1_38' title='bbox 898 1199 1084 1262; x_wconf 83' lang='lat' dir='ltr'>societates</span> <span class='ocrx_word' id='word_1_39' title='bbox 1101 1199 1290 1262; x_wconf 91' lang='lat' dir='ltr'>secundum</span> <span class='ocrx_word' id='word_1_40' title='bbox 1310 1197 1470 1262; x_wconf 88' lang='lat' dir='ltr'>differen-</span> 
     </span>
     <span class='ocr_line' id='line_1_7' title="bbox 345 1290 1469 1372; baseline -0.003 -15"><span class='ocrx_word' id='word_1_41' title='bbox 345 1296 413 1357; x_wconf 87' lang='lat' dir='ltr'>tias</span> <span class='ocrx_word' id='word_1_42' title='bbox 437 1311 590 1356; x_wconf 89' lang='lat' dir='ltr'>amorum</span> <span class='ocrx_word' id='word_1_43' title='bbox 608 1291 821 1355; x_wconf 81' lang='lat' dir='ltr'>infernalium</span> <span class='ocrx_word' id='word_1_44' title='bbox 834 1313 842 1369; x_wconf 90' lang='lat'>;</span> <span class='ocrx_word' id='word_1_45' title='bbox 874 1290 1019 1355; x_wconf 88' lang='lat' dir='ltr'>mundus</span> <span class='ocrx_word' id='word_1_46' title='bbox 1038 1311 1120 1355; x_wconf 92' lang='lat' dir='ltr'>vero</span> <span class='ocrx_word' id='word_1_47' title='bbox 1142 1291 1321 1372; x_wconf 88' lang='lat' dir='ltr'>spirituum</span> <span class='ocrx_word' id='word_1_48' title='bbox 1345 1310 1469 1354; x_wconf 89' lang='lat' dir='ltr'>secun·</span> 
     </span>
     <span class='ocr_line' id='line_1_8' title="bbox 343 1382 1469 1465; baseline -0.001 -16"><span class='ocrx_word' id='word_1_49' title='bbox 343 1387 427 1449; x_wconf 90' lang='lat' dir='ltr'>dum</span> <span class='ocrx_word' id='word_1_50' title='bbox 440 1385 648 1449; x_wconf 78' lang='lat' dir='ltr'>differentias</span> <span class='ocrx_word' id='word_1_51' title='bbox 661 1402 815 1447; x_wconf 87' lang='lat' dir='ltr'>amorum</span> <span class='ocrx_word' id='word_1_52' title='bbox 828 1393 901 1447; x_wconf 89' lang='lat' dir='ltr'>tam</span> <span class='ocrx_word' id='word_1_53' title='bbox 914 1382 1115 1447; x_wconf 90' lang='lat' dir='ltr'>caelestium</span> <span class='ocrx_word' id='word_1_54' title='bbox 1128 1402 1230 1465; x_wconf 89' lang='lat' dir='ltr'>quam</span> <span class='ocrx_word' id='word_1_55' title='bbox 1243 1382 1469 1448; x_wconf 82' lang='lat' dir='ltr'>infernalium.</span> 
     </span>
     <span class='ocr_line' id='line_1_9' title="bbox 344 1473 1469 1558; baseline -0.004 -16"><span class='ocrx_word' id='word_1_56' title='bbox 344 1477 434 1542; x_wconf 85' lang='lat' dir='ltr'>Sunt</span> <span class='ocrx_word' id='word_1_57' title='bbox 451 1479 519 1542; x_wconf 92' lang='lat' dir='ltr'>duo</span> <span class='ocrx_word' id='word_1_58' title='bbox 534 1496 679 1551; x_wconf 90' lang='lat' dir='ltr'>amores,</span> <span class='ocrx_word' id='word_1_59' title='bbox 696 1477 752 1558; x_wconf 94' lang='lat' dir='ltr'>qui</span> <span class='ocrx_word' id='word_1_60' title='bbox 771 1486 850 1538; x_wconf 92' lang='lat' dir='ltr'>sunt</span> <span class='ocrx_word' id='word_1_61' title='bbox 867 1476 983 1558; x_wconf 90' lang='lat' dir='ltr'>capita</span> <span class='ocrx_word' id='word_1_62' title='bbox 1002 1476 1154 1538; x_wconf 91' lang='lat' dir='ltr'>omnium</span> <span class='ocrx_word' id='word_1_63' title='bbox 1178 1473 1393 1557; x_wconf 89' lang='lat' dir='ltr'>reliquorum,</span> <span class='ocrx_word' id='word_1_64' title='bbox 1408 1495 1469 1538; x_wconf 91' lang='lat' dir='ltr'>seu</span> 
     </span>
     <span class='ocr_line' id='line_1_10' title="bbox 342 1568 1467 1653; baseline -0.003 -19"><span class='ocrx_word' id='word_1_65' title='bbox 342 1572 389 1634; x_wconf 84' lang='lat' dir='ltr'>ad</span> <span class='ocrx_word' id='word_1_66' title='bbox 406 1591 491 1653; x_wconf 88' lang='lat' dir='ltr'>quos</span> <span class='ocrx_word' id='word_1_67' title='bbox 508 1591 544 1632; x_wconf 90' lang='lat' dir='ltr'>se</span> <span class='ocrx_word' id='word_1_68' title='bbox 557 1589 678 1632; x_wconf 92' lang='lat' dir='ltr'>omnes</span> <span class='ocrx_word' id='word_1_69' title='bbox 693 1569 812 1649; x_wconf 80' lang='lat' dir='ltr'>reliqui</span> <span class='ocrx_word' id='word_1_70' title='bbox 825 1587 960 1630; x_wconf 89' lang='lat' dir='ltr'>amores</span> <span class='ocrx_word' id='word_1_71' title='bbox 975 1568 1147 1630; x_wconf 89' lang='lat' dir='ltr'>referunt:</span> <span class='ocrx_word' id='word_1_72' title='bbox 1168 1587 1264 1630; x_wconf 88' lang='lat' dir='ltr'>amor</span> <span class='ocrx_word' id='word_1_73' title='bbox 1278 1569 1334 1649; x_wconf 92' lang='lat' dir='ltr'>qui</span> <span class='ocrx_word' id='word_1_74' title='bbox 1351 1579 1467 1649; x_wconf 89' lang='lat' dir='ltr'>caput,</span> 
     </span>
     <span class='ocr_line' id='line_1_11' title="bbox 343 1658 1470 1744; baseline -0.004 -18"><span class='ocrx_word' id='word_1_75' title='bbox 343 1682 405 1726; x_wconf 92' lang='lat' dir='ltr'>seu</span> <span class='ocrx_word' id='word_1_76' title='bbox 424 1663 466 1725; x_wconf 93' lang='lat' dir='ltr'>ad</span> <span class='ocrx_word' id='word_1_77' title='bbox 484 1680 584 1744; x_wconf 91' lang='lat' dir='ltr'>quern</span> <span class='ocrx_word' id='word_1_78' title='bbox 601 1679 721 1724; x_wconf 89' lang='lat' dir='ltr'>omnes</span> <span class='ocrx_word' id='word_1_79' title='bbox 737 1679 873 1722; x_wconf 89' lang='lat' dir='ltr'>amores</span> <span class='ocrx_word' id='word_1_80' title='bbox 889 1659 1060 1723; x_wconf 89' lang='lat' dir='ltr'>caelestes</span> <span class='ocrx_word' id='word_1_81' title='bbox 1075 1679 1112 1722; x_wconf 89' lang='lat' dir='ltr'>se</span> <span class='ocrx_word' id='word_1_82' title='bbox 1129 1658 1290 1732; x_wconf 90' lang='lat' dir='ltr'>referunt,</span> <span class='ocrx_word' id='word_1_83' title='bbox 1301 1668 1356 1722; x_wconf 92' lang='lat' dir='ltr'>est</span> <span class='ocrx_word' id='word_1_84' title='bbox 1371 1679 1470 1722; x_wconf 90' lang='lat' dir='ltr'>amor</span> 
     </span>
     <span class='ocr_line' id='line_1_12' title="bbox 342 1750 1467 1834; baseline -0.004 -16"><span class='ocrx_word' id='word_1_85' title='bbox 342 1755 378 1818; x_wconf 89' lang='lat' dir='ltr'>in</span> <span class='ocrx_word' id='word_1_86' title='bbox 396 1753 582 1817; x_wconf 90' lang='lat' dir='ltr'>Dominum</span> <span class='ocrx_word' id='word_1_87' title='bbox 597 1774 604 1830; x_wconf 91' lang='lat'>;</span> <span class='ocrx_word' id='word_1_88' title='bbox 628 1761 664 1816; x_wconf 90' lang='lat' dir='ltr'>et</span> <span class='ocrx_word' id='word_1_89' title='bbox 681 1771 776 1814; x_wconf 88' lang='lat' dir='ltr'>amor</span> <span class='ocrx_word' id='word_1_90' title='bbox 793 1753 848 1834; x_wconf 94' lang='lat' dir='ltr'>qui</span> <span class='ocrx_word' id='word_1_91' title='bbox 868 1761 982 1832; x_wconf 90' lang='lat' dir='ltr'>caput,</span> <span class='ocrx_word' id='word_1_92' title='bbox 1001 1772 1060 1814; x_wconf 88' lang='lat' dir='ltr'>seu</span> <span class='ocrx_word' id='word_1_93' title='bbox 1077 1751 1120 1813; x_wconf 89' lang='lat' dir='ltr'>ad</span> <span class='ocrx_word' id='word_1_94' title='bbox 1140 1769 1241 1833; x_wconf 91' lang='lat' dir='ltr'>quem</span> <span class='ocrx_word' id='word_1_95' title='bbox 1258 1771 1294 1813; x_wconf 91' lang='lat' dir='ltr'>se</span> <span class='ocrx_word' id='word_1_96' title='bbox 1317 1750 1467 1814; x_wconf 90' lang='lat' dir='ltr'>referunt</span> 
     </span>
     <span class='ocr_line' id='line_1_13' title="bbox 342 1843 1468 1917; baseline -0.002 -7"><span class='ocrx_word' id='word_1_97' title='bbox 342 1865 465 1910; x_wconf 91' lang='lat' dir='ltr'>omnes</span> <span class='ocrx_word' id='word_1_98' title='bbox 489 1864 622 1908; x_wconf 85' lang='lat' dir='ltr'>amores</span> <span class='ocrx_word' id='word_1_99' title='bbox 645 1843 837 1917; x_wconf 77' lang='lat' dir='ltr'>infernales,</span> <span class='ocrx_word' id='word_1_100' title='bbox 862 1853 916 1907; x_wconf 90' lang='lat' dir='ltr'>est</span> <span class='ocrx_word' id='word_1_101' title='bbox 937 1862 1034 1907; x_wconf 89' lang='lat' dir='ltr'>amor</span> <span class='ocrx_word' id='word_1_102' title='bbox 1056 1843 1257 1906; x_wconf 91' lang='lat' dir='ltr'>dominandi</span> <span class='ocrx_word' id='word_1_103' title='bbox 1281 1863 1325 1906; x_wconf 88' lang='lat' dir='ltr'>ex</span> <span class='ocrx_word' id='word_1_104' title='bbox 1349 1860 1468 1908; x_wconf 89' lang='lat' dir='ltr'>amore</span> 
     </span>
     <span class='ocr_line' id='line_1_14' title="bbox 343 1935 1311 2018; baseline -0.002 -18"><span class='ocrx_word' id='word_1_105' title='bbox 343 1938 405 2000; x_wconf 84' lang='lat' dir='ltr'>sui.</span> <span class='ocrx_word' id='word_1_106' title='bbox 451 1936 506 2000; x_wconf 92' lang='lat' dir='ltr'>Illi</span> <span class='ocrx_word' id='word_1_107' title='bbox 523 1936 592 1999; x_wconf 93' lang='lat' dir='ltr'>bini</span> <span class='ocrx_word' id='word_1_108' title='bbox 604 1955 738 1999; x_wconf 90' lang='lat' dir='ltr'>amores</span> <span class='ocrx_word' id='word_1_109' title='bbox 754 1945 834 1999; x_wconf 86' lang='lat' dir='ltr'>sunt</span> <span class='ocrx_word' id='word_1_110' title='bbox 850 1957 869 1999; x_wconf 94' lang='lat' dir='ltr'>e</span> <span class='ocrx_word' id='word_1_111' title='bbox 885 1935 1055 2000; x_wconf 91' lang='lat' dir='ltr'>diametro</span> <span class='ocrx_word' id='word_1_112' title='bbox 1068 1935 1132 1999; x_wconf 90' lang='lat' dir='ltr'>sibi</span> <span class='ocrx_word' id='word_1_113' title='bbox 1150 1936 1311 2018; x_wconf 92' lang='lat' dir='ltr'>oppositi.</span> 
     </span>
    </p>

    <p class='ocr_par' dir='ltr' id='par_1_3' title="bbox 341 2026 1468 3425">
     <span class='ocr_line' id='line_1_15' title="bbox 409 2026 1468 2111; baseline 0 -19"><span class='ocrx_word' id='word_1_114' title='bbox 409 2042 502 2111; x_wconf 76' lang='grc' dir='ltr'>ψ.</span> <span class='ocrx_word' id='word_1_115' title='bbox 534 2026 704 2109; x_wconf 84' lang='lat' dir='ltr'>Quoniam</span> <span class='ocrx_word' id='word_1_116' title='bbox 720 2026 790 2090; x_wconf 93' lang='lat' dir='ltr'>bini</span> <span class='ocrx_word' id='word_1_117' title='bbox 809 2027 858 2091; x_wconf 92' lang='lat' dir='ltr'>illi</span> <span class='ocrx_word' id='word_1_118' title='bbox 877 2046 1023 2103; x_wconf 89' lang='lat' dir='ltr'>amores,</span> <span class='ocrx_word' id='word_1_119' title='bbox 1043 2045 1139 2091; x_wconf 91' lang='lat' dir='ltr'>amor</span> <span class='ocrx_word' id='word_1_120' title='bbox 1157 2029 1191 2090; x_wconf 96' lang='lat' dir='ltr'>in</span> <span class='ocrx_word' id='word_1_121' title='bbox 1212 2026 1409 2102; x_wconf 87' lang='lat' dir='ltr'>Dominum,</span> <span class='ocrx_word' id='word_1_122' title='bbox 1429 2037 1468 2092; x_wconf 92' lang='lat' dir='ltr'>et</span> 
     </span>
     <span class='ocr_line' id='line_1_16' title="bbox 343 2120 1464 2203; baseline 0.001 -19"><span class='ocrx_word' id='word_1_123' title='bbox 343 2139 441 2184; x_wconf 88' lang='lat' dir='ltr'>amor</span> <span class='ocrx_word' id='word_1_124' title='bbox 460 2121 657 2183; x_wconf 91' lang='lat' dir='ltr'>dominandi</span> <span class='ocrx_word' id='word_1_125' title='bbox 678 2140 723 2183; x_wconf 88' lang='lat' dir='ltr'>ex</span> <span class='ocrx_word' id='word_1_126' title='bbox 742 2139 859 2184; x_wconf 89' lang='lat' dir='ltr'>amore</span> <span class='ocrx_word' id='word_1_127' title='bbox 878 2121 939 2194; x_wconf 92' lang='lat' dir='ltr'>sui,</span> <span class='ocrx_word' id='word_1_128' title='bbox 957 2128 1037 2183; x_wconf 90' lang='lat' dir='ltr'>sunt</span> <span class='ocrx_word' id='word_1_129' title='bbox 1056 2120 1118 2183; x_wconf 92' lang='lat' dir='ltr'>sibi</span> <span class='ocrx_word' id='word_1_130' title='bbox 1143 2141 1279 2203; x_wconf 91' lang='lat' dir='ltr'>prorsus</span> <span class='ocrx_word' id='word_1_131' title='bbox 1302 2121 1464 2203; x_wconf 89' lang='lat' dir='ltr'>oppositi,</span> 
     </span>
     <span class='ocr_line' id='line_1_17' title="bbox 342 2212 1466 2297; baseline -0.001 -18"><span class='ocrx_word' id='word_1_132' title='bbox 342 2225 381 2279; x_wconf 92' lang='lat' dir='ltr'>et</span> <span class='ocrx_word' id='word_1_133' title='bbox 400 2217 479 2297; x_wconf 90' lang='lat' dir='ltr'>quia</span> <span class='ocrx_word' id='word_1_134' title='bbox 498 2215 692 2296; x_wconf 89' lang='lat' dir='ltr'>omnesqui</span> <span class='ocrx_word' id='word_1_135' title='bbox 715 2215 749 2276; x_wconf 93' lang='lat' dir='ltr'>in</span> <span class='ocrx_word' id='word_1_136' title='bbox 769 2233 887 2276; x_wconf 89' lang='lat' dir='ltr'>amore</span> <span class='ocrx_word' id='word_1_137' title='bbox 911 2215 945 2275; x_wconf 96' lang='lat' dir='ltr'>in</span> <span class='ocrx_word' id='word_1_138' title='bbox 965 2212 1150 2277; x_wconf 91' lang='lat' dir='ltr'>Dominum</span> <span class='ocrx_word' id='word_1_139' title='bbox 1169 2225 1249 2276; x_wconf 88' lang='lat' dir='ltr'>sunt</span> <span class='ocrx_word' id='word_1_140' title='bbox 1269 2234 1306 2278; x_wconf 88' lang='lat' dir='ltr'>se</span> <span class='ocrx_word' id='word_1_141' title='bbox 1325 2223 1466 2278; x_wconf 88' lang='lat' dir='ltr'>vertunt</span> 
     </span>
     <span class='ocr_line' id='line_1_18' title="bbox 341 2303 1465 2380; baseline -0.002 -8"><span class='ocrx_word' id='word_1_142' title='bbox 341 2307 388 2372; x_wconf 90' lang='lat' dir='ltr'>ad</span> <span class='ocrx_word' id='word_1_143' title='bbox 408 2307 593 2371; x_wconf 92' lang='lat' dir='ltr'>Dominum</span> <span class='ocrx_word' id='word_1_144' title='bbox 613 2314 649 2369; x_wconf 93' lang='lat' dir='ltr'>ut</span> <span class='ocrx_word' id='word_1_145' title='bbox 669 2303 798 2380; x_wconf 88' lang='lat' dir='ltr'>Solem,</span> <span class='ocrx_word' id='word_1_146' title='bbox 819 2307 908 2369; x_wconf 91' lang='lat' dir='ltr'>utin</span> <span class='ocrx_word' id='word_1_147' title='bbox 928 2307 1162 2369; x_wconf 85' lang='lat' dir='ltr'>antecedente</span> <span class='ocrx_word' id='word_1_148' title='bbox 1181 2306 1327 2370; x_wconf 91' lang='lat' dir='ltr'>articulo</span> <span class='ocrx_word' id='word_1_149' title='bbox 1345 2315 1465 2370; x_wconf 91' lang='lat' dir='ltr'>osten-</span> 
     </span>
     <span class='ocr_line' id='line_1_19' title="bbox 341 2399 1463 2481; baseline -0.003 -18"><span class='ocrx_word' id='word_1_150' title='bbox 341 2419 418 2463; x_wconf 86' lang='lat' dir='ltr'>sum</span> <span class='ocrx_word' id='word_1_151' title='bbox 434 2406 498 2472; x_wconf 92' lang='lat' dir='ltr'>est,</span> <span class='ocrx_word' id='word_1_152' title='bbox 515 2407 673 2462; x_wconf 90' lang='lat' dir='ltr'>constare</span> <span class='ocrx_word' id='word_1_153' title='bbox 692 2410 821 2479; x_wconf 90' lang='lat' dir='ltr'>potest,</span> <span class='ocrx_word' id='word_1_154' title='bbox 840 2399 930 2481; x_wconf 94' lang='lat' dir='ltr'>quod</span> <span class='ocrx_word' id='word_1_155' title='bbox 950 2401 1144 2480; x_wconf 89' lang='lat' dir='ltr'>omnesqui</span> <span class='ocrx_word' id='word_1_156' title='bbox 1164 2399 1197 2460; x_wconf 94' lang='lat' dir='ltr'>in</span> <span class='ocrx_word' id='word_1_157' title='bbox 1217 2419 1332 2461; x_wconf 89' lang='lat' dir='ltr'>amore</span> <span class='ocrx_word' id='word_1_158' title='bbox 1352 2400 1463 2461; x_wconf 91' lang='lat' dir='ltr'>domi·</span> 
     </span>
     <span class='ocr_line' id='line_1_20' title="bbox 342 2490 1464 2562; baseline -0.002 -8"><span class='ocrx_word' id='word_1_159' title='bbox 342 2492 449 2554; x_wconf 90' lang='lat' dir='ltr'>nandi</span> <span class='ocrx_word' id='word_1_160' title='bbox 478 2510 524 2554; x_wconf 87' lang='lat' dir='ltr'>ex</span> <span class='ocrx_word' id='word_1_161' title='bbox 553 2510 669 2554; x_wconf 92' lang='lat' dir='ltr'>amore</span> <span class='ocrx_word' id='word_1_162' title='bbox 698 2491 749 2553; x_wconf 91' lang='lat' dir='ltr'>sui</span> <span class='ocrx_word' id='word_1_163' title='bbox 779 2501 870 2562; x_wconf 88' lang='lat' dir='ltr'>sunt,</span> <span class='ocrx_word' id='word_1_164' title='bbox 896 2510 934 2554; x_wconf 90' lang='lat' dir='ltr'>se</span> <span class='ocrx_word' id='word_1_165' title='bbox 960 2499 1100 2554; x_wconf 85' lang='lat' dir='ltr'>vertant</span> <span class='ocrx_word' id='word_1_166' title='bbox 1129 2501 1223 2554; x_wconf 90' lang='lat' dir='ltr'>retro</span> <span class='ocrx_word' id='word_1_167' title='bbox 1253 2511 1273 2554; x_wconf 92' lang='lat' dir='ltr'>a</span> <span class='ocrx_word' id='word_1_168' title='bbox 1303 2490 1464 2554; x_wconf 91' lang='lat' dir='ltr'>Domino.</span> 
     </span>
     <span class='ocr_line' id='line_1_21' title="bbox 342 2582 1463 2666; baseline 0.001 -20"><span class='ocrx_word' id='word_1_169' title='bbox 342 2582 446 2664; x_wconf 86' lang='lat' dir='ltr'>Quod</span> <span class='ocrx_word' id='word_1_170' title='bbox 466 2585 514 2646; x_wconf 89' lang='lat' dir='ltr'>ita</span> <span class='ocrx_word' id='word_1_171' title='bbox 533 2604 576 2645; x_wconf 89' lang='lat' dir='ltr'>ex</span> <span class='ocrx_word' id='word_1_172' title='bbox 595 2584 753 2664; x_wconf 90' lang='lat' dir='ltr'>opposito</span> <span class='ocrx_word' id='word_1_173' title='bbox 772 2603 809 2646; x_wconf 89' lang='lat' dir='ltr'>se</span> <span class='ocrx_word' id='word_1_174' title='bbox 828 2592 977 2658; x_wconf 88' lang='lat' dir='ltr'>vertant,</span> <span class='ocrx_word' id='word_1_175' title='bbox 994 2593 1048 2647; x_wconf 90' lang='lat' dir='ltr'>est</span> <span class='ocrx_word' id='word_1_176' title='bbox 1066 2585 1143 2666; x_wconf 89' lang='lat' dir='ltr'>quia</span> <span class='ocrx_word' id='word_1_177' title='bbox 1159 2582 1207 2646; x_wconf 93' lang='lat' dir='ltr'>illi</span> <span class='ocrx_word' id='word_1_178' title='bbox 1220 2585 1276 2666; x_wconf 92' lang='lat' dir='ltr'>qul</span> <span class='ocrx_word' id='word_1_179' title='bbox 1294 2584 1327 2645; x_wconf 92' lang='lat' dir='ltr'>in</span> <span class='ocrx_word' id='word_1_180' title='bbox 1347 2602 1463 2647; x_wconf 89' lang='lat' dir='ltr'>amore</span> 
     </span>
     <span class='ocr_line' id='line_1_22' title="bbox 341 2673 1460 2760; baseline 0.003 -21"><span class='ocrx_word' id='word_1_181' title='bbox 341 2674 378 2740; x_wconf 91' lang='lat' dir='ltr'>in</span> <span class='ocrx_word' id='word_1_182' title='bbox 398 2673 584 2739; x_wconf 91' lang='lat' dir='ltr'>Dominum</span> <span class='ocrx_word' id='word_1_183' title='bbox 604 2684 695 2750; x_wconf 91' lang='lat' dir='ltr'>sunt,</span> <span class='ocrx_word' id='word_1_184' title='bbox 716 2695 785 2739; x_wconf 92' lang='lat' dir='ltr'>non</span> <span class='ocrx_word' id='word_1_185' title='bbox 804 2675 881 2756; x_wconf 86' lang='lat' dir='ltr'>plus</span> <span class='ocrx_word' id='word_1_186' title='bbox 903 2685 1021 2741; x_wconf 89' lang='lat' dir='ltr'>amant</span> <span class='ocrx_word' id='word_1_187' title='bbox 1040 2694 1143 2760; x_wconf 85' lang='lat' dir='ltr'>quam</span> <span class='ocrx_word' id='word_1_188' title='bbox 1162 2676 1240 2742; x_wconf 91' lang='lat' dir='ltr'>duci</span> <span class='ocrx_word' id='word_1_189' title='bbox 1258 2697 1279 2742; x_wconf 92' lang='lat' dir='ltr'>a</span> <span class='ocrx_word' id='word_1_190' title='bbox 1298 2675 1460 2753; x_wconf 87' lang='lat' dir='ltr'>Domino,</span> 
     </span>
     <span class='ocr_line' id='line_1_23' title="bbox 342 2770 1461 2856; baseline 0.003 -22"><span class='ocrx_word' id='word_1_191' title='bbox 342 2789 385 2834; x_wconf 89' lang='lat' dir='ltr'>ac</span> <span class='ocrx_word' id='word_1_192' title='bbox 404 2770 527 2834; x_wconf 91' lang='lat' dir='ltr'>volunt</span> <span class='ocrx_word' id='word_1_193' title='bbox 546 2781 583 2834; x_wconf 91' lang='lat' dir='ltr'>ut</span> <span class='ocrx_word' id='word_1_194' title='bbox 602 2770 696 2834; x_wconf 86' lang='lat' dir='ltr'>solus</span> <span class='ocrx_word' id='word_1_195' title='bbox 715 2770 884 2834; x_wconf 87' lang='lat' dir='ltr'>Dominus</span> <span class='ocrx_word' id='word_1_196' title='bbox 903 2773 1119 2850; x_wconf 90' lang='lat' dir='ltr'>dominetur;</span> <span class='ocrx_word' id='word_1_197' title='bbox 1154 2782 1190 2836; x_wconf 91' lang='lat' dir='ltr'>at</span> <span class='ocrx_word' id='word_1_198' title='bbox 1209 2773 1265 2856; x_wconf 94' lang='lat' dir='ltr'>qui</span> <span class='ocrx_word' id='word_1_199' title='bbox 1288 2774 1322 2836; x_wconf 94' lang='lat' dir='ltr'>in</span> <span class='ocrx_word' id='word_1_200' title='bbox 1344 2790 1461 2837; x_wconf 90' lang='lat' dir='ltr'>amore</span> 
     </span>
     <span class='ocr_line' id='line_1_24' title="bbox 343 2865 1463 2951; baseline 0.004 -23"><span class='ocrx_word' id='word_1_201' title='bbox 343 2865 546 2929; x_wconf 90' lang='lat' dir='ltr'>dominandi</span> <span class='ocrx_word' id='word_1_202' title='bbox 564 2886 611 2930; x_wconf 87' lang='lat' dir='ltr'>ex</span> <span class='ocrx_word' id='word_1_203' title='bbox 629 2885 745 2930; x_wconf 89' lang='lat' dir='ltr'>amore</span> <span class='ocrx_word' id='word_1_204' title='bbox 764 2867 815 2929; x_wconf 92' lang='lat' dir='ltr'>sui</span> <span class='ocrx_word' id='word_1_205' title='bbox 835 2876 928 2942; x_wconf 89' lang='lat' dir='ltr'>sunt,</span> <span class='ocrx_word' id='word_1_206' title='bbox 945 2886 1014 2930; x_wconf 94' lang='lat' dir='ltr'>non</span> <span class='ocrx_word' id='word_1_207' title='bbox 1034 2867 1109 2949; x_wconf 89' lang='lat' dir='ltr'>plus</span> <span class='ocrx_word' id='word_1_208' title='bbox 1127 2879 1247 2932; x_wconf 90' lang='lat' dir='ltr'>amant</span> <span class='ocrx_word' id='word_1_209' title='bbox 1263 2886 1364 2951; x_wconf 88' lang='lat' dir='ltr'>quam</span> <span class='ocrx_word' id='word_1_210' title='bbox 1384 2868 1463 2932; x_wconf 90' lang='lat' dir='ltr'>duci</span> 
     </span>
     <span class='ocr_line' id='line_1_25' title="bbox 344 2961 1463 3044; baseline 0.002 -19"><span class='ocrx_word' id='word_1_211' title='bbox 344 2982 367 3026; x_wconf 90' lang='lat' dir='ltr'>a</span> <span class='ocrx_word' id='word_1_212' title='bbox 385 2970 508 3036; x_wconf 88' lang='lat' dir='ltr'>semet,</span> <span class='ocrx_word' id='word_1_213' title='bbox 525 2971 562 3025; x_wconf 91' lang='lat' dir='ltr'>et</span> <span class='ocrx_word' id='word_1_214' title='bbox 578 2961 699 3025; x_wconf 89' lang='lat' dir='ltr'>volunt</span> <span class='ocrx_word' id='word_1_215' title='bbox 716 2970 753 3025; x_wconf 91' lang='lat' dir='ltr'>ut</span> <span class='ocrx_word' id='word_1_216' title='bbox 768 2963 833 3044; x_wconf 91' lang='lat' dir='ltr'>ipsi</span> <span class='ocrx_word' id='word_1_217' title='bbox 852 2962 917 3026; x_wconf 92' lang='lat' dir='ltr'>soli</span> <span class='ocrx_word' id='word_1_218' title='bbox 936 2963 1166 3027; x_wconf 89' lang='lat' dir='ltr'>dominentur.</span> <span class='ocrx_word' id='word_1_219' title='bbox 1214 2964 1347 3028; x_wconf 90' lang='lat' dir='ltr'>Dicitur</span> <span class='ocrx_word' id='word_1_220' title='bbox 1363 2982 1463 3029; x_wconf 87' lang='lat' dir='ltr'>amor</span> 
     </span>
     <span class='ocr_line' id='line_1_26' title="bbox 344 3057 1462 3144; baseline 0.003 -24"><span class='ocrx_word' id='word_1_221' title='bbox 344 3057 547 3120; x_wconf 87' lang='lat' dir='ltr'>dominandi</span> <span class='ocrx_word' id='word_1_222' title='bbox 566 3077 612 3120; x_wconf 88' lang='lat' dir='ltr'>ex</span> <span class='ocrx_word' id='word_1_223' title='bbox 631 3077 747 3122; x_wconf 88' lang='lat' dir='ltr'>amore</span> <span class='ocrx_word' id='word_1_224' title='bbox 769 3058 830 3132; x_wconf 90' lang='lat' dir='ltr'>sui,</span> <span class='ocrx_word' id='word_1_225' title='bbox 851 3059 929 3139; x_wconf 91' lang='lat' dir='ltr'>quia</span> <span class='ocrx_word' id='word_1_226' title='bbox 952 3059 1053 3122; x_wconf 91' lang='lat' dir='ltr'>datur</span> <span class='ocrx_word' id='word_1_227' title='bbox 1075 3078 1172 3123; x_wconf 89' lang='lat' dir='ltr'>amor</span> <span class='ocrx_word' id='word_1_228' title='bbox 1194 3059 1393 3144; x_wconf 87' lang='lat' dir='ltr'>dominandi</span> <span class='ocrx_word' id='word_1_229' title='bbox 1415 3079 1462 3123; x_wconf 85' lang='lat' dir='ltr'>ex</span> 
     </span>
     <span class='ocr_line' id='line_1_27' title="bbox 344 3151 1462 3235; baseline 0.004 -19"><span class='ocrx_word' id='word_1_230' title='bbox 344 3171 463 3216; x_wconf 86' lang='lat' dir='ltr'>amore</span> <span class='ocrx_word' id='word_1_231' title='bbox 478 3151 625 3224; x_wconf 81' lang='lat' dir='ltr'>faciendi</span> <span class='ocrx_word' id='word_1_232' title='bbox 642 3172 732 3225; x_wconf 90' lang='lat' dir='ltr'>usus,</span> <span class='ocrx_word' id='word_1_233' title='bbox 749 3154 805 3235; x_wconf 93' lang='lat' dir='ltr'>qui</span> <span class='ocrx_word' id='word_1_234' title='bbox 821 3172 928 3224; x_wconf 87' lang='lat' dir='ltr'>amor,</span> <span class='ocrx_word' id='word_1_235' title='bbox 942 3154 1022 3235; x_wconf 86' lang='lat' dir='ltr'>quia</span> <span class='ocrx_word' id='word_1_236' title='bbox 1037 3174 1140 3217; x_wconf 92' lang='lat' dir='ltr'>unum</span> <span class='ocrx_word' id='word_1_237' title='bbox 1156 3154 1236 3218; x_wconf 90' lang='lat' dir='ltr'>facit</span> <span class='ocrx_word' id='word_1_238' title='bbox 1251 3174 1328 3220; x_wconf 91' lang='lat' dir='ltr'>cum</span> <span class='ocrx_word' id='word_1_239' title='bbox 1344 3173 1462 3220; x_wconf 89' lang='lat' dir='ltr'>amore</span> 
     </span>
     <span class='ocr_line' id='line_1_28' title="bbox 344 3248 1462 3330; baseline 0.002 -18"><span class='ocrx_word' id='word_1_240' title='bbox 344 3267 431 3330; x_wconf 87' lang='lat' dir='ltr'>erga</span> <span class='ocrx_word' id='word_1_241' title='bbox 446 3248 651 3329; x_wconf 89' lang='lat' dir='ltr'>proximum,</span> <span class='ocrx_word' id='word_1_242' title='bbox 665 3257 719 3311; x_wconf 93' lang='lat' dir='ltr'>est</span> <span class='ocrx_word' id='word_1_243' title='bbox 736 3268 833 3311; x_wconf 89' lang='lat' dir='ltr'>amor</span> <span class='ocrx_word' id='word_1_244' title='bbox 848 3248 1054 3330; x_wconf 80' lang='lat' dir='ltr'>spiritualis3</span> <span class='ocrx_word' id='word_1_245' title='bbox 1078 3270 1196 3313; x_wconf 92' lang='lat' dir='ltr'>verum</span> <span class='ocrx_word' id='word_1_246' title='bbox 1212 3250 1266 3314; x_wconf 94' lang='lat' dir='ltr'>hic</span> <span class='ocrx_word' id='word_1_247' title='bbox 1283 3269 1379 3315; x_wconf 91' lang='lat' dir='ltr'>amor</span> <span class='ocrx_word' id='word_1_248' title='bbox 1391 3270 1462 3316; x_wconf 90' lang='lat' dir='ltr'>non</span> 
     </span>
     <span class='ocr_line' id='line_1_29' title="bbox 343 3344 1413 3425; baseline 0.003 -17"><span class='ocrx_word' id='word_1_249' title='bbox 343 3344 463 3409; x_wconf 86' lang='lat' dir='ltr'>vocari</span> <span class='ocrx_word' id='word_1_250' title='bbox 481 3353 600 3425; x_wconf 90' lang='lat' dir='ltr'>potest</span> <span class='ocrx_word' id='word_1_251' title='bbox 619 3363 715 3407; x_wconf 88' lang='lat' dir='ltr'>amor</span> <span class='ocrx_word' id='word_1_252' title='bbox 733 3344 944 3418; x_wconf 88' lang='lat' dir='ltr'>dominandi,</span> <span class='ocrx_word' id='word_1_253' title='bbox 964 3345 1026 3408; x_wconf 90' lang='lat' dir='ltr'>sed</span> <span class='ocrx_word' id='word_1_254' title='bbox 1045 3364 1142 3409; x_wconf 89' lang='lat' dir='ltr'>amor</span> <span class='ocrx_word' id='word_1_255' title='bbox 1160 3345 1307 3410; x_wconf 86' lang='lat' dir='ltr'>faciendi</span> <span class='ocrx_word' id='word_1_256' title='bbox 1324 3367 1413 3412; x_wconf 88' lang='lat' dir='ltr'>usus.</span> 
     </span>
    </p>

    <p class='ocr_par' dir='ltr' id='par_1_4' title="bbox 346 3433 1469 3972">
     <span class='ocr_line' id='line_1_30' title="bbox 412 3433 1468 3519; baseline 0 -18"><span class='ocrx_word' id='word_1_257' title='bbox 412 3451 509 3519; x_wconf 75' lang='lat'>143·</span> <span class='ocrx_word' id='word_1_258' title='bbox 540 3433 642 3516; x_wconf 83' lang='lat' dir='ltr'>Quod</span> <span class='ocrx_word' id='word_1_259' title='bbox 662 3437 890 3518; x_wconf 89' lang='lat' dir='ltr'>unusquisque</span> <span class='ocrx_word' id='word_1_260' title='bbox 910 3437 1060 3517; x_wconf 89' lang='lat' dir='ltr'>spiritus,</span> <span class='ocrx_word' id='word_1_261' title='bbox 1081 3437 1325 3519; x_wconf 88' lang='lat' dir='ltr'>qualiscunque</span> <span class='ocrx_word' id='word_1_262' title='bbox 1347 3439 1404 3512; x_wconf 91' lang='lat' dir='ltr'>sit,</span> <span class='ocrx_word' id='word_1_263' title='bbox 1424 3438 1468 3501; x_wconf 89' lang='lat' dir='ltr'>ad</span> 
     </span>
     <span class='ocr_line' id='line_1_31' title="bbox 346 3529 1468 3611; baseline 0.001 -19"><span class='ocrx_word' id='word_1_264' title='bbox 346 3547 502 3593; x_wconf 89' lang='lat' dir='ltr'>amorem</span> <span class='ocrx_word' id='word_1_265' title='bbox 518 3537 724 3608; x_wconf 84' lang='lat' dir='ltr'>regnantem</span> <span class='ocrx_word' id='word_1_266' title='bbox 739 3547 836 3591; x_wconf 90' lang='lat' dir='ltr'>suum</span> <span class='ocrx_word' id='word_1_267' title='bbox 855 3547 892 3591; x_wconf 90' lang='lat' dir='ltr'>se</span> <span class='ocrx_word' id='word_1_268' title='bbox 909 3538 1034 3606; x_wconf 73' lang='lat' dir='ltr'>vertat,</span> <span class='ocrx_word' id='word_1_269' title='bbox 1052 3539 1105 3591; x_wconf 90' lang='lat' dir='ltr'>est</span> <span class='ocrx_word' id='word_1_270' title='bbox 1122 3529 1201 3611; x_wconf 92' lang='lat' dir='ltr'>quia</span> <span class='ocrx_word' id='word_1_271' title='bbox 1215 3549 1311 3593; x_wconf 90' lang='lat' dir='ltr'>amor</span> <span class='ocrx_word' id='word_1_272' title='bbox 1327 3540 1381 3594; x_wconf 92' lang='lat' dir='ltr'>est</span> <span class='ocrx_word' id='word_1_273' title='bbox 1398 3533 1468 3593; x_wconf 85' lang='lat' dir='ltr'>vita</span> 
     </span>
     <span class='ocr_line' id='line_1_32' title="bbox 346 3617 1469 3704; baseline 0.003 -21"><span class='ocrx_word' id='word_1_274' title='bbox 346 3619 504 3701; x_wconf 87' lang='lat' dir='ltr'>cujusvis,</span> <span class='ocrx_word' id='word_1_275' title='bbox 524 3617 577 3702; x_wconf 92' lang='lat' dir='ltr'>(ut</span> <span class='ocrx_word' id='word_1_276' title='bbox 595 3621 629 3682; x_wconf 93' lang='lat' dir='ltr'>in</span> <span class='ocrx_word' id='word_1_277' title='bbox 650 3619 761 3682; x_wconf 91' lang='lat' dir='ltr'>Prima</span> <span class='ocrx_word' id='word_1_278' title='bbox 777 3631 885 3702; x_wconf 86' lang='lat' dir='ltr'>parte,</span> <span class='ocrx_word' id='word_1_279' title='bbox 904 3639 935 3682; x_wconf 94' lang='lat' dir='ltr'>n.</span> <span class='ocrx_word' id='word_1_280' title='bbox 959 3636 1027 3701; x_wconf 81' lang='lat'>1-3,</span> <span class='ocrx_word' id='word_1_281' title='bbox 1046 3631 1222 3683; x_wconf 89' lang='lat' dir='ltr'>ostensum</span> <span class='ocrx_word' id='word_1_282' title='bbox 1241 3622 1323 3704; x_wconf 90' lang='lat' dir='ltr'>est,)</span> <span class='ocrx_word' id='word_1_283' title='bbox 1341 3632 1376 3686; x_wconf 93' lang='lat' dir='ltr'>et</span> <span class='ocrx_word' id='word_1_284' title='bbox 1396 3624 1469 3686; x_wconf 89' lang='lat' dir='ltr'>vita</span> 
     </span>
     <span class='ocr_line' id='line_1_33' title="bbox 347 3711 1467 3796; baseline 0.004 -21"><span class='ocrx_word' id='word_1_285' title='bbox 347 3712 454 3775; x_wconf 84' lang='lat' dir='ltr'>vertit</span> <span class='ocrx_word' id='word_1_286' title='bbox 472 3711 691 3794; x_wconf 90' lang='lat' dir='ltr'>receptacula</span> <span class='ocrx_word' id='word_1_287' title='bbox 710 3733 782 3786; x_wconf 86' lang='lat' dir='ltr'>sua,</span> <span class='ocrx_word' id='word_1_288' title='bbox 803 3733 889 3794; x_wconf 90' lang='lat' dir='ltr'>quae</span> <span class='ocrx_word' id='word_1_289' title='bbox 909 3722 1076 3776; x_wconf 90' lang='lat' dir='ltr'>vocantur</span> <span class='ocrx_word' id='word_1_290' title='bbox 1096 3713 1260 3788; x_wconf 87' lang='lat' dir='ltr'>membra,</span> <span class='ocrx_word' id='word_1_291' title='bbox 1281 3735 1412 3796; x_wconf 83' lang='lat' dir='ltr'>organa</span> <span class='ocrx_word' id='word_1_292' title='bbox 1430 3725 1467 3779; x_wconf 93' lang='lat' dir='ltr'>et</span> 
     </span>
     <span class='ocr_line' id='line_1_34' title="bbox 347 3803 1467 3890; baseline 0.003 -23"><span class='ocrx_word' id='word_1_293' title='bbox 347 3804 490 3880; x_wconf 87' lang='lat' dir='ltr'>viscera,</span> <span class='ocrx_word' id='word_1_294' title='bbox 514 3803 564 3867; x_wconf 90' lang='lat' dir='ltr'>ita</span> <span class='ocrx_word' id='word_1_295' title='bbox 592 3810 705 3868; x_wconf 92' lang='lat' dir='ltr'>totum</span> <span class='ocrx_word' id='word_1_296' title='bbox 735 3804 919 3880; x_wconf 89' lang='lat' dir='ltr'>hominem,</span> <span class='ocrx_word' id='word_1_297' title='bbox 945 3806 988 3868; x_wconf 88' lang='lat' dir='ltr'>ad</span> <span class='ocrx_word' id='word_1_298' title='bbox 1020 3804 1113 3868; x_wconf 88' lang='lat' dir='ltr'>illam</span> <span class='ocrx_word' id='word_1_299' title='bbox 1144 3807 1349 3870; x_wconf 91' lang='lat' dir='ltr'>societatem</span> <span class='ocrx_word' id='word_1_300' title='bbox 1380 3827 1467 3890; x_wconf 85' lang='lat' dir='ltr'>quae</span> 
     </span>
     <span class='ocr_line' id='line_1_35' title="bbox 346 3893 1296 3972; baseline 0.001 -13"><span class='ocrx_word' id='word_1_301' title='bbox 346 3896 381 3959; x_wconf 91' lang='lat' dir='ltr'>in</span> <span class='ocrx_word' id='word_1_302' title='bbox 398 3893 499 3959; x_wconf 88' lang='lat' dir='ltr'>simili</span> <span class='ocrx_word' id='word_1_303' title='bbox 518 3915 634 3959; x_wconf 89' lang='lat' dir='ltr'>amore</span> <span class='ocrx_word' id='word_1_304' title='bbox 653 3915 769 3960; x_wconf 92' lang='lat' dir='ltr'>secum</span> <span class='ocrx_word' id='word_1_305' title='bbox 793 3907 857 3972; x_wconf 92' lang='lat' dir='ltr'>est,</span> <span class='ocrx_word' id='word_1_306' title='bbox 879 3897 926 3959; x_wconf 92' lang='lat' dir='ltr'>ita</span> <span class='ocrx_word' id='word_1_307' title='bbox 943 3898 998 3960; x_wconf 91' lang='lat' dir='ltr'>ubi</span> <span class='ocrx_word' id='word_1_308' title='bbox 1017 3918 1097 3960; x_wconf 91' lang='lat' dir='ltr'>suus</span> <span class='ocrx_word' id='word_1_309' title='bbox 1116 3918 1212 3961; x_wconf 90' lang='lat' dir='ltr'>amor</span> <span class='ocrx_word' id='word_1_310' title='bbox 1232 3909 1296 3963; x_wconf 89' lang='lat' dir='ltr'>est.</span> 
     </span>
    </p>

    <p class='ocr_par' dir='ltr' id='par_1_5' title="bbox 343 3985 1465 4820">
     <span class='ocr_line' id='line_1_36' title="bbox 410 3985 1465 4072; baseline 0.006 -23"><span class='ocrx_word' id='word_1_311' title='bbox 410 4002 508 4072; x_wconf 84' lang='lat'>144.</span> <span class='ocrx_word' id='word_1_312' title='bbox 544 3985 716 4070; x_wconf 87' lang='lat' dir='ltr'>Quoniam</span> <span class='ocrx_word' id='word_1_313' title='bbox 745 4008 841 4052; x_wconf 88' lang='lat' dir='ltr'>amor</span> <span class='ocrx_word' id='word_1_314' title='bbox 871 3989 1068 4052; x_wconf 89' lang='lat' dir='ltr'>dominandi</span> <span class='ocrx_word' id='word_1_315' title='bbox 1103 4011 1147 4053; x_wconf 85' lang='lat' dir='ltr'>ex</span> <span class='ocrx_word' id='word_1_316' title='bbox 1182 4011 1297 4054; x_wconf 86' lang='lat' dir='ltr'>amore</span> <span class='ocrx_word' id='word_1_317' title='bbox 1327 3993 1377 4053; x_wconf 90' lang='lat' dir='ltr'>sui</span> <span class='ocrx_word' id='word_1_318' title='bbox 1409 4002 1465 4056; x_wconf 90' lang='lat' dir='ltr'>est</span> 
     </span>
     <span class='ocr_line' id='line_1_37' title="bbox 346 4079 1465 4166; baseline 0.002 -22"><span class='ocrx_word' id='word_1_319' title='bbox 346 4100 485 4163; x_wconf 89' lang='lat' dir='ltr'>prorsus</span> <span class='ocrx_word' id='word_1_320' title='bbox 503 4081 683 4162; x_wconf 92' lang='lat' dir='ltr'>oppositus</span> <span class='ocrx_word' id='word_1_321' title='bbox 702 4081 808 4143; x_wconf 88' lang='lat' dir='ltr'>amori</span> <span class='ocrx_word' id='word_1_322' title='bbox 826 4082 859 4144; x_wconf 93' lang='lat' dir='ltr'>in</span> <span class='ocrx_word' id='word_1_323' title='bbox 880 4079 1075 4157; x_wconf 92' lang='lat' dir='ltr'>Dominum,</span> <span class='ocrx_word' id='word_1_324' title='bbox 1098 4083 1176 4145; x_wconf 92' lang='lat' dir='ltr'>ideo</span> <span class='ocrx_word' id='word_1_325' title='bbox 1195 4083 1332 4163; x_wconf 90' lang='lat' dir='ltr'>spiritus</span> <span class='ocrx_word' id='word_1_326' title='bbox 1352 4084 1408 4166; x_wconf 95' lang='lat' dir='ltr'>qui</span> <span class='ocrx_word' id='word_1_327' title='bbox 1432 4085 1465 4146; x_wconf 96' lang='lat' dir='ltr'>in</span> 
     </span>
     <span class='ocr_line' id='line_1_38' title="bbox 345 4171 1464 4252; baseline 0.003 -16"><span class='ocrx_word' id='word_1_328' title='bbox 345 4191 461 4236; x_wconf 89' lang='lat' dir='ltr'>amore</span> <span class='ocrx_word' id='word_1_329' title='bbox 478 4171 538 4234; x_wconf 93' lang='lat' dir='ltr'>illo</span> <span class='ocrx_word' id='word_1_330' title='bbox 555 4171 753 4236; x_wconf 91' lang='lat' dir='ltr'>dominandi</span> <span class='ocrx_word' id='word_1_331' title='bbox 766 4182 853 4246; x_wconf 91' lang='lat' dir='ltr'>sunt,</span> <span class='ocrx_word' id='word_1_332' title='bbox 868 4172 988 4237; x_wconf 89' lang='lat' dir='ltr'>faciem</span> <span class='ocrx_word' id='word_1_333' title='bbox 1005 4184 1098 4237; x_wconf 89' lang='lat' dir='ltr'>retro</span> <span class='ocrx_word' id='word_1_334' title='bbox 1111 4185 1250 4238; x_wconf 91' lang='lat' dir='ltr'>vertunt</span> <span class='ocrx_word' id='word_1_335' title='bbox 1268 4194 1287 4237; x_wconf 89' lang='lat' dir='ltr'>a</span> <span class='ocrx_word' id='word_1_336' title='bbox 1304 4174 1464 4252; x_wconf 93' lang='lat' dir='ltr'>Domino,</span> 
     </span>
     <span class='ocr_line' id='line_1_39' title="bbox 343 4260 1465 4346; baseline 0.004 -19"><span class='ocrx_word' id='word_1_337' title='bbox 343 4273 381 4328; x_wconf 90' lang='lat' dir='ltr'>et</span> <span class='ocrx_word' id='word_1_338' title='bbox 412 4264 491 4327; x_wconf 92' lang='lat' dir='ltr'>inde</span> <span class='ocrx_word' id='word_1_339' title='bbox 515 4263 621 4327; x_wconf 91' lang='lat' dir='ltr'>oculis</span> <span class='ocrx_word' id='word_1_340' title='bbox 644 4260 802 4346; x_wconf 66' lang='lat' dir='ltr'>spectant</span> <span class='ocrx_word' id='word_1_341' title='bbox 825 4265 869 4328; x_wconf 90' lang='lat' dir='ltr'>ad</span> <span class='ocrx_word' id='word_1_342' title='bbox 899 4267 1113 4330; x_wconf 89' lang='lat' dir='ltr'>occidentem</span> <span class='ocrx_word' id='word_1_343' title='bbox 1136 4268 1234 4330; x_wconf 92' lang='lat' dir='ltr'>istius</span> <span class='ocrx_word' id='word_1_344' title='bbox 1257 4268 1395 4345; x_wconf 91' lang='lat' dir='ltr'>mundi;</span> <span class='ocrx_word' id='word_1_345' title='bbox 1429 4279 1465 4332; x_wconf 89' lang='lat' dir='ltr'>et</span> 
     </span>
     <span class='ocr_line' id='line_1_40' title="bbox 344 4355 1465 4441; baseline 0.004 -22"><span class='ocrx_word' id='word_1_346' title='bbox 344 4355 422 4439; x_wconf 90' lang='lat' dir='ltr'>quia</span> <span class='ocrx_word' id='word_1_347' title='bbox 441 4357 489 4419; x_wconf 90' lang='lat' dir='ltr'>sic</span> <span class='ocrx_word' id='word_1_348' title='bbox 509 4357 542 4418; x_wconf 91' lang='lat' dir='ltr'>in</span> <span class='ocrx_word' id='word_1_349' title='bbox 559 4357 733 4419; x_wconf 88' lang='lat' dir='ltr'>contrario</span> <span class='ocrx_word' id='word_1_350' title='bbox 749 4377 848 4420; x_wconf 91' lang='lat' dir='ltr'>versu</span> <span class='ocrx_word' id='word_1_351' title='bbox 864 4359 977 4440; x_wconf 90' lang='lat' dir='ltr'>quoad</span> <span class='ocrx_word' id='word_1_352' title='bbox 994 4378 1117 4440; x_wconf 89' lang='lat' dir='ltr'>corpus</span> <span class='ocrx_word' id='word_1_353' title='bbox 1136 4369 1226 4432; x_wconf 92' lang='lat' dir='ltr'>sunt,</span> <span class='ocrx_word' id='word_1_354' title='bbox 1244 4380 1262 4421; x_wconf 89' lang='lat' dir='ltr'>a</span> <span class='ocrx_word' id='word_1_355' title='bbox 1283 4369 1383 4441; x_wconf 84' lang='lat' dir='ltr'>tergo</span> <span class='ocrx_word' id='word_1_356' title='bbox 1399 4359 1465 4424; x_wconf 92' lang='lat' dir='ltr'>illis</span> 
     </span>
     <span class='ocr_line' id='line_1_41' title="bbox 343 4451 1463 4536; baseline 0.004 -22"><span class='ocrx_word' id='word_1_357' title='bbox 343 4461 399 4514; x_wconf 88' lang='lat' dir='ltr'>est</span> <span class='ocrx_word' id='word_1_358' title='bbox 416 4452 539 4523; x_wconf 90' lang='lat' dir='ltr'>oriens,</span> <span class='ocrx_word' id='word_1_359' title='bbox 557 4451 599 4514; x_wconf 92' lang='lat' dir='ltr'>ad</span> <span class='ocrx_word' id='word_1_360' title='bbox 620 4451 783 4515; x_wconf 91' lang='lat' dir='ltr'>dextrum</span> <span class='ocrx_word' id='word_1_361' title='bbox 800 4452 866 4515; x_wconf 92' lang='lat' dir='ltr'>illis</span> <span class='ocrx_word' id='word_1_362' title='bbox 883 4463 936 4516; x_wconf 90' lang='lat' dir='ltr'>est</span> <span class='ocrx_word' id='word_1_363' title='bbox 953 4455 1154 4536; x_wconf 89' lang='lat' dir='ltr'>septentrio,</span> <span class='ocrx_word' id='word_1_364' title='bbox 1173 4465 1208 4517; x_wconf 90' lang='lat' dir='ltr'>et</span> <span class='ocrx_word' id='word_1_365' title='bbox 1228 4454 1270 4517; x_wconf 85' lang='lat' dir='ltr'>ad</span> <span class='ocrx_word' id='word_1_366' title='bbox 1290 4456 1463 4519; x_wconf 90' lang='lat' dir='ltr'>sinistrum</span> 
     </span>
     <span class='ocr_line' id='line_1_42' title="bbox 345 4547 1464 4632; baseline 0.004 -22"><span class='ocrx_word' id='word_1_367' title='bbox 345 4547 412 4611; x_wconf 93' lang='lat' dir='ltr'>illis</span> <span class='ocrx_word' id='word_1_368' title='bbox 428 4557 482 4609; x_wconf 89' lang='lat' dir='ltr'>est</span> <span class='ocrx_word' id='word_1_369' title='bbox 500 4548 676 4610; x_wconf 86' lang='lat' dir='ltr'>meridies:</span> <span class='ocrx_word' id='word_1_370' title='bbox 701 4568 720 4610; x_wconf 90' lang='lat' dir='ltr'>a</span> <span class='ocrx_word' id='word_1_371' title='bbox 737 4557 838 4628; x_wconf 82' lang='lat' dir='ltr'>tergo</span> <span class='ocrx_word' id='word_1_372' title='bbox 854 4547 920 4611; x_wconf 90' lang='lat' dir='ltr'>illis</span> <span class='ocrx_word' id='word_1_373' title='bbox 937 4561 990 4612; x_wconf 89' lang='lat' dir='ltr'>est</span> <span class='ocrx_word' id='word_1_374' title='bbox 1007 4551 1130 4624; x_wconf 88' lang='lat' dir='ltr'>oriens,</span> <span class='ocrx_word' id='word_1_375' title='bbox 1145 4551 1222 4632; x_wconf 90' lang='lat' dir='ltr'>quia</span> <span class='ocrx_word' id='word_1_376' title='bbox 1238 4550 1318 4614; x_wconf 91' lang='lat' dir='ltr'>odio</span> <span class='ocrx_word' id='word_1_377' title='bbox 1334 4550 1464 4615; x_wconf 89' lang='lat' dir='ltr'>habent</span> 
     </span>
     <span class='ocr_line' id='line_1_43' title="bbox 346 4643 1464 4728; baseline 0.002 -20"><span class='ocrx_word' id='word_1_378' title='bbox 346 4643 556 4720; x_wconf 92' lang='lat' dir='ltr'>Dominum;</span> <span class='ocrx_word' id='word_1_379' title='bbox 580 4645 623 4707; x_wconf 90' lang='lat' dir='ltr'>ad</span> <span class='ocrx_word' id='word_1_380' title='bbox 647 4644 809 4707; x_wconf 88' lang='lat' dir='ltr'>dextrum</span> <span class='ocrx_word' id='word_1_381' title='bbox 828 4643 895 4707; x_wconf 90' lang='lat' dir='ltr'>illis</span> <span class='ocrx_word' id='word_1_382' title='bbox 919 4655 972 4708; x_wconf 82' lang='lat' dir='ltr'>est</span> <span class='ocrx_word' id='word_1_383' title='bbox 992 4649 1194 4728; x_wconf 86' lang='lat' dir='ltr'>septentrio,</span> <span class='ocrx_word' id='word_1_384' title='bbox 1215 4647 1293 4728; x_wconf 90' lang='lat' dir='ltr'>quia</span> <span class='ocrx_word' id='word_1_385' title='bbox 1310 4645 1464 4710; x_wconf 81' lang='lat' dir='ltr'>fallacias</span> 
     </span>
     <span class='ocr_line' id='line_1_44' title="bbox 344 4739 1464 4820; baseline 0.003 -16"><span class='ocrx_word' id='word_1_386' title='bbox 344 4749 381 4804; x_wconf 89' lang='lat' dir='ltr'>et</span> <span class='ocrx_word' id='word_1_387' title='bbox 397 4741 476 4805; x_wconf 92' lang='lat' dir='ltr'>inde</span> <span class='ocrx_word' id='word_1_388' title='bbox 492 4739 664 4804; x_wconf 90' lang='lat' dir='ltr'>falsitates</span> <span class='ocrx_word' id='word_1_389' title='bbox 676 4750 795 4805; x_wconf 88' lang='lat' dir='ltr'>amant</span> <span class='ocrx_word' id='word_1_390' title='bbox 810 4761 818 4819; x_wconf 89' lang='lat'>;</span> <span class='ocrx_word' id='word_1_391' title='bbox 841 4751 877 4805; x_wconf 89' lang='lat' dir='ltr'>et</span> <span class='ocrx_word' id='word_1_392' title='bbox 893 4741 937 4806; x_wconf 92' lang='lat' dir='ltr'>ad</span> <span class='ocrx_word' id='word_1_393' title='bbox 953 4743 1128 4806; x_wconf 90' lang='lat' dir='ltr'>sinistrum</span> <span class='ocrx_word' id='word_1_394' title='bbox 1141 4741 1208 4805; x_wconf 91' lang='lat' dir='ltr'>illis</span> <span class='ocrx_word' id='word_1_395' title='bbox 1224 4751 1277 4806; x_wconf 91' lang='lat' dir='ltr'>est</span> <span class='ocrx_word' id='word_1_396' title='bbox 1292 4743 1464 4820; x_wconf 86' lang='lat' dir='ltr'>meridies,</span> 
     </span>
    </p>
   </div>
   <div class='ocr_carea' id='block_1_3' title="bbox 0 0 1684 5384">
    <p class='ocr_par' dir='ltr' id='par_1_6' title="bbox 0 0 1684 5384">
     <span class='ocr_line' id='line_1_45' title="bbox 0 0 1684 5384; baseline 0 0"><span class='ocrx_word' id='word_1_397' title='bbox 0 0 1684 5384; x_wconf 95' lang='lat' dir='ltr'> </span> 
     </span>
    </p>
   </div>
  </div>
 </body>
</html>
