3344 5402
351 576 393 640 42
707 571 910 624 SAPIENTlA
933 573 1130 626 ANGELICA

350 755 455 826 petua
479 745 538 807 lux
567 755 603 808 et
633 755 837 828 perpetuum
860 765 938 810 ver:
972 768 1097 830 quare
1093 747 1183 812 loco
1206 759 1403 860 temporum
1438 750 1486 817 ibi

351 853 431 904 sunt
452 851 575 916 status,
597 851 633 904 ut
652 861 753 924 supra
772 840 901 906 dietum
921 853 985 906 est.

415 952 513 1021 105
544 935 646 1020 Quod
671 936 729 1002 Sol
755 939 871 1001 mundi
895 939 1079 1022 spiritualis
1103 952 1268 1024 appareat
1298 943 1332 1007 in
1363 945 1485 1008 media

349 1034 545 1110 altitudine,
566 1045 645 1096 sunt
669 1034 833 1118 imprimis
853 1043 1035 1118 sequentes
1054 1056 1187 1101 causae.
1231 1037 1365 1117 Prima,
1386 1038 1484 1124 quod

348 1131 396 1194 sic
416 1130 510 1194 calor
533 1141 568 1193 et
593 1129 664 1206 lux,
685 1151 772 1213 quae
792 1132 983 1212 procedunt
1006 1132 1050 1195 ab
1072 1131 1132 1196 illo
1152 1132 1244 1212 Sole,
1262 1137 1331 1200 sint
1356 1137 1390 1198 in
1417 1156 1484 1200 suo

349 1227 464 1290 medio
480 1227 600 1308 gradu,
618 1236 654 1290 et
674 1227 753 1290 inde
774 1227 805 1289 in
823 1247 883 1290 sua
899 1227 1119 1311 aequalitate,
1138 1239 1173 1293 et
1192 1231 1238 1293 sic
1258 1231 1291 1293 in
1309 1253 1369 1294 sua
1384 1232 1484 1314 justa

349 1326 539 1408 temperie;
571 1344 649 1388 nam
673 1326 701 1388 si
724 1323 783 1388 Sol
807 1345 907 1408 supra
926 1324 1073 1388 mediam
1093 1327 1312 1391 altitudinem
1332 1349 1481 1411 appare·

349 1431 412 1496 ret,
438 1423 670 1504 perciperetur
694 1420 769 1503 plus
793 1421 916 1484 caloris
940 1440 1041 1503 quam
1066 1422 1152 1485 lucis
1166 1445 1174 1501 ;
1206 1425 1233 1485 si
1264 1423 1348 1486 inira
1367 1424 1479 1498 illam,

348 1519 582 1600 perciperetur
601 1517 676 1600 plus
696 1516 779 1580 lucis
798 1537 900 1600 quam
921 1516 1063 1580 caloris:
1096 1529 1133 1581 ut
1158 1518 1195 1582 fit
1216 1519 1251 1580 'in
1272 1521 1372 1581 terris
1393 1521 1479 1582 dum

347 1613 399 1676 sol
424 1625 478 1677 est
502 1634 604 1696 supra
627 1623 685 1677 aut
710 1613 794 1676 infra
813 1614 963 1676 medium
985 1613 1090 1692 caeli;
1116 1615 1328 1698 dum‘supra,
1349 1617 1478 1679 crescit

348 1710 441 1774 calor
458 1731 558 1792 supra
571 1710 693 1780 lucem,
712 1718 747 1771 et
765 1710 844 1771 dum
862 1709 956 1784 infra,
972 1711 1095 1772 crescit
1112 1708 1172 1772 lux
1189 1731 1291 1792 supra
1304 1711 1478 1788 calorem;

347 1806 407 1868 lux
428 1807 519 1869 enim
540 1815 656 1868 manet
676 1805 797 1867 eadem
823 1814 979 1886 tempore
1000 1807 1143 1868 aestatis
1167 1816 1203 1868 et
1227 1816 1383 1888 tempore
1403 1808 1480 1870 hie·

347 1903 421 1976 mis,
442 1901 503 1964 sed
521 1901 614 1964 calor
630 1901 818 1963 secundum
832 1899 959 1981 gradus
972 1900 1164 1964 altitudinis
1180 1900 1262 1963 solis
1278 1912 1423 1983 augetur
1441 1910 1478 1964 et

347 1998 554 2061 diminuitur.
598 1994 748 2059 Secunda
771 2015 885 2070 causa,
910 1995 1002 2078 quod
1022 1996 1074 2061 sol
1095 1998 1211 2060 mundi
1235 1998 1421 2078 spiritualis
1441 1999 1477 2061 in

347 2093 460 2159 media
470 2091 653 2156 altitudine
667 2111 768 2174 supra
781 2090 914 2154 caelum
924 2091 1117 2174 angelicum
1129 2102 1305 2174 appareat,
1316 2104 1381 2170 est,
1397 2095 1478 2178 quia

346 2191 393 2254 sic
406 2200 607 2274 perpetuum
620 2198 741 2252 verest
757 2189 790 2250 in
801 2187 959 2250 omnibus
972 2187 1076 2252 caelis
1086 2188 1263 2270 angelicis,
1273 2210 1317 2252 ex
1332 2209 1400 2272 quo
1412 2211 1476 2254 an·

346 2287 416 2370 geli
435 2297 515 2350 sunt
534 2287 566 2348 in
584 2295 679 2349 statu
697 2285 801 2367 pacis,
820 2303 898 2346 nam
918 2283 973 2347 hic
991 2294 1103 2348 status
1120 2284 1367 2367 correspondet
1385 2296 1476 2350 tem·

345 2384 418 2467 pori
435 2384 524 2446 veris
539 2383 572 2445 in
589 2381 697 2445 terris.
739 2377 851 2442 Tertia
866 2389 1047 2454 causaest,
1064 2379 1155 2462 quod
1173 2381 1221 2443 sic
1239 2379 1354 2462 angeli
1370 2381 1476 2445 iacies

346 2499 424 2542 suas
436 2479 479 2542 ad
494 2476 679 2541 Dominum
687 2475 817 2558 jugiter
826 2476 959 2559 possint
970 2484 1116 2551 vertere,
1128 2487 1163 2538 et
1178 2476 1293 2558 Ipsum
1305 2476 1414 2540 oculis
1423 2477 1475 2540 vi·

346 2575 426 2639 dere
441 2597 448 2654 ;
472 2573 605 2656 angelis
621 2574 712 2636 enim
729 2573 762 2636 in
777 2573 868 2636 omni
882 2573 1106 2636 conversione
1119 2575 1271 2654 corporis
1288 2594 1405 2637 eorum
1419 2582 1475 2638 est

346 2672 468 2747 oriens,
486 2673 535 2735 ita
552 2670 730 2744 Dominus,
749 2678 829 2732 ante
847 2668 972 2746 facies;
992 2669 1083 2750 quod
1102 2669 1272 2752 peculiare
1291 2680 1344 2733 est
1362 2671 1396 2734 in
1413 2670 1474 2735 illo

345 2767 495 2829 mundo:
516 2765 581 2828 hoc
600 2784 667 2826 non
681 2763 788 2838 fieret,
803 2763 830 2825 si
847 2761 907 2826 Sol
924 2764 1022 2826 istius
1039 2762 1156 2827 mundi
1172 2774 1354 2846 appareret
1371 2785 1474 2848 supra

344 2871 402 2926 aut
419 2861 505 2925 infra
521 2860 681 2935 medium,
700 2869 735 2923 et
753 2859 890 2922 minime
907 2861 934 2922 si
952 2878 1053 2941 supra
1071 2869 1174 2942 caput
1194 2861 1227 2923 in
1247 2859 1374 2924 zenith.

408 2958 510 3025 106.
541 2956 575 3021 Si
606 2955 665 3020 Sol
689 2957 807 3019 mundi
830 2954 1014 3037 spiritualis
1039 2975 1107 3018 non
1132 2965 1313 3038 appareret
1338 2956 1473 3020 distans

343 3054 387 3118 ab
414 3055 558 3137 angelis,
584 3054 671 3116 sicut
702 3053 753 3117 sol
778 3053 895 3116 mundi
919 3051 1084 3116 naturalis
1107 3051 1151 3114 ab
1173 3051 1379 3128 hominibus,
1401 3072 1471 3116 non

343 3152 430 3216 foret
454 3152 648 3215 universum
668 3148 802 3212 caelum
828 3148 1032 3230 angelicum,
1053 3167 1092 3210 ac
1123 3147 1186 3210 sub
1205 3147 1265 3211 illo
1289 3148 1469 3225 infernum,

343 3259 378 3312 et
398 3247 460 3312 sub
479 3247 546 3311 illis
565 3257 765 3328 terraqueus
782 3255 900 3308 noster
916 3245 1018 3318 orbis,
1037 3243 1099 3306 sub
1116 3241 1255 3307 Domini
1274 3245 1469 3320 intuitione,

342 3345 504 3426 auspicio,
536 3342 835 3425 omnipraesentia,
868 3340 1117 3414 omniscientis,
1150 3341 1402 3420 omnipotentia
1435 3347 1471 3402 et

342 3440 577 3520 providentia:
603 3437 839 3519 comparative
860 3437 948 3498 sicut
970 3433 1023 3498 sol
1048 3433 1165 3497 mundi
1186 3435 1306 3510 nostri,
1327 3434 1386 3498 ille
1407 3435 1470 3498 nisi

340 3534 429 3596 foret
446 3535 480 3596 in
498 3533 559 3596 tali
575 3533 744 3596 distantia
760 3553 780 3595 a
796 3531 930 3605 tellure,
949 3531 982 3592 in
999 3550 1065 3612 qua
1078 3539 1234 3613 apparet,
1249 3550 1318 3592 non
1335 3531 1469 3612 potuis-

341 3639 394 3691 set
412 3648 575 3710 praesens
596 3639 630 3690 et
650 3638 776 3710 potens
796 3647 872 3690 esse
891 3627 924 3688 in
944 3626 1102 3689 omnibus
1120 3625 1220 3688 terris
1240 3645 1302 3708 per
1318 3624 1469 3689 calorem

340 3735 377 3788 et
401 3723 523 3799 lucem,
548 3725 599 3787 ita
630 3744 698 3786 non
729 3723 900 3806 potuisset
924 3722 1240 3786 succcenturiatam
1268 3741 1371 3804 opem
1397 3720 1469 3787 Soli

341 3819 457 3883 mundi
477 3820 662 3902 spiritualis
681 3829 870 3900 praestare.

403 3927 499 3996 107.
530 3909 685 3978 Maxime
709 3914 940 3980 necessarium
964 3922 1030 3990 est,
1055 3920 1092 3976 ut
1119 3912 1259 3988 sciatur,
1284 3912 1377 3994 quod
1401 3911 1469 3976 duo

339 4011 431 4076 soles
451 4013 531 4088 sint,
550 4032 636 4074 unus
652 4011 837 4093 spiritualis
858 4020 893 4074 et
912 4009 1002 4073 alter
1017 4008 1204 4072 naturalis:
1230 4006 1290 4072 Sol
1308 4010 1468 4090 spiritua·

338 4107 380 4172 lis
404 4127 466 4190 pro
488 4107 556 4171 illis
579 4108 635 4190 qui
658 4107 692 4170 in
717 4108 845 4171 mundo
864 4104 1032 4190 spirituali
1053 4115 1144 4179 sunt,
1165 4113 1201 4167 et
1224 4103 1277 4167 sol
1301 4103 1468 4167 naturalis

338 4224 401 4286 pro
416 4203 483 4267 illis
500 4204 556 4287 qui
575 4203 608 4266 in
628 4203 757 4267 mundo
771 4202 917 4266 naturali
934 4211 1023 4263 sunt.
1069 4199 1142 4263 Nisi
1162 4199 1227 4262 hoc
1245 4201 1383 4273 sciatur,
1399 4218 1468 4262 non

338 4307 456 4381 potest
480 4299 606 4382 aliquid
627 4297 720 4379 juste
744 4298 890 4378 intelligi
915 4298 957 4360 de
981 4296 1159 4359 creatione
1183 4304 1218 4358 et
1246 4296 1289 4358 de
1313 4294 1464 4370 homine,

338 4395 382 4458 de
402 4396 522 4477 quibus
541 4396 714 4477 agendum
735 4405 798 4458 est.
844 4390 995 4457 Effedlus
1015 4393 1151 4474 quidem
1172 4400 1317 4473 possunt
1337 4391 1465 4469 videri;

339 4491 399 4554 sed
430 4491 494 4553 nisi
525 4491 625 4553 simul
656 4511 780 4553 causae
804 4486 983 4552 effeetuum
1007 4489 1178 4562 videntur,
1203 4508 1272 4550 non
1302 4505 1467 4568 apparere

339 4595 484 4671 possunt
503 4583 642 4650 effectus
661 4605 762 4669 quam
783 4586 872 4648 sicut
891 4586 924 4647 in
944 4581 1057 4648 nodie.
