3422 5380
321 662 385 744 246
678 679 880 732 sarmaria
904 682 1100 734 enormen

322 865 361 920 et
379 853 428 917 sic
447 853 482 917 in
500 851 740 918 ventriculum.
786 851 837 918 At
856 876 939 919 vero
962 876 1109 922 arcanae
1133 855 1355 938 operationes
1377 861 1454 925 ani·

325 971 412 1028 mae,
438 950 481 1014 de
508 949 629 1034 quibus
656 948 763 1013 homo
785 969 855 1014 non
882 951 1011 1034 aliquid
1035 951 1113 1026 scit,
1139 951 1220 1035 quia
1244 972 1314 1017 non
1332 957 1455 1034 sentit,

323 1057 405 1112 sunt
422 1047 510 1111 hae:
535 1046 627 1131 quod
645 1044 858 1110 ventriculus
877 1047 974 1110 cibos
992 1055 1154 1128 receptos
1176 1050 1374 1126 convolvat,
1392 1072 1456 1134 per

324 1154 502 1209 menstrua
525 1145 658 1228 aperiat
681 1155 718 1210 et
741 1152 890 1226 separet,
910 1142 976 1207 hoc
1000 1151 1067 1220 est,
1093 1143 1240 1227 digerat,
1265 1167 1305 1212 ac
1323 1169 1453 1212 conve·

324 1241 455 1306 nientia
482 1243 639 1324 porrigat
664 1239 792 1305 osculis
814 1240 860 1302 ibi
887 1237 1064 1304 hiantibus
1088 1261 1128 1305 ac
1154 1244 1250 1306 venis
1276 1263 1364 1327 quae
1392 1243 1456 1308 illa

322 1337 514 1417 imbibunt;
537 1348 574 1402 et
590 1338 682 1422 quod
698 1336 868 1421 quaedam
884 1338 1049 1401 amandet
1066 1339 1100 1400 in
1118 1341 1332 1422 sanguinem,
1347 1361 1450 1424 quae·

323 1434 403 1498 dam
422 1435 456 1498 in
475 1455 560 1498 vasa
582 1434 806 1516 lymphatica,
827 1435 998 1518 quaedam
1022 1436 1056 1499 in
1076 1456 1161 1499 vasa
1184 1433 1296 1500 lattea
1314 1456 1455 1501 mesen·

323 1530 411 1606 terii,
428 1539 464 1594 et
481 1530 652 1614 quaedam
671 1530 836 1595 demittat
852 1531 886 1594 in
905 1532 1096 1609 intestina3
1121 1532 1201 1595 dein
1220 1532 1311 1616 quod
1330 1531 1456 1614 chylus

322 1645 369 1687 ex
389 1625 537 1690 cisterna
553 1626 666 1689 suain
682 1627 892 1690 mesenterio
908 1647 968 1710 per
985 1623 1124 1690 dudtum
1142 1626 1355 1692 thoracicum
1371 1629 1455 1691 sub·

323 1717 445 1784 duetus
463 1721 628 1784 inseratur
643 1741 754 1786 venae
778 1741 895 1798 cavae,
912 1731 948 1786 et
972 1723 1021 1786 sic
1046 1723 1079 1784 in
1104 1742 1175 1798 cor,
1196 1733 1232 1786 et
1251 1743 1271 1786 a
1290 1723 1394 1786 corde
1417 1725 1455 1786 in

323 1816 535 1899 pulmonem,
553 1826 590 1880 et
606 1818 652 1882 ab
670 1817 736 1882 hoc
756 1837 818 1901 per
836 1819 1011 1883 sinistrum
1036 1819 1149 1882 cordis
1169 1818 1396 1883 ventriculum
1416 1821 1454 1882 in

323 1922 457 1975 aortam
477 1922 514 1977 et
533 1912 578 1975 ab
599 1911 665 1976 hac
686 1933 747 1995 per
764 1933 880 1977 ramos
898 1915 932 1977 in
948 1914 1083 1977 viscera
1103 1915 1211 1977 totius
1231 1915 1394 1996 corporis,
1414 1925 1451 1978 et

322 2026 457 2090 quoque
475 2009 510 2071 in
527 2028 650 2087 renes;
674 2009 708 2071 in
727 2029 871 2092 quorum
891 2010 1081 2092 unoquovis
1100 2007 1140 2071 fit
1159 2011 1334 2092 sanguinis
1350 2031 1450 2092 sepa-

321 2102 421 2177 rati0,
439 2100 644 2185 purificatio,
661 2124 701 2167 ac
717 2102 1031 2186 heterogeneorum
1050 2100 1231 2168 abdudtio:
1256 2115 1294 2169 ut
1313 2115 1454 2170 taceam

322 2198 497 2278 quomodo
527 2219 587 2263 cor
616 2217 714 2262 suum
744 2199 948 2280 sanguinem
975 2200 1010 2262 in
1041 2200 1205 2282 pulmone
1233 2200 1454 2264 defaecatum

321 2292 497 2357 submittit
519 2295 554 2358 in
578 2293 768 2370 cerebrum,
786 2293 878 2376 quod
901 2293 940 2358 fit
963 2315 1025 2378 per
1042 2296 1198 2370 arterias,
1215 2316 1302 2379 quae
1321 2315 1453 2359 vocan-

321 2396 377 2451 tur
400 2389 586 2465 carotides,
610 2397 646 2452 et
669 2389 845 2472 quomodo
867 2389 1046 2454 cerebrum
1069 2391 1219 2454 remittit
1244 2391 1453 2473 sanguinem·

321 2481 530 2548 vivificatum
549 2485 583 2548 in
603 2504 727 2548 venam
746 2504 869 2547 cavam
885 2503 970 2548 mox
989 2505 1092 2568 supra
1112 2485 1167 2549 ubi
1187 2483 1309 2549 duitus
1329 2486 1452 2549 thora·

321 2577 413 2642 cicus
444 2579 584 2661 chylum
616 2579 731 2654 infert,
762 2589 799 2643 et
827 2579 876 2643 sic
911 2601 1025 2644 rursus
1055 2582 1089 2645 in
1120 2601 1189 2644 cor.
1245 2591 1317 2656 [lt-1
1350 2581 1452 2647 Haec

319 2684 460 2755 praeter
481 2675 744 2739 innumerabilia
765 2675 833 2738 alia
856 2684 935 2738 sunt
957 2697 1105 2740 arcanae
1129 2675 1350 2758 operationes
1373 2680 1451 2742 ani·

321 2786 397 2830 mae
420 2769 453 2832 in
477 2790 631 2852 corpore.
687 2769 806 2833 Homo
827 2769 871 2834 de
898 2770 951 2834 his
978 2771 1062 2835 nihil
1088 2772 1208 2847 sentit,
1233 2780 1270 2834 et
1296 2775 1450 2855 quinon

319 2863 485 2928 scientiae
515 2865 735 2929 anatomicae
765 2866 896 2948 peritus
924 2876 991 2942 est,
1017 2865 1102 2930 nihil
1128 2867 1205 2931 scit.
1251 2865 1299 2932 Et
1328 2878 1450 2933 tamen

318 2957 443 3022 similia
472 2958 556 3023 liunt
586 2959 620 3022 in
650 2960 870 3024 interioribus
896 2962 1021 3025 mentis
1048 2961 1220 3040 hominis3
1253 2982 1333 3026 nam
1361 2965 1448 3030 nihil

318 3064 436 3139 potest
455 3054 525 3119 fieri
549 3055 583 3119 in
604 3077 758 3139 corpore,
779 3056 843 3120 nisi
866 3056 966 3135 inde;
990 3067 1045 3121 est
1069 3059 1159 3122 enim
1180 3077 1278 3122 mens
1297 3058 1450 3126 hominis

318 3151 389 3234 ejus
410 3151 561 3236 spiritus,
587 3171 627 3214 ac
646 3152 786 3234 spiritus
808 3149 879 3232 ejus
905 3173 1014 3236 aeque
1041 3163 1095 3217 est
1118 3153 1235 3228 homo,
1264 3174 1341 3218 cum
1369 3158 1449 3222 sola

317 3247 521 3325 differentia,
539 3247 632 3332 quod
648 3269 735 3330 quae
752 3245 837 3311 fiunt
853 3247 888 3311 in
904 3268 1059 3330 corpore,
1077 3247 1161 3313 fiant
1178 3250 1389 3329 naturaliter,
1406 3263 1448 3320 et·

317 3367 403 3431 quae
430 3343 516 3408 fiunt
546 3345 580 3407 in
611 3353 737 3418 mente,
766 3340 851 3406 fiant
882 3343 1126 3425 spiritualiter;
1159 3355 1212 3408 est
1244 3348 1445 3413 omnimoda

316 3439 513 3505 similitudo.
549 3439 606 3502 Ex
618 3438 671 3501 his
684 3447 792 3521 patet,
805 3438 897 3521 quod
911 3437 1035 3502 Divina
1048 3439 1268 3504 Providentia
1281 3454 1449 3525 operetur

315 3536 410 3601 mille
426 3535 549 3610 modis,
567 3534 671 3598 etiam
687 3533 927 3609 arcanissimis,
944 3535 1035 3617 apud
1052 3538 1312 3618 unumquemvis
1328 3537 1442 3604 homi·

315 3651 405 3708 nem,
430 3640 467 3694 et
490 3629 582 3713 quod
606 3630 652 3693 sit
675 3629 840 3693 continua
863 3628 897 3692 in
920 3627 986 3693 line
1010 3629 1211 3712 purificandi
1233 3630 1340 3710 illum,
1364 3637 1447 3718 quia

313 3729 347 3792 in
366 3727 434 3791 fine
453 3724 610 3789 salvandi
633 3734 705 3804 est;
738 3734 774 3789 et
793 3724 885 3808 quod
908 3745 979 3788 non
1002 3725 1079 3807 plus
1103 3727 1279 3792 incumbat
1297 3727 1444 3808 homini,

314 3841 417 3904 quam
435 3830 472 3884 ut
491 3831 669 3884 removeat
689 3820 781 3884 mala
802 3822 837 3884 in
852 3831 1001 3884 externo
1020 3821 1178 3902 homine;
1208 3823 1338 3908 reliqua
1361 3845 1443 3909 pro·

312 3916 411 3980 videt
427 3915 605 3992 Dominus,
623 3917 650 3980 si
670 3916 881 3999 imploratur.

376 4027 474 4096 297·
500 4009 575 4096 (iii.)
602 4011 701 4090 Quod
722 4013 808 4076 mali
832 4033 896 4077 nan
919 4013 1057 4095 possint
1081 4036 1104 4078 a
1127 4014 1269 4078 Domina
1292 4025 1440 4098 prorsus

314 4107 438 4175 abduci
449 4130 470 4172 a
488 4107 602 4184 malis,
619 4117 653 4171 et
669 4107 749 4172 duci
758 4109 794 4173 in
813 4109 916 4184 bonis,
936 4108 1097 4192 quamdiu
1110 4110 1249 4174 credunt
1261 4113 1447 4193 propriant

314 4201 574 4284 intelligentiam
591 4225 664 4267 esse
677 4225 780 4282 omne,
799 4215 831 4268 et
847 4204 1011 4269 Divinam
1025 4204 1282 4270 Providentiam
1297 4227 1360 4270 non
1375 4207 1438 4270 ali·

315 4297 609 4386 quid-Apparet
626 4301 715 4365 sicut
731 4301 837 4365 homo
854 4302 964 4383 possit
981 4311 1093 4364 semet
1109 4302 1280 4366 abducere
1296 4323 1316 4365 a
1335 4301 1444 4376 malo,

316 4395 421 4462 modo
440 4397 572 4476 cogitet
591 4397 685 4478 quod
704 4396 769 4460 hoc
790 4407 849 4461 aut
868 4397 952 4461 illud
971 4401 1016 4462 sit
1036 4408 1157 4462 contra
1177 4418 1360 4462 commune
1377 4397 1439 4461 bo·

317 4512 409 4568 num,
430 4500 551 4555 contra
569 4493 665 4569 utile,
686 4503 722 4558 et
742 4506 863 4558 contra
879 4492 933 4574 jus
953 4497 1068 4580 gentis
1088 4506 1123 4560 et
1148 4497 1315 4578 gentium.
1363 4492 1441 4558 Hoc

316 4599 436 4673 potest
455 4599 530 4653 tam
549 4590 670 4667 malus,
691 4614 793 4674 quam
812 4594 933 4668 bonus,
952 4593 1056 4658 modo
1075 4615 1095 4656 a
1115 4594 1300 4656 nativitate
1320 4601 1379 4656 aut
1398 4589 1448 4651 ab

315 4687 487 4750 exercitio
516 4685 597 4750 talis
627 4697 693 4765 est,
725 4699 761 4753 ut
795 4691 887 4752 intus
920 4690 954 4752 in
989 4711 1026 4752 se
1060 4687 1235 4768 analytice
1268 4697 1304 4750 et
1335 4686 1446 4750 ratio-
