3448 5374
588 688 640 740 nn
662 685 800 740 munta
822 685 1177 742 monuerim-u.
1199 689 1247 741 11.
1438 691 1462 764 9

401 878 471 929 ιθ.
499 858 562 946 (ν.)
589 859 687 940 Quod
699 860 817 926 bonum
835 861 963 927 amoris
981 883 1045 928 nan
1063 860 1111 927 sit
1128 861 1248 928 bonum
1258 860 1340 946 plus
1358 884 1460 947 quam

298 981 302 988 ·
335 967 498 1041 quantum
516 957 643 1021 unitum
654 966 792 1022 estvero
803 958 1001 1040 sapientiae,
1014 958 1147 1041 etquoa'
1156 979 1274 1022 verum
1289 957 1463 1041 sapientae

336 1072 399 1116 non
418 1052 466 1116 sit
482 1071 598 1115 nerum
611 1051 693 1134 plus
712 1062 985 1135 quamquantum
1003 1062 1054 1117 est
1071 1052 1200 1116 unitum
1215 1052 1295 1116 bano
1307 1053 1434 1118 amoris
1445 1075 1461 1117 .·

336 1146 402 1211 hoc
419 1145 526 1210 trahit
543 1147 670 1210 bonum
693 1158 729 1210 et
748 1165 865 1210 verum
884 1167 930 1210 ex
950 1147 1080 1230 origine
1099 1169 1170 1224 sua,
1190 1147 1318 1212 bonum
1337 1147 1372 1213 in
1391 1147 1460 1212 ori·

336 1242 416 1326 gine
439 1261 500 1304 sua
523 1251 577 1305 est
601 1241 635 1304 in
660 1231 821 1316 D'omino,
846 1241 1005 1307 similiter
1026 1263 1155 1319 verum,
1180 1244 1259 1328 quia
1287 1242 1457 1308 Dominus

336 1349 390 1402 est
414 1337 524 1419 ipsum
548 1335 681 1400 Bonum
706 1345 742 1401 et
765 1337 875 1419 ipsum
895 1335 1037 1414 Verum,
1058 1346 1094 1402 et
1124 1339 1209 1402 haec
1233 1339 1301 1401 duo
1324 1339 1359 1403 in
1381 1340 1458 1422 ipso

335 1450 439 1496 unum
459 1441 549 1495 sunt.
595 1431 680 1494 Inde
700 1441 753 1495 est
769 1432 861 1514 quod
885 1432 1013 1496 bonum
1032 1434 1123 1514 apud
1146 1433 1291 1515 angelos
1310 1432 1396 1499 caeli
1420 1445 1457 1500 et

334 1528 425 1611 apud
449 1527 608 1591 homines
625 1526 757 1591 telluris
776 1547 846 1591 non
865 1528 910 1591 sit
933 1528 1061 1592 bonum
1080 1529 1114 1592 in
1133 1549 1181 1604 se,
1202 1529 1267 1593 nisi
1289 1539 1456 1612 quantum

334 1625 467 1687 unitum
487 1633 541 1687 est
560 1643 653 1700 vero,
674 1633 710 1687 et
730 1623 821 1706 quod
839 1643 959 1687 verum
979 1643 1049 1687 non
1068 1624 1113 1688 sit
1132 1643 1251 1688 verum
1269 1624 1305 1687 in
1324 1645 1371 1701 se,
1392 1625 1467 1708 nisi

333 1723 501 1802 quantum
515 1719 647 1782 unitum
660 1729 713 1783 est
725 1719 827 1782 bono.
860 1717 963 1800 Quod
980 1739 1082 1784 omne
1094 1719 1222 1783 bonum
1234 1730 1270 1784 et
1283 1740 1386 1785 omne
1397 1743 1455 1786 ve-

333 1816 465 1880 sumsit
479 1836 498 1878 a
512 1813 672 1892 Domino,
688 1824 808 1879 notum
827 1826 881 1880 est
894 1837 901 1894 ;
921 1816 1001 1880 inde
1018 1817 1096 1900 quia
1111 1815 1238 1880 bonum
1251 1815 1332 1880 iacit
1350 1836 1454 1881 unum

334 1932 413 1978 cum
432 1934 525 1989 vero,
545 1934 585 1977 ac
605 1930 723 1976 verum
743 1931 820 1975 cum
839 1913 944 1988 bono,
965 1915 1128 1997 sequitur,
1148 1915 1241 1998 quod
1265 1923 1302 1978 ut
1325 1915 1454 1979 bonum

334 2009 379 2072 sit
401 2007 529 2071 bonurn
552 2009 586 2073 in
606 2029 654 2084 se,
674 2019 710 2073 et
730 2028 847 2073 verum
872 2009 918 2074 sit
936 2028 1052 2074 verum
1077 2010 1111 2073 in
1134 2029 1182 2086 se,
1199 2010 1326 2074 facient
1349 2028 1454 2075 unum

333 2103 368 2168 in
385 2106 585 2188 recipiente,
604 2105 661 2188 qui
681 2114 735 2170 est
751 2104 896 2189 angelus
916 2105 1002 2171 caeli
1017 2111 1053 2171 et
1072 2106 1178 2171 homo
1195 2105 1337 2171 telluris.

394 2217 457 2268 11.
490 2199 622 2265 Notum
646 2201 784 2283 quidem
815 2211 882 2276 est,
902 2201 994 2284 quod
1022 2203 1137 2265 omnia
1166 2201 1201 2264 in
1231 2201 1393 2266 universo
1420 2222 1459 2268 se

328 2298 478 2363 referant
498 2296 541 2359 ad
562 2296 691 2359 bonum
710 2303 746 2359 et
763 2314 903 2374 verum;
928 2296 1007 2378 quia
1026 2317 1085 2379 per
1104 2297 1232 2361 bonum
1251 2296 1459 2379 intelligitur

328 2394 363 2456 id
382 2393 473 2476 quod
491 2390 730 2456 universaliter
746 2387 990 2473 compleiiitur
1009 2400 1046 2455 et
1064 2391 1210 2456 involvit
1229 2393 1345 2456 omnia
1359 2412 1457 2456 amo-

327 2491 384 2564 ris,
396 2500 432 2552 et
449 2508 510 2570 per
525 2506 642 2550 verum
656 2485 861 2569 intelligitur
876 2487 911 2550 id
927 2487 1019 2570 quod
1031 2486 1270 2551 universaliter
1282 2487 1458 2570 complec-

328 2585 413 2649 titur
432 2594 468 2648 et
487 2582 633 2647 involvit
651 2584 769 2646 omnia
787 2583 990 2666 sapientiae.
1034 2580 1103 2646 Sed
1123 2603 1193 2646 non
1209 2581 1320 2646 adhuc
1338 2593 1457 2648 notum

327 2689 391 2756 est,
412 2679 504 2763 quod
535 2677 664 2741 bonum
688 2697 758 2742 non
788 2679 833 2741 sit
861 2677 989 2761 aliquid
1021 2678 1085 2741 nisi
1114 2679 1248 2742 unitum
1276 2700 1371 2756 vero,
1391 2699 1456 2745 nec

326 2777 419 2859 quod
442 2794 560 2840 verum
585 2774 629 2837 sit
651 2773 778 2857 aliquid
802 2773 867 2837 nisi
891 2775 1026 2838 unitum
1049 2773 1152 2838 bono.
1197 2773 1357 2859 Apparet
1381 2776 1456 2859 qui·

326 2870 405 2934 dem
427 2869 515 2933 sicut
535 2868 663 2932 bonum
686 2868 730 2931 sit
749 2867 877 2951 aliquid
895 2867 1026 2953 absque
1048 2888 1142 2943 vero,
1162 2876 1199 2932 et
1222 2870 1313 2951 quod
1337 2889 1455 2936 verum

326 2967 372 3030 sit
391 2965 517 3049 aliquid
537 2965 665 3047 absque
684 2964 789 3039 bono,
807 2965 867 3027 sed
892 2985 998 3048 usque
1017 2983 1087 3027 non
1105 2973 1206 3029 sunt:
1237 2984 1334 3030 amor
1353 2968 1453 3044 enim,

327 3059 437 3144 (cujus
457 3062 573 3125 omnia
588 3071 760 3125 vocantur
780 3059 902 3144 bona,)
922 3072 977 3125 est
1001 3059 1090 3125 Esse
1112 3063 1181 3139 rei;
1212 3070 1248 3126 et
1272 3063 1454 3145 sapientia,

327 3155 438 3241 (cujus
455 3157 571 3220 omnia
586 3165 753 3230 vocantur
768 3154 879 3239 vera)
897 3166 951 3221 est
965 3156 1134 3221 Existere
1149 3157 1198 3221 rei
1214 3177 1259 3219 ex
1277 3156 1338 3221 illo
1354 3157 1453 3234 Esse,

325 3262 364 3317 ut
393 3254 428 3316 in
459 3249 693 3316 transabiione
712 3250 764 3314 De
781 3250 907 3314 Divina
925 3251 1055 3315 Amore
1074 3260 1107 3315 et
1127 3250 1257 3315 Divina
1275 3251 1455 3334 Sapientia

326 3345 375 3431 (n.
403 3345 520 3430 14-16)
545 3357 725 3411 ostensum
748 3357 822 3426 est;
852 3368 958 3431 quare
980 3348 1068 3412 sicut
1090 3345 1179 3411 Esse
1196 3345 1325 3429 absque
1349 3347 1454 3414 Exis-

325 3454 400 3508 tere
416 3462 486 3507 non
506 3451 561 3507 est
578 3441 718 3526 aliquid,
736 3462 800 3507 nec
818 3441 985 3507 Existere
1000 3441 1129 3526 absque
1147 3442 1246 3519 Esse,
1259 3443 1309 3507 ita
1324 3443 1453 3509 bonum

322 3540 455 3622 absque
468 3558 561 3614 vero,
574 3557 614 3602 ac
632 3558 749 3603 verum
762 3539 892 3622 absque
905 3539 999 3603 bono
1015 3558 1085 3602 non
1100 3546 1154 3602 est
1168 3538 1306 3621 aliquid.
1351 3537 1453 3605 Simi-

325 3633 415 3710 liter,
436 3635 517 3717 quid
537 3645 592 3698 est
610 3634 740 3698 bonum
759 3636 888 3718 absque
908 3633 1078 3698 relatione
1097 3635 1141 3699 ad
1165 3633 1316 3718 aliquid?
1361 3633 1453 3700 Num

323 3731 390 3794 dici
410 3737 529 3812 potest
548 3729 701 3793 bonum?
727 3738 782 3793 est
802 3732 893 3794 enim
914 3730 1038 3794 nullius
1057 3728 1247 3796 afleitionis
1272 3739 1309 3794 et
1328 3731 1453 3795 nullius

323 3825 579 3908 perceptionis:
614 3837 671 3900 [2]
699 3826 733 3889 id
758 3846 824 3889 una
843 3845 921 3890 cum
940 3828 1034 3891 bono
1053 3827 1146 3910 quod
1166 3825 1284 3902 afficit,
1304 3835 1341 3891 et
1359 3828 1451 3910 quod

322 3922 385 3985 dat
403 3942 441 3985 se
460 3921 590 4004 percipi
609 3930 644 3985 et
662 3921 794 3997 sentiri,
814 3942 851 3984 se
871 3921 977 4000 refert
996 3923 1040 3985 ad
1060 3942 1190 3998 verum,
1207 3923 1286 4005 quia
1304 3923 1347 3985 ad
1367 3921 1451 3986 illud

323 4019 415 4100 quod
429 4024 484 4081 est
499 4015 534 4080 in
552 4013 742 4081 intellectu.
780 4015 844 4081 Dic
862 4015 962 4081 alicui
982 4018 1072 4080 nude
1087 4018 1229 4092 bonum,
1247 4026 1282 4080 et
1299 4036 1369 4080 non
1384 4016 1452 4082 hoc

322 4122 383 4177 aut
402 4109 488 4176 illud
508 4120 562 4176 est
579 4113 720 4187 bonum,
738 4131 819 4176 num
837 4112 966 4175 bonum
985 4121 1040 4177 est
1060 4112 1213 4196 aliquid?
1247 4110 1300 4175 At
1319 4132 1365 4176 ex
1384 4111 1451 4177 hoc

321 4217 382 4272 aut
406 4207 478 4283 illo,
499 4208 592 4291 quod
616 4215 654 4271 ut
678 4225 782 4272 unum
801 4208 989 4291 percipitur
1012 4227 1089 4272 cum
1113 4209 1217 4283 bono,
1238 4217 1292 4272 est
1312 4207 1452 4290 aliquid.

321 4301 402 4369 Hoc
432 4324 501 4368 non
529 4302 611 4368 alibi
634 4303 749 4367 unitur
770 4301 864 4368 bono
887 4322 989 4387 quam
1011 4304 1046 4367 in
1070 4299 1262 4378 intelleetu,
1286 4311 1323 4366 et
1346 4320 1452 4369 omne

319 4397 523 4466 intelleitus
555 4420 592 4464 se
622 4398 726 4462 refert
759 4399 804 4462 ad
833 4417 963 4463 verum.
1009 4396 1128 4463 Simile
1151 4408 1207 4464 est
1238 4417 1315 4462 curn
1338 4397 1452 4466 velle:

321 4495 413 4561 velle
432 4497 564 4578 absque
583 4495 681 4570 scire,
702 4494 878 4577 percipere
900 4502 936 4558 et
960 4495 1113 4577 cogitare
1133 4495 1214 4580 quid
1237 4493 1343 4560 homo
1365 4493 1450 4571 vult,

320 4602 466 4657 nonest
490 4590 629 4674 aliquid,
649 4599 687 4655 at
710 4609 777 4654 una
799 4607 877 4654 cusu
899 4589 954 4655 his
976 4589 1015 4656 fit
1039 4589 1178 4676 aliquid.
1223 4587 1337 4656 Omne
1358 4588 1450 4656 velle

319 4696 376 4751 est
395 4687 533 4760 amoris,
554 4696 590 4750 et
612 4705 650 4750 se
668 4685 772 4750 refert
795 4684 839 4749 ad
863 4684 992 4750 bonurn
1004 4707 1013 4767 ;
1040 4695 1077 4751 et
1096 4705 1200 4752 omne
1219 4686 1318 4765 scire,
1338 4685 1451 4769 perci·
