3424 5368
484 675 536 729 nn
558 677 696 728 1³1va
719 677 1075 729 rnovmsnrrn-m
1099 681 1171 747 249.
1341 667 1403 744 189

273 867 356 913 num
383 866 493 926 suum,
517 849 676 915 videatur
698 850 733 915 in
761 848 928 914 Doctrina
950 848 1068 914 Novae
1088 847 1339 930 Hierosolymae
1358 847 1399 912 de

274 942 416 1009 Domino
447 941 495 1028 (n.
522 942 661 1028 12-14);
693 955 731 1012 et
761 946 796 1011 in
818 943 982 1010 Dollrina
1005 943 1123 1009 Novae
1146 942 1400 1027 Hierosolvma

275 1039 316 1104 de
331 1039 415 1106 Fide
435 1039 483 1124 (¹¹-
504 1057 555 1122 34,
576 1039 642 1124 35)-

339 1134 438 1220 248.
468 1133 647 1201 Hactenus
665 1136 844 1222 explicata
862 1144 943 1201 sunt
962 1135 1023 1200 illa
1041 1155 1128 1220 quae
1144 1155 1256 1219 supra,
1274 1156 1305 1199 n.
1325 1133 1398 1216 236,

276 1231 448 1295 recensita
466 1240 558 1306 sunt,
576 1252 663 1316 quae
683 1241 762 1296 sunt
781 1231 896 1314 aliqua
914 1253 960 1296 ex
977 1230 1096 1296 Verbo
1112 1251 1172 1314 per
1189 1251 1278 1316 quae
1293 1229 1401 1294 homo

277 1326 443 1390 naturalis
472 1329 697 1392 ratiocinator
726 1338 851 1392 contra
878 1326 1040 1391 Divinam
1076 1327 1331 1391 Providentiam
1362 1347 1399 1390 se

278 1421 479 1487 confirmare
503 1433 641 1504 potest:
674 1443 764 1498 nam,
789 1433 826 1486 ut
857 1423 949 1505 prius
972 1419 1112 1497 didium,
1137 1422 1297 1505 quicquid
1321 1422 1400 1485 talis

276 1513 382 1580 homo
400 1517 507 1592 videt,
524 1517 621 1582 audit
644 1530 681 1583 et
705 1519 802 1602 legit,
824 1528 941 1600 potest
961 1539 1022 1602 pro
1042 1527 1248 1599 argumento
1267 1537 1401 1580 sumere

277 1623 400 1678 contra
418 1613 523 1677 illam.
569 1613 621 1679 At
645 1615 743 1698 pauci
763 1626 888 1679 contra
907 1613 1067 1677 Divinam
1088 1612 1344 1676 Providentiam
1364 1632 1401 1674 se

277 1707 481 1774 confirmant
500 1731 548 1774 ex
564 1709 692 1774 talibus
707 1729 794 1794 quae
813 1709 847 1774 in
864 1708 984 1774 Verbo
999 1719 1097 1772 sunt:
1122 1709 1236 1792 plures
1255 1729 1336 1771 vero
1356 1728 1401 1772 ex

277 1803 344 1868 iliis
374 1826 461 1889 quae
491 1824 607 1870 coram
631 1806 740 1871 oculis
762 1814 919 1880 exstant,
943 1825 1031 1887 quae
1060 1815 1140 1868 sunt
1167 1825 1252 1889 quae
1285 1824 1316 1866 n.
1341 1818 1403 1883 237

278 1904 510 1976 continentur,
531 1921 619 1984 quae
635 1919 724 1964 nunc
744 1901 902 1965 similiter
921 1900 1131 1982 explicanda
1150 1911 1238 1964 sunt.

342 2009 441 2078 249.
466 1995 516 2077 (i.)
545 1995 643 2074 Quod
655 1997 761 2062 omnis
776 1996 882 2060 cultor
898 1995 956 2060 sui
969 2005 1003 2059 et
1018 1995 1125 2058 cultor
1136 2005 1279 2060 naturae
1289 2005 1405 2058 contra

280 2090 441 2155 Divinam
456 2090 711 2155 Providentiam
727 2114 763 2156 se
777 2093 957 2175 confirmet,
971 2111 1044 2155 cum
1062 2091 1096 2154 in
1113 2092 1233 2154 mundo
1248 2091 1339 2154 videt
1357 2100 1405 2153 tot

281 2186 410 2268 impios,
427 2197 459 2249 et
477 2197 525 2249 tot
540 2185 674 2249 illorum
690 2188 888 2267 impietates,
905 2196 937 2249 ct
955 2187 1061 2250 simul
1075 2187 1282 2269 quorundam
1293 2185 1402 2266 glori·

280 2281 406 2346 ationes
429 2282 464 2344 in
486 2281 567 2358 illis,
587 2292 620 2345 et
641 2303 743 2364 usque
760 2303 823 2346 non
842 2283 992 2366 aliquam
1009 2283 1145 2346 illorum
1159 2283 1364 2363 punitionem
1383 2303 1405 2344 a

280 2375 534 2442 Dea-Omnes
545 2379 752 2461 impietates,
768 2389 804 2443 et
821 2400 956 2464 quoque
970 2378 1196 2461 gloriationes
1209 2398 1310 2462 super
1325 2377 1402 2451 illis,

281 2483 361 2538 sunt
380 2474 633 2556 permissiones,
651 2495 793 2559 quarum
810 2496 935 2540 causae
951 2483 1030 2538 sunt
1051 2473 1146 2557 leges
1164 2473 1308 2537 Divinae
1322 2473 1404 2535 Pro·

281 2571 467 2632 videntiae.
513 2567 667 2652 Quisque
690 2569 797 2635 homo
819 2571 937 2645 libere,
962 2571 1068 2634 immo
1090 2569 1262 2634 liberrime
1285 2579 1405 2652 potest

281 2666 436 2748 cogitare
455 2664 649 2748 quodvult,
670 2675 742 2730 tam
763 2678 885 2732 contra
903 2666 1027 2740 Deum,
1048 2685 1149 2748 quam
1170 2686 1231 2748 pro
1248 2662 1345 2743 Deo;
1369 2675 1405 2730 et

281 2762 337 2845 qui
356 2770 476 2825 contra
495 2759 607 2824 Deum
626 2762 770 2844 cogitat,
790 2784 867 2826 raro
886 2763 1024 2846 punitur
1046 2763 1080 2824 in
1099 2763 1227 2825 mundo
1246 2761 1405 2838 naturali,

281 2857 360 2940 quia
377 2855 423 2920 ibi
442 2875 578 2937 semper
595 2857 629 2920 in
649 2866 743 2920 statu
759 2857 1011 2922 reformationis
1030 2866 1107 2936 est;
1131 2858 1191 2919 sed
1211 2857 1349 2939 punitur
1371 2855 1406 2919 in

282 2953 411 3017 mundo
434 2951 613 3034 spirituali,
638 2953 729 3036 quod
749 2951 798 3017 'fit
829 2963 909 3037 post
933 2962 1091 3029 mortem,
1115 2961 1195 3016 tunc
1220 2954 1311 3016 enim
1336 2970 1405 3014 non

282 3049 428 3131 amplius
451 3047 625 3111 reformari
649 3059 777 3131 potest.
823 3063 881 3128 [2.]
913 3047 1015 3132 Quod
1037 3045 1190 3112 ¹¹¹causae
1210 3049 1406 3131 permissio·

283 3163 362 3208 num
380 3145 450 3207 sint
466 3143 562 3225 leges
579 3143 724 3208 Divinae
741 3143 993 3218 Providentiae,
1007 3153 1105 3226 patet
1122 3165 1167 3208 ex
1184 3143 1319 3225 legibus
1335 3142 1407 3224 ejus

283 3261 384 3323 supra
402 3238 528 3313 allatis,
549 3239 577 3302 si
597 3250 803 3304 revocantur
822 3251 858 3305 et
879 3239 1078 3314 lustrantur,
1099 3258 1187 3323 quae
1207 3248 1307 3303 sunt:
1353 3237 1405 3304 Ut

281 3337 387 3400 homo
407 3356 452 3399 ex
471 3335 580 3399 libero
596 3337 785 3401 secundum
800 3337 971 3400 rationem
990 3345 1086 3418 agat,
1104 3335 1147 3399 de
1166 3356 1233 3418 qua
1251 3335 1330 3417 lege
1349 3355 1406 3398 su·

282 3453 342 3515 pra
363 3430 411 3513 (n.
428 3429 569 3514 71-97):
601 3430 653 3497 Ut
671 3431 776 3496 homo
794 3452 863 3496 non
882 3450 943 3514 per
961 3431 1075 3494 media
1091 3442 1241 3496 externa
1259 3441 1407 3514 cogatur

282 3528 326 3590 ad
349 3527 574 3608 cogitandum
592 3536 628 3592 et
646 3527 845 3604 volendum,
864 3527 915 3591 ita
937 3525 980 3590 ad
1000 3528 1209 3591 credendum
1229 3537 1265 3591 et
1285 3546 1404 3591 aman·

283 3623 363 3687 dum
386 3622 446 3686 illa
469 3644 555 3706 quae
574 3623 748 3706 religionis
768 3633 867 3703 sunt;
898 3623 960 3687 sed
984 3631 1021 3685 ut
1049 3644 1087 3687 se
1109 3625 1219 3708 ipsum
1243 3622 1403 3692 adducat,

283 3729 319 3783 et
346 3719 553 3802 quandoque
573 3729 678 3800 cogat
704 3719 763 3802 (de
790 3741 857 3803 qua
883 3714 1057 3803 lege,1²¹n.
1087 3717 1266 3801 12q153):
1302 3717 1404 3801 Quod

233 3839 235 3844 ·
283 3817 418 3901 propria
442 3815 623 3897 prudentia
646 3815 740 3878 nulla
762 3817 818 3892 sit,
842 3825 879 3880 et
903 3816 1013 3882 solum
1033 3826 1199 3901 appareat
1223 3815 1313 3898 quod
1338 3815 1403 3892 sit;

282 3921 318 3975 et
349 3931 483 3993 quoque
513 3930 679 3991 apparere
707 3910 834 3975 debeat
864 3911 951 3975 sicut
982 3914 1046 3990 sit;
1079 3911 1140 3974 sed
1163 3910 1253 3994 quod
1279 3909 1405 3972 Divina

283 4005 503 4071 Providentia
518 4026 564 4068 ex
579 4004 859 4087 singularissimis
875 4007 1075 4071 uniuersalis
1091 4008 1137 4072 sit
1155 4005 1202 4089 (n.
1221 4003 1378 4087 191-213)
1394 4026 1402 4070 τ

261 4115 264 4120 '
284 4099 386 4184 Quod
417 4099 542 4164 Divina
569 4098 790 4166 Providentia
814 4099 948 4184 speltet
972 4115 1125 4180 aeterna,
1150 4113 1185 4167 et
1210 4121 1279 4165 non
1303 4101 1405 4165 aliter

282 4197 498 4281 temporaria,
516 4217 619 4280 quam
638 4207 803 4280 quantum
820 4219 923 4263 unum
941 4200 1071 4264 iaciunt
1091 4220 1168 4266 cum
1184 4199 1334 4263 aeternis
1354 4197 1402 4278 (n.

283 4293 468 4377 214-220):
505 4291 607 4376 Quod
633 4293 739 4357 homo
766 4313 834 4357 non
862 4295 1003 4358 interius
1030 4297 1238 4360 immittatur
1264 4295 1297 4358 in
1322 4317 1405 4360 vera

282 4391 360 4455 fidei
383 4401 419 4456 et
448 4389 482 4452 in
505 4389 598 4453 bona
621 4387 812 4465 charitatis,
833 4391 896 4454 nisi
919 4401 1087 4474 quantum
1120 4392 1154 4454 in
1188 4390 1255 4454 illis
1284 4400 1403 4475 potest

283 4485 393 4552 teneri
416 4505 522 4569 usque
554 4484 598 4548 ad
632 4482 734 4547 finem
757 4486 849 4549 vitae
882 4485 939 4568 (de
968 4508 1035 4570 qua
1059 4487 1148 4568 lege,
1173 4506 1204 4548 n.
1229 4485 1403 4568 221-233).

283 4587 340 4648 [3.]
376 4578 478 4663 Quod
497 4599 621 4644 causae
640 4579 900 4663 permissionum
920 4582 989 4645 sint
1008 4581 1104 4662 leges
1124 4580 1267 4643 Divinae
1288 4580 1403 4644 Provi-

282 4675 434 4752 dentiae,
454 4676 559 4740 etiam
583 4694 604 4739 a
623 4675 847 4759 sequentibus
866 4676 1017 4758 patebit3
1050 4686 1086 4762 ut
1107 4697 1153 4738 ex
1172 4675 1258 4738 hoc:
1302 4673 1405 4758 Quod
