3410 5382
519 705 571 758 uu
595 705 733 758 urvrun
757 703 1113 756 uxovruunrun—N.
1136 691 1183 772 56.
1372 709 1413 776 35

284 878 355 944 illis
373 875 436 943 sed
454 898 476 942 a
495 876 656 943 Domino.
702 875 791 939 Nam
812 884 933 940 notum
956 883 1021 950 est,
1041 873 1134 958 quod
1157 893 1259 939 omne
1283 875 1413 943 bonum

286 987 323 1042 et
354 993 458 1039 omne
486 993 605 1038 verum
635 973 727 1058 quod
758 971 860 1035 alicui
890 979 955 1045 est,
979 989 1048 1034 non
1079 971 1124 1035 sit
1153 971 1198 1034 ab
1225 969 1286 1035 illo
1308 973 1370 1037 sed
1392 997 1415 1039 a

285 1073 459 1151 Domino;
483 1073 590 1136 immo
609 1069 700 1154 quod
725 1090 767 1132 ne
791 1068 929 1152 quidem
953 1065 1076 1150 aliquis
1100 1067 1277 1130 nominare
1301 1072 1413 1154 possit

287 1168 487 1246 Dominum,
506 1179 566 1232 aut
587 1167 727 1230 nomina
751 1166 863 1248 Ipsius
884 1164 1000 1247 Jesum
1020 1174 1056 1227 et
1076 1159 1263 1240 Christum,
1284 1167 1349 1230 nisi
1366 1188 1413 1231 ex

287 1264 378 1347 Ipso.
424 1276 482 1341 [8.]
514 1263 599 1329 Inde
619 1283 708 1326 nunc
732 1263 896 1345 sequitur,
916 1264 1007 1346 quod
1028 1261 1206 1325 Infinitum
1225 1283 1264 1326 ac
1284 1261 1413 1328 Aeter-

286 1381 379 1438 num,
396 1361 489 1445 quod
505 1360 597 1424 idern
614 1369 668 1424 est
688 1377 765 1422 curn
785 1357 923 1435 Divino,
941 1357 1076 1442 spediet
1096 1360 1212 1423 omnia
1230 1358 1362 1424 infinite
1378 1361 1412 1422 In

285 1454 401 1534 finitis,
418 1466 454 1521 et
471 1456 563 1539 quod
584 1475 621 1520 se
638 1455 825 1538 conjungat
838 1453 907 1519 iliis
922 1455 1111 1520 secundum
1128 1457 1275 1538 gradum
1293 1475 1413 1538 recep·

286 1553 391 1616 tionis
414 1554 607 1635 sapientiae
631 1562 667 1615 et
690 1553 817 1615 amoris
840 1552 932 1634 apud
954 1551 1043 1617 illos.
1089 1551 1219 1626 Verbo,
1244 1551 1417 1615 Dominus

286 1668 355 1712 non
375 1657 494 1731 potest
513 1649 728 1711 mansionem
748 1647 876 1711 habere
895 1656 931 1710 et
953 1648 1109 1711 habitare
1128 1649 1220 1729 apud
1238 1647 1415 1711 hominem

283 1754 322 1808 et
345 1745 509 1827 angelum
528 1764 630 1827 quam
649 1745 683 1807 in
703 1742 793 1822 Suo;
823 1751 860 1807 et
879 1764 948 1807 non
968 1746 1002 1807 in
1021 1745 1161 1826 proprio
1179 1744 1326 1818 illorum,
1346 1742 1416 1807 hoc

285 1842 377 1904 enim
401 1850 455 1906 est
479 1839 631 1920 malum;
663 1849 700 1905 et
723 1840 752 1902 si
774 1839 864 1904 foret
887 1839 1027 1914 bonum,
1053 1861 1159 1923 usque
1187 1848 1242 1903 est
1266 1839 1412 1915 finitum,

285 1936 378 2019 quod
396 1937 431 1999 in
450 1957 486 1999 se
504 1946 539 1998 et
559 1956 659 2000 exse
678 1956 748 1999 non
765 1945 820 1998 est
836 1954 950 2016 capax
970 1934 1108 1999 Infiniti.
1154 1933 1210 1998 Ex
1231 1935 1284 1998 his
1303 1945 1414 2018 patet,

285 2033 376 2117 quod
396 2050 564 2114 nusquam
588 2032 662 2095 dari
681 2033 803 2114 possit,
824 2032 917 2114 quod
936 2029 1050 2095 finitus
1066 2030 1200 2114 spediet
1225 2031 1414 2106 Infinitum,

284 2131 346 2192 sed
370 2129 462 2211 quod
486 2128 588 2191 detur
611 2128 704 2211 quod
729 2124 886 2190 Infinitus
914 2126 1049 2208 spedtet
1073 2126 1250 2191 Infinitum
1274 2147 1294 2190 a
1317 2149 1354 2190 se
1378 2129 1413 2190 in

284 2221 402 2287 finitIs.

348 2332 420 2400 54.
443 2316 603 2400 Apparet
620 2320 708 2382 sicut
725 2317 901 2382 Infinitum
915 2339 985 2382 non
1002 2320 1113 2400 possit
1125 2317 1287 2398 conjungi
1304 2317 1413 2396 finito,

284 2415 451 2498 quianon
472 2415 574 2478 datur
597 2415 687 2477 ratio
710 2413 831 2478 infiniti
855 2426 891 2478 et
915 2413 1013 2488 finiti,
1031 2422 1066 2477 et
1088 2415 1167 2496 quia
1190 2411 1324 2476 finitum
1345 2435 1414 2479 non

284 2518 340 2574 est
363 2530 474 2592 capax
499 2508 645 2588 infiniti;
670 2509 732 2572 sed
756 2531 864 2593 usque
888 2506 1084 2592 conjundtio
1107 2509 1218 2584 datur,
1239 2518 1311 2572 tam
1336 2513 1416 2593 quia

283 2605 444 2670 Infinitus
461 2626 506 2670 ex
524 2605 568 2669 Se
588 2606 669 2688 Ipso
686 2607 814 2669 creavit
832 2607 959 2680 omnia,
981 2603 1185 2687 (secundum
1201 2605 1262 2669 illa
1277 2626 1365 2688 quae
1381 2609 1415 2671 in

173 2775 176 2782 p
284 2699 521 2766 transadtione
551 2701 604 2765 De
634 2701 762 2764 Divino
793 2700 923 2765 Amore
949 2710 983 2764 et
1009 2700 1138 2765 Divina
1165 2701 1353 2782 Sapientia,
1382 2725 1414 2766 n.

284 2799 442 2876 282-284,
464 2797 707 2860 demonstrata
727 2796 835 2879 sunt,)
856 2816 959 2879 quam
978 2797 1057 2879 quia
1076 2796 1235 2860 Infinitus
1254 2799 1288 2861 in
1309 2797 1416 2862 finitis

285 2913 355 2956 non
379 2892 471 2956 aliud
495 2902 614 2976 potest
636 2890 795 2977 spedtare
819 2912 921 2975 quam
944 2892 1114 2956 infinitum
1137 2914 1157 2956 a
1184 2915 1232 2968 se,
1258 2897 1415 2977 et'quod

283 2985 351 3051 hoc
376 2987 489 3070 possit
513 3008 678 3070 apparere
701 2987 792 3071 apud
816 2985 931 3051 finitos
955 2987 1042 3050 sicut
1067 2989 1101 3051 in
1124 2987 1192 3051 illis
1206 3008 1214 3065 ;
1238 2989 1286 3052 sic
1311 2990 1415 3053 datur

282 3084 376 3147 ratio
394 3081 481 3147 finiti
498 3093 532 3146 et
552 3081 687 3158 infiniti,
706 3103 774 3146 non
791 3102 812 3144 a
827 3080 935 3158 finito,
953 3082 1014 3146 sed
1034 3084 1078 3146 ab
1094 3083 1227 3147 infinito
1244 3085 1278 3146 in
1294 3083 1413 3164 finito;

284 3186 320 3241 et
338 3173 474 3261 quoque
498 3179 545 3241 sic
571 3176 688 3240 finitus
712 3188 765 3242 est
785 3198 899 3260 capax
922 3176 1056 3254 infiniti,
1077 3198 1145 3243 non
1169 3176 1286 3243 finitus
1309 3181 1344 3243 in
1364 3202 1412 3255 se,

282 3274 346 3338 sed
366 3275 455 3336 sicut
473 3273 507 3336 in
527 3295 575 3349 se,
596 3273 640 3336 ab
661 3271 795 3338 infinito
818 3293 893 3337 ase
913 3273 948 3336 in
967 3273 1038 3337 illo.
1084 3272 1153 3338 Sed
1176 3275 1219 3337 de
1243 3275 1295 3338 his
1315 3275 1413 3357 plura

282 3369 318 3433 in
339 3358 683 3451 nunc'sequentibus.

347 3479 418 3548 55.
452 3463 528 3548 (iii.)
563 3463 660 3542 Quod
671 3463 800 3527 Divina
817 3463 1041 3528 Provr'eienn‘a
1058 3463 1092 3526 in
1108 3462 1200 3526 omni
1211 3464 1303 3546 quod
1308 3466 1412 3546 facit,

282 3559 407 3640 spectet
423 3559 595 3644 infinitum
617 3580 656 3622 ac
681 3568 854 3622 aeternum
876 3580 897 3622 a
919 3579 965 3634 se,
990 3557 1163 3640 imprimis
1189 3559 1223 3622 in
1246 3559 1414 3626 salvando

278 3675 401 3737 genere
421 3653 576 3718 hermano.
622 3653 799 3718 Infinitum
823 3675 862 3718 ac
887 3653 1081 3719 Aeternum
1105 3656 1139 3718 in
1163 3676 1199 3718 se
1223 3665 1277 3720 est
1299 3658 1411 3740 ipsum

284 3750 449 3815 Divinum
472 3771 532 3814 seu
555 3750 726 3815 Dominus
749 3752 784 3814 in
808 3749 875 3829 Se;
898 3760 936 3814 at
956 3750 1132 3814 Infinitum
1156 3771 1195 3815 ac
1215 3750 1411 3818 Aeternum

283 3866 305 3910 a
322 3866 371 3920 se,
392 3855 447 3909 est
471 3845 635 3910 Divinum
655 3847 849 3929 procedens
868 3867 929 3910 seu
951 3846 1121 3909 Dominus
1144 3847 1178 3910 in
1197 3846 1274 3910 aliis
1297 3869 1343 3912 ex
1367 3849 1412 3914 Se

283 3943 422 4017 creatis,
446 3943 497 4007 ita
519 3943 553 4007 in
577 3943 773 4006 hominibus
798 3954 833 4007 et
856 3943 891 4005 in
919 3942 1076 4025 angelis;
1100 3953 1137 4007 et
1156 3943 1222 4006 hoc
1247 3943 1411 4008 Divinum

283 4049 337 4103 est
368 4039 459 4102 idem
493 4058 570 4102 cum
604 4037 731 4101 Divina
761 4038 1005 4116 Providentia;
1040 4057 1120 4102 nam
1151 4037 1321 4103 Dominus
1352 4059 1413 4120 per

284 4134 447 4197 Divinum
465 4155 485 4198 a
505 4133 548 4199 Se
567 4136 739 4217 providet,
761 4145 798 4198 ut
822 4135 937 4198 omnia
959 4136 993 4197 in
1017 4134 1146 4208 ordine,
1171 4136 1205 4199 in
1225 4156 1294 4218 quo
1316 4146 1353 4199 et
1377 4136 1412 4199 in

282 4251 386 4313 quem
405 4241 524 4296 creata
543 4241 635 4308 sunt,
656 4231 925 4297 contineantur:
949 4238 986 4293 et
1003 4231 1083 4312 quia
1106 4229 1269 4294 Divinum
1289 4250 1412 4312 proce·

283 4327 371 4391 dens
389 4327 457 4392 hoc
473 4337 647 4410 operatur,
667 4327 820 4410 sequitur
837 4327 929 4409 quod
949 4343 1052 4390 omne
1067 4325 1103 4389 id
1121 4326 1166 4390 sit
1186 4325 1314 4390 Divina
1329 4326 1412 4392 Pro·

281 4424 447 4488 videntia.

346 4519 420 4602 56.
452 4518 555 4602 Quod
583 4518 711 4583 Divina
738 4517 957 4582 Providentia
984 4514 1177 4600 spedistin
1201 4519 1295 4582 omni
1318 4517 1411 4602 quod

279 4611 365 4678 facit
389 4613 559 4678 infinitum
584 4635 623 4678 ac
648 4625 828 4678 aeternum
851 4635 870 4676 a
890 4634 938 4686 se,
959 4626 1120 4677 constare
1144 4624 1263 4694 potest
1287 4635 1332 4677 ex
1356 4635 1410 4688 eo,

257 4757 260 4762 ι
279 4710 375 4792 quod
391 4731 496 4777 omne
508 4723 695 4776 creatuma
712 4711 835 4787 PrImo,
850 4713 905 4794 qui
925 4721 979 4774 est
993 4709 1150 4804 Infinitus
1169 4733 1208 4775 ac
1223 4711 1413 4785 Aeternus,
