3410 5382
264 627 309 711 76
616 634 821 688 serrarum
843 633 1038 686 ANGELICA

264 807 333 892 Qui
355 831 402 875 ex
425 807 487 874 illo
506 803 600 874 dicto
629 827 667 872 se
690 806 724 873 in
748 807 815 872 fide
838 814 1000 893 separata
1018 801 1323 887 confirmaverunt,
1342 805 1392 873 illi

263 926 309 970 ex
329 906 514 970 intuitione
534 905 625 969 illius
644 903 712 970 loci
731 905 819 970 sicut
842 905 876 969 in
899 904 984 980 sole,
1006 923 1069 968 nec
1091 903 1211 969 vident
1231 905 1287 968 ubi
1306 925 1390 969 enu-

263 1013 375 1066 merat
388 1001 485 1086 leges
498 999 587 1077 fidei,
601 1002 692 1085 quod
709 1002 779 1064 sint
795 1003 869 1084 ipsa
884 1021 991 1084 opera
1006 1000 1206 1079 charitatis;
1226 1001 1307 1084 quid
1323 1003 1389 1066 ita·

262 1117 328 1180 que
346 1095 432 1162 fides
451 1099 582 1181 absque
602 1099 670 1162 suis
689 1095 845 1180 legibus?
890 1096 964 1161 Nec
989 1099 1109 1162 vident
1133 1099 1189 1161 ubi
1212 1107 1392 1163 enumerat

263 1191 355 1256 mala
381 1213 497 1276 opera,
522 1192 682 1268 dicend0,
707 1193 800 1276 quod
828 1191 884 1276 qui
914 1191 975 1257 illa
997 1191 1140 1271 iaciunt,
1164 1213 1233 1256 non
1256 1194 1393 1277 possint

261 1287 391 1354 intrare
410 1291 444 1354 in
469 1286 615 1355 caelum.
660 1287 718 1352 Ex
737 1309 804 1372 quo
823 1295 930 1371 patet,
950 1288 1062 1373 qualis
1080 1289 1232 1354 caecitas
1250 1286 1392 1354 indut‘ta

262 1395 316 1449 est
336 1405 382 1450 ex
403 1386 504 1450 unico
520 1385 587 1450 hoc
607 1384 687 1449 loco
704 1384 796 1449 male
814 1383 1005 1450 intellecto.

325 1481 421 1546 116.
452 1479 555 1564 Quod
583 1480 676 1546 mala
708 1480 743 1545 in
775 1491 925 1546 externo
952 1481 1091 1547 homine
1122 1501 1191 1545 non
1221 1480 1390 1545 removeri

261 1577 396 1658 possint
419 1579 482 1641 nisi
502 1597 605 1661 quam
625 1577 740 1641 medio
758 1577 909 1655 homine,
927 1588 982 1643 est
1001 1578 1079 1662 quia
1101 1599 1147 1641 ex
1172 1576 1297 1641 Divina
1316 1576 1390 1640 Do·

261 1671 343 1735 mini
369 1671 590 1738 Providentia
619 1681 686 1750 est,
711 1674 803 1759 quod
826 1673 988 1759 quicquid
1014 1672 1121 1738 homo
1150 1672 1257 1749 audit,
1281 1671 1389 1749 videt,

261 1767 406 1849 cogitat,
424 1767 510 1843 vult,
528 1768 679 1852 loquitur
697 1781 733 1833 et
752 1769 845 1845 iacit,
863 1779 1029 1853 appareat
1045 1788 1183 1852 prorsus
1198 1768 1288 1832 sicut
1307 1767 1390 1850 ejus.

262 1860 364 1944 Quod
388 1865 518 1946 absque
540 1863 602 1928 illa
624 1866 827 1948 apparentia
849 1885 918 1929 non
941 1865 1029 1930 foret
1050 1865 1181 1929 homini
1198 1864 1313 1948 aliqua
1334 1884 1389 1928 re·

260 1961 378 2041 ceptio
388 1959 504 2024 Divini
517 1961 599 2035 veri,
613 1960 708 2024 nulla
720 1961 968 2025 determinatio
980 1961 1025 2024 ad
1042 1960 1236 2025 iaciendum
1248 1960 1388 2036 bonum,

262 2053 358 2118 nulia
375 2055 611 2138 appropriatio
629 2057 755 2120 amoris
774 2066 809 2120 et
831 2058 1034 2140 sapientiae,
1055 2065 1129 2121 tum
1148 2056 1329 2120 charitatis
1351 2064 1389 2122 et

260 2149 349 2225 fidei,
369 2159 405 2214 et
422 2151 504 2216 inde
522 2151 618 2215 nulla
636 2149 833 2234 conjundiio
856 2171 934 2215 cum
951 2151 1113 2228 Domino,
1134 2153 1277 2234 proinde
1294 2150 1389 2216 nulla

260 2245 460 2311 reformatio
479 2255 516 2310 et
534 2248 766 2329 regeneratio,
786 2257 822 2312 et
845 2247 893 2310 sic
913 2247 1075 2323 salvatio,
1094 2267 1196 2330 supra
1217 2245 1264 2330 (n.
1283 2259 1388 2329 71-95

260 2349 297 2406 et
320 2341 408 2426 seq.)
439 2352 617 2407 ostensum
637 2352 701 2407 est.
747 2341 851 2425 Quod
869 2341 1000 2425 absque
1018 2343 1079 2406 illa
1097 2343 1300 2425 apparentia
1318 2361 1389 2406 non

260 2436 385 2502 dabilis
405 2439 451 2503 sit
471 2438 686 2520 paenitentia
703 2459 725 2501 a
743 2439 908 2522 peccatis,
924 2438 1031 2502 immo
1050 2459 1113 2503 nec
1133 2437 1228 2514 fides,
1246 2439 1389 2503 evidens

260 2544 335 2614 est;
359 2543 433 2599 tum
449 2536 541 2619 quod
557 2534 664 2602 homo
679 2533 808 2618 absque
824 2533 885 2598 illa
900 2537 1105 2617 apparentia
1120 2554 1189 2598 non
1205 2535 1251 2598 sit
1269 2534 1387 2612 homo,

260 2629 321 2692 sed
341 2650 467 2713 expers
486 2631 580 2695 vitae
599 2630 790 2705 rationalis,
812 2629 932 2693 similis
951 2630 1095 2694 bestiae.
1142 2629 1311 2694 Consulat
1331 2631 1389 2714 qui

259 2724 334 2788 vult
351 2745 447 2789 suam
464 2726 645 2800 rationem,
664 2745 744 2789 num
760 2735 904 2808 apparet
924 2724 1035 2802 aliter,
1052 2745 1155 2808 quam
1172 2726 1263 2809 quod
1281 2725 1389 2790 homo

259 2821 303 2884 de
320 2821 412 2885 bono
429 2829 465 2884 et
483 2841 575 2895 vero,
590 2830 662 2883 tam
679 2821 856 2904 spirituali,
868 2840 970 2904 quam
987 2820 1108 2885 morali
1124 2831 1160 2886 et
1174 2821 1276 2897 civili,
1290 2822 1387 2904 cogi·

258 2924 313 2980 tet
328 2937 374 2981 ex
391 2937 429 2980 se
443 2937 450 2994 ;
475 2926 511 2981 et
530 2927 612 2980 tunc
629 2917 743 3000 recipe
759 2916 793 2980 id
810 2915 1012 2993 doctrinale,
1029 2919 1123 3000 quod
1139 2936 1242 2982 omne
1258 2917 1387 2982 bonum

258 3020 296 3077 et
318 3031 437 3076 verum
460 3012 505 3076 sit
529 3033 549 3076 a
573 3011 735 3087 Domino,
759 3022 795 3076 et
820 3012 903 3076 nihil
926 3014 970 3076 ab
992 3013 1154 3092 homine3
1185 3033 1301 3076 annon
1322 3033 1386 3096 ag·

259 3127 382 3171 nosces
398 3107 464 3171 hoc
480 3127 707 3191 consequens,
721 3108 812 3191 quod
829 3108 934 3172 homo
949 3109 1077 3172 bonum
1093 3109 1197 3172 saciet
1212 3115 1249 3172 et
1267 3126 1385 3174 verum

258 3204 430 3286 cogitabit
453 3205 542 3269 sicut
571 3225 617 3268 ex
648 3224 697 3280 se,
721 3204 782 3268 sed
813 3224 920 3287 usque
949 3214 1132 3287 agnoscet,
1155 3203 1248 3287 quod
1277 3202 1337 3268 illa
1365 3223 1388 3268 a

258 3300 432 3366 Domino?
456 3303 600 3386 proinde
617 3301 734 3376 etiam,
751 3301 844 3384 quod
863 3301 968 3364 homo
984 3301 1175 3364 removebit
1190 3298 1281 3362 mala
1296 3300 1386 3364 sicut

257 3416 278 3459 a
297 3417 346 3473 se,
366 3398 428 3461 sed
447 3419 554 3481 usque
574 3405 744 3479 agnoscet
762 3395 855 3479 quod
873 3395 906 3460 id
925 3396 1029 3460 saciat
1047 3416 1094 3459 ex
1113 3393 1289 3459 Domino?

321 3506 411 3575 117·
444 3492 562 3558 Plures
586 3503 666 3556 sunt
690 3493 746 3576 qui
770 3512 838 3556 non
862 3494 975 3556 sciunt
998 3492 1090 3575 quod
1121 3492 1155 3554 in
1179 3490 1278 3555 malis
1301 3491 1384 3568 sint,

257 3588 337 3670 quia
356 3608 426 3651 non
450 3590 484 3652 in
504 3589 661 3653 externis
679 3588 809 3652 iaciunt
829 3586 907 3666 ilia;
932 3590 1057 3652 timent
1076 3588 1166 3651 enim
1187 3586 1283 3668 leges
1301 3586 1385 3650 civi·

257 3681 321 3756 les,
345 3692 381 3745 et
405 3703 540 3766 quoque
560 3681 727 3765 jacturam
749 3682 871 3761 famae,
895 3693 931 3748 et
960 3685 1008 3747 sic
1032 3704 1078 3747 ex
1101 3681 1324 3746 assuetudine
1348 3694 1384 3748 et

256 3776 378 3841 habitu
397 3779 555 3841 imbuunt
573 3777 690 3860 sugere
709 3777 802 3842 mala
824 3789 861 3842 ut
885 3781 1013 3844 damna
1036 3779 1087 3842 sui
1110 3778 1250 3842 honoris
1273 3787 1309 3842 et
1332 3780 1383 3843 sui

257 3871 352 3936 lucri.
398 3871 466 3937 Sed
484 3873 513 3936 si
529 3872 620 3937 mala
633 3893 701 3937 non
714 3873 849 3956 fugiunt
865 3896 911 3939 ex
928 3875 1093 3958 principio
1106 3875 1293 3956 religionis,
1305 3875 1385 3957 quia

257 3977 402 4051 peccata
424 3979 516 4044 sunt,
537 3979 573 4032 et
597 3979 719 4034 contra
737 3969 861 4046 Deum,
881 3982 963 4034 tunc
987 3971 1077 4054 apud
1101 3969 1179 4033 illos
1202 3970 1383 4053 concupis·

257 4066 394 4129 centias
417 4065 499 4129 mali
522 4085 599 4130 cum
619 4065 777 4148 jucundis
796 4065 931 4129 illarum
951 4076 1144 4141 remanent,
1164 4065 1252 4130 sicut
1275 4086 1385 4149 aquae

255 4160 409 4244 impurae
422 4162 606 4226 obturatae
621 4173 681 4226 aut
697 4173 892 4244 stagnatae.
939 4161 1136 4245 Explorent
1150 4162 1385 4244 cogitationes

255 4277 295 4322 ac
320 4258 534 4323 intentiones
558 4279 649 4334 suas,
670 4268 706 4321 et
730 4259 907 4322 invenient
926 4259 1016 4334 illas,
1037 4259 1142 4322 modo
1165 4259 1278 4322 sciunt
1301 4257 1381 4342 quid

256 4363 412 4436 peccata.
457 4359 516 4421 [2.]
547 4351 635 4418 Sunt
654 4353 744 4417 tales
763 4353 874 4432 multi,
894 4353 952 4437 qui
974 4375 1011 4417 se
1033 4355 1068 4418 in
1093 4353 1158 4418 fide
1180 4363 1340 4437 separata
1361 4373 1384 4418 a

256 4448 431 4514 charitate
448 4445 750 4525 confirmaverunt,
771 4451 827 4533 qui
846 4451 925 4534 quia
943 4451 1101 4526 credunt,
1121 4449 1212 4534 quod
1233 4449 1293 4514 lex
1313 4469 1382 4514 non

256 4545 411 4620 damnet,
439 4563 484 4608 ne
513 4545 650 4626 quidem
681 4546 869 4611 attendunt
901 4545 944 4609 ad
978 4554 1144 4629 peccata;
1180 4555 1216 4610 et
1243 4545 1383 4628 quidam

255 4641 419 4706 dubitant
441 4659 521 4704 num
545 4642 624 4719 sint,
645 4651 681 4705 et
705 4643 732 4705 si
755 4655 846 4717 sunt,
872 4663 940 4706 non
965 4660 1080 4706 coram
1105 4640 1181 4706 Deo
1204 4643 1286 4717 sint,
1306 4641 1386 4726 quia
