3418 5368
325 634 389 704 206
678 643 881 698 sasreurra
904 643 1100 695 nuceum

324 820 453 887 saciant
476 817 537 885 illa
559 836 646 903 quae
669 815 724 882 ibi.
769 815 946 901 Nusquam
974 823 1055 882 tunc
1085 813 1130 882 ab
1155 814 1272 902 aliquo
1293 817 1454 887 antistite

325 919 460 994 dicitur,
481 915 572 1000 quod
593 935 662 978 non
681 913 750 978 sint
768 913 832 977 sub
847 912 932 996 jugo
950 911 1049 978 istius
1072 911 1170 995 legis,
1191 933 1254 980 nec
1278 915 1370 999 quod
1392 916 1454 983 illa

324 1013 437 1077 iacere
455 1031 523 1075 non
540 1011 675 1093 possint
690 1009 769 1094 quia
787 1031 855 1074 non
876 1009 1013 1092 aliquod
1033 1009 1162 1072 bonum
1181 1030 1201 1072 a
1219 1031 1268 1075 se.
1314 1011 1354 1076 In
1375 1021 1452 1078 toto

326 1107 524 1172 Christiano
537 1107 620 1173 orbe
636 1108 740 1172 etiam
757 1116 934 1191 receptum
952 1117 1007 1170 est
1023 1103 1227 1187 Symbolum
1239 1105 1452 1172 Athanasia·

327 1223 418 1280 num,
436 1213 471 1268 et
486 1225 622 1288 quoque
639 1203 837 1286 agnoscitur
852 1203 887 1267 id
902 1202 994 1285 quod
1011 1201 1134 1266 ultimo
1150 1201 1195 1266 ibi
1211 1203 1346 1280 dicitur,
1360 1205 1452 1288 quod

327 1299 496 1364 Dominus
519 1311 684 1364 venturus
708 1299 753 1363 sit
778 1299 822 1363 ad
849 1297 1071 1380 judicandum
1094 1299 1191 1362 vivos
1219 1308 1256 1362 et
1283 1310 1451 1378 mortuos,

325 1405 362 1459 et
387 1405 468 1460 tunc
492 1395 541 1460 illi
564 1397 620 1480 qui
644 1395 736 1460 bona
758 1394 914 1459 iecerunt
945 1393 1123 1459 intrabunt
1147 1393 1182 1456 in
1205 1393 1314 1458 vitam
1338 1405 1451 1458 aeter·

326 1511 417 1568 nam,
438 1501 474 1556 et
498 1493 554 1576 qui
577 1491 668 1556 mala
697 1489 852 1555 fecerunt
874 1490 909 1554 in
932 1490 1049 1572 ignem
1079 1499 1268 1554 aeternum.
1315 1503 1372 1566 [ι]
1412 1489 1451 1554 In

326 1583 459 1664 Suecia,
491 1588 546 1653 ubi
574 1587 695 1670 religio
723 1587 766 1650 de
796 1585 872 1650 sola
902 1583 967 1649 fide
1001 1595 1143 1666 recepta
1171 1595 1238 1660 est,
1270 1585 1452 1650 manifeste

325 1683 432 1748 etiam
451 1685 606 1759 docetur,
626 1683 717 1766 quod
742 1703 810 1746 non
833 1683 936 1747 detur
952 1679 1036 1744 fides
1060 1691 1222 1762 separata
1241 1702 1262 1745 a
1280 1680 1454 1746 charitate

325 1799 386 1842 seu
417 1779 548 1862 absque
578 1779 677 1843 bonis
706 1777 878 1860 operibus,
902 1777 968 1841 hoc
999 1777 1033 1840 in
1064 1777 1213 1860 quadam
1246 1775 1452 1859 Appendice

327 1873 519 1939 Memoriali
560 1873 745 1937 ¹¹¹omnibus
785 1872 897 1937 Libris
938 1873 1147 1956 psalmorum
1188 1873 1328 1948 inserta,
1365 1894 1452 1956 quae

326 1980 471 2034 vocatur
495 1969 784 2052 “impedimenta
810 1990 870 2032 seu
901 1967 1116 2032 Offendicula
1145 1967 1451 2050 impaenitentium

328 2063 592 2146 (Obotsardigas
612 2062 833 2146 forht'ada)‚”
857 2065 913 2127 ubi
947 2062 1032 2126 haec
1066 2063 1194 2129 verba:
1232 2062 1316 2128 “Illi
1339 2065 1395 2146 qui
1418 2064 1451 2127 in

326 2161 426 2222 bonis
441 2161 599 2241 operibus
618 2169 698 2224 sunt
718 2160 854 2236 divites,
872 2168 1070 2223 monstrant
1088 2180 1148 2242 per
1167 2159 1201 2222 id
1221 2159 1313 2241 quod
1332 2160 1366 2222 in
1385 2157 1452 2224 fide

326 2255 396 2318 sint
416 2255 552 2330 divites,
572 2256 733 2339 quoniam
754 2275 831 2318 cum
850 2253 935 2318 fides
954 2265 1008 2319 est
1030 2253 1192 2330 salvifica,
1212 2263 1374 2338 operatur
1393 2255 1452 2319 illa

327 2371 387 2432 per
402 2349 629 2429 charitatem
654 2349 739 2415 fides
755 2351 846 2413 enim
862 2348 1054 2432 justificans
1070 2369 1237 2432 nusquam
1256 2349 1360 2414 datur
1377 2349 1452 2415 sola

326 2467 366 2509 ac
390 2458 551 2530 separata
573 2468 593 2510 a
615 2447 714 2510 bonis
733 2446 903 2529 operibus,
924 2445 1214 2528 quemadmodum
1238 2444 1329 2509 bona
1350 2447 1452 2510 arbor

327 2563 396 2606 non
415 2543 517 2607 datur
536 2543 664 2626 absque
681 2539 798 2616 fruetu,
816 2541 869 2605 sol
887 2562 956 2605 non
976 2543 1105 2625 absque
1121 2541 1197 2605 luce
1216 2550 1252 2606 et
1271 2541 1398 2617 calore,
1415 2548 1452 2605 et

326 2661 414 2721 aqua
433 2658 503 2703 non
521 2639 651 2722 absque
675 2637 847 2702 humore.”
893 2643 950 2705 [ed
982 2636 1080 2702 Haec
1104 2657 1214 2720 pauca
1231 2637 1341 2702 allata
1358 2648 1450 2712 sunt,

326 2746 364 2799 ut
384 2736 521 2813 sciatur,
542 2736 633 2818 quod
654 2735 793 2798 tametsi
811 2733 1009 2816 religiosum
1029 2733 1072 2797 de
1092 2733 1166 2798 sola
1184 2733 1251 2798 fide
1273 2745 1450 2817 receptum

326 2840 392 2905 est,
413 2849 517 2912 usque
540 2830 632 2894 bona
655 2829 843 2904 charitatis,
868 2849 956 2912 quae
980 2837 1060 2892 sunt
1088 2829 1179 2891 bona
1202 2849 1318 2910 opera,
1343 2829 1452 2893 ubivis

326 2925 528 3001 doceantur,
546 2935 582 2988 et
599 2923 691 3007 quod
710 2923 776 2988 hoc
796 2925 840 2987 sit
857 2946 903 2988 ex
921 2924 1047 2988 DivIna
1064 2923 1203 2987 Domini
1220 2924 1450 3000 Providentia,

327 3042 369 3084 ne
392 3019 516 3102 vulgus
542 3019 719 3102 perillam
749 3020 943 3084 seducatur.
989 3019 1117 3084 Audivi
1147 3018 1348 3096 Lutherum,
1373 3040 1451 3084 cum

327 3137 394 3200 quo
414 3116 598 3199 aliquoties
616 3115 649 3179 in
670 3116 798 3179 mundo
817 3115 985 3198 spirituali
1009 3115 1145 3178 locutus
1168 3135 1255 3190 sum,
1276 3117 1451 3180 devoven-

326 3223 398 3276 tem
422 3212 532 3275 solam
555 3209 669 3288 fidem,
689 3223 725 3277 et
744 3212 928 3288 dicentem,
949 3211 1136 3294 quodcum
1156 3211 1251 3276 illam
1270 3213 1451 3289 stabilivit,

327 3309 476 3371 monitus
496 3308 540 3371 sit
559 3328 620 3389 per
638 3305 800 3390 angelum
820 3307 971 3382 Domini,
989 3327 1032 3369 ne
1048 3308 1082 3370 id
1103 3306 1250 3386 laceret;
1278 3308 1339 3371 sed
1359 3309 1451 3390 quod

325 3403 534 3484 cogitaverit
557 3422 684 3479 secum,
705 3403 797 3487 quod
817 3403 845 3466 si
865 3423 934 3465 non
954 3421 1060 3484 opera
1075 3401 1244 3483 rejiceret,
1265 3423 1334 3467 non
1353 3403 1450 3468 fieret

325 3500 498 3579 separatio
517 3519 545 3562 -a
571 3499 734 3580 religioso
764 3497 966 3577 Catholico;
1000 3517 1104 3581 quare
1134 3509 1257 3563 contra
1282 3500 1451 3563 monitum

325 3593 427 3658 fidem
446 3593 542 3656 illam
562 3592 785 3658 confirmavit.

389 3703 487 3770 259.
520 3687 594 3772 (vi.)
622 3688 719 3766 Quod
737 3710 826 3752 mere
846 3688 1016 3752 naturalis
1035 3686 1130 3752 homo
1151 3699 1267 3752 contra
1288 3689 1452 3754 Divinam

324 3782 580 3847 Providentiam
595 3805 631 3847 se
644 3783 815 3868 confirmet
828 3805 871 3847 ex
884 3805 929 3860 eo,
947 3783 1039 3866 quod
1049 3783 1083 3846 in
1102 3782 1299 3848 Christiano
1311 3783 1391 3847 orbe
1405 3794 1454 3848 tot

324 3879 478 3942 haereses
503 3879 648 3958 fuerzirt,
672 3888 705 3941 et
732 3878 840 3942 adhuc
861 3879 941 3954 sint,
966 3887 1004 3942 ut
1034 3876 1305 3960 Quaquen'smus,
1329 3877 1450 3944 Mora·

324 3975 524 4050 vianairmus,
548 3974 828 4056 Anabaptismus,
853 3984 885 4036 et
902 3973 1194 4056 plures-Potest
1218 3975 1308 4038 enirn
1333 3995 1451 4040 secum

325 4072 490 4152 cogitare,
512 4068 546 4134 Si
570 4070 695 4134 Divina
719 4070 937 4135 Providentia
959 4071 994 4134 in
1017 4069 1296 4152 singularissimis
1315 4071 1450 4136 unIver·

324 4166 407 4230 salis
430 4165 529 4240 soret,
555 4175 590 4229 et
614 4186 675 4249 pro
698 4165 764 4230 fine
788 4166 932 4230 haberet
956 4166 1107 4230 omnium
1131 4166 1291 4240 salutern,
1310 4166 1451 4233 iecisset

326 4273 362 4326 ut
383 4283 449 4325 una
465 4282 546 4324 vera
561 4261 682 4343 religio
701 4263 789 4327 soret
808 4264 841 4326 in
861 4262 1019 4327 universo
1039 4271 1206 4326 terrarum
1226 4262 1320 4338 orbe,
1337 4272 1373 4327 et
1391 4261 1452 4328 illa

325 4377 394 4420 non
424 4357 544 4432 divisa,
569 4365 605 4419 et
632 4358 742 4422 minus
773 4360 947 4441 discerpta
975 4360 1010 4423 in
1039 4358 1222 4424 haereses:
1261 4358 1323 4422 sed
1352 4368 1450 4422 utere

324 4453 469 4528 ratione,
490 4463 525 4518 et
545 4454 664 4536 cogita
687 4455 790 4520 altius
808 4457 835 4520 si
854 4465 979 4539 potes;
1013 4475 1093 4520 num
1113 4464 1229 4539 potest
1251 4453 1357 4520 homo
1380 4451 1450 4518 sal·

324 4549 396 4610 vari
420 4549 483 4612 nisi
506 4549 599 4631 prius
621 4551 845 4617 reformetur?
891 4551 957 4616 Est
980 4552 1072 4617 enim
1098 4552 1132 4617 in
1162 4571 1315 4616 amorem
1339 4549 1390 4613 sui
1413 4557 1451 4615 et

326 4644 443 4706 mundi
467 4653 581 4723 natue,
601 4655 638 4712 et
656 4648 734 4731 quia
751 4647 799 4712 illi
819 4667 954 4714 amores
970 4648 1004 4713 in
1023 4669 1061 4715 se
1080 4667 1149 4713 non
1172 4647 1301 4733 aliquid
1323 4646 1451 4712 amoris
