3418 5368
542 581 594 634 nn
617 579 755 632 1³1va
777 578 1131 632 momorum-n.
1156 581 1227 650 259.
1375 585 1438 652 ²07

306 751 344 820 in
369 751 481 820 Deum
504 763 540 819 et
564 752 691 838 aliquid
715 753 840 819 amoris
863 772 946 838 erga
969 752 1176 838 proximum,
1201 753 1265 820 nisi
1294 764 1438 840 propter

307 869 359 926 se,
378 851 502 926 ferunt,
527 861 583 916 est
605 850 663 914 ille
688 869 821 934 quoque
846 859 948 914 natus
977 850 1010 913 in
1039 851 1151 914 omnis
1173 851 1310 934 generis
1333 852 1435 917 mala.

306 942 402 1027 Quid
419 945 545 1010 amoris
561 965 621 1009 seu
637 945 891 1009 misericordiae
907 946 940 1009 in
957 944 1024 1008 illis
1039 945 1213 1010 amoribus
1229 946 1307 1010 esti
1345 946 1436 1011 Num

304 1040 436 1126 aliquid
469 1041 550 1106 iacit
580 1042 782 1107 defraudare
811 1041 926 1116 alium,
952 1041 1194 1125 blasphemare
1223 1042 1330 1119 illum,
1355 1045 1437 1108 odio

307 1135 435 1202 habere
457 1137 553 1202 illum
573 1159 679 1222 usque
699 1137 742 1201 ad
763 1156 895 1212 necem,
912 1136 1100 1202 adulterari
1123 1158 1201 1202 cum
1225 1160 1332 1202 uxore
1351 1140 1435 1221 ejus,

303 1235 439 1299 saevire
454 1235 489 1298 in
505 1233 601 1298 illum
618 1255 695 1299 cum
712 1236 746 1298 in
763 1231 914 1299 vindista
930 1243 996 1310 est,
1011 1254 1113 1318 quum
1131 1236 1246 1298 animo
1262 1234 1327 1300 sert
1342 1236 1436 1320 quod

305 1329 391 1395 velit
407 1348 585 1412 supremus
601 1330 753 1394 omnium
769 1349 857 1406 esse,
872 1349 911 1394 ac
929 1330 1107 1413 possidere
1123 1331 1274 1394 omnium
1290 1331 1435 1396 aliorum

304 1424 408 1502 bona,
426 1426 477 1491 ita
493 1445 570 1489 cum
590 1421 725 1508 specstat
744 1424 831 1489 alios
851 1423 1041 1507 resped'tive
1059 1425 1103 1487 ad
1123 1445 1159 1488 se
1180 1435 1216 1489 ut
1235 1426 1320 1489 viles
1339 1446 1379 1490 ac
1399 1437 1437 1491 ut

306 1521 428 1585 nauel?
473 1520 605 1585 Annon
636 1531 674 1585 ut
702 1519 783 1585 talis
814 1520 976 1596 salvetur,
1003 1520 1048 1583 ab
1070 1521 1137 1584 illis
1161 1521 1260 1584 malis
1289 1523 1435 1604 primum

301 1617 527 1682 abducendus
546 1627 612 1692 est,
632 1628 668 1682 et
687 1617 735 1681 sic
759 1615 1017 1680 reformandus?
1063 1614 1164 1698 Quod
1189 1615 1255 1680 hoc
1276 1636 1343 1680 non
1363 1615 1435 1682 fieri

302 1713 425 1796 possit,
446 1713 511 1776 nisi
529 1712 718 1777 secundum
743 1711 857 1794 plures
881 1711 989 1793 legeS,
1010 1731 1098 1795 quae
1117 1723 1198 1775 sunt
1222 1712 1318 1794 leges
1338 1711 1435 1776 Divi·

302 1827 369 1872 nae
394 1807 647 1883 Providentiae,
668 1807 787 1872 multis
806 1828 909 1890 supra
928 1817 1106 1871 ostensum
1126 1819 1201 1887 est;
1231 1828 1319 1892 quae
1338 1807 1435 1891 leges

300 1904 419 1986 quoad
454 1905 643 1967 maximam
676 1914 812 1986 partem
843 1904 987 1985 ignotae
1020 1914 1112 1979 sunt,
1137 1914 1174 1968 et
1205 1913 1323 1968 tamen
1353 1913 1436 1969 sunt

304 1997 450 2063 Divinae
481 1996 677 2083 Sapientiae
702 2007 738 2062 et
761 1998 862 2062 simul
886 1999 1002 2063 Divini
1025 1997 1179 2076 Amoris,
1203 2010 1328 2064 contra
1350 2021 1436 2082 quas

302 2092 473 2159 Dominus
491 2115 559 2158 non
580 2104 698 2177 potest
717 2114 843 2176 agere;
875 2113 954 2158 narn
975 2114 1079 2177 agere
1099 2105 1219 2161 contra
1239 2096 1326 2172 illas,
1345 2097 1437 2163 foret

301 2191 446 2272 perdere
463 2189 650 2265 hominem,
668 2200 704 2254 et
722 2210 791 2253 non
808 2190 943 2256 salvare
960 2190 1067 2254 illum.
1111 2203 1168 2266 [ι]
1192 2191 1436 2257 Percurrantur

301 2281 401 2368 leges
434 2307 522 2368 quae
555 2285 684 2350 allatae
719 2295 809 2360 sunt,
835 2286 1066 2362 conferantur,
1091 2296 1127 2350 et
1158 2287 1301 2351 videbis.
1347 2285 1434 2351 Cum

301 2378 420 2463 itaque
431 2380 621 2444 secundum
638 2379 735 2462 leges
751 2379 829 2443 illas
845 2381 952 2443 etiam
969 2382 1027 2456 sit,
1042 2390 1079 2443 ut
1094 2400 1163 2444 non
1179 2381 1300 2464 aliquis
1313 2383 1434 2446 imme·

300 2472 417 2538 diatus
432 2473 579 2539 influxus
596 2475 640 2538 sit
657 2496 677 2539 e
693 2473 803 2550 caelo,
822 2474 883 2537 sed
901 2475 1072 2539 mediatus
1089 2496 1150 2559 per
1166 2474 1332 2550 Verbum,
1350 2478 1435 2541 doc·

300 2571 411 2636 trinas
434 2582 470 2635 et
493 2571 791 2654 praedicationem
824 2589 866 2634 ac
892 2569 1058 2646 Verbum,
1078 2580 1117 2635 ut
1140 2582 1235 2635 esset
1259 2569 1434 2649 Divinum,

301 2687 373 2732 non
400 2669 513 2751 potuit
542 2667 605 2730 nisi
635 2686 738 2750 quam
767 2687 828 2750 per
859 2685 971 2730 meras
1002 2667 1329 2749 correspondentias
1358 2688 1436 2733 esse

300 2764 549 2844 conscriptum,
566 2763 720 2846 sequitur
739 2763 830 2846 quod
848 2763 1083 2826 dissensiones
1101 2773 1137 2827 et
1157 2762 1320 2827 haereses
1339 2764 1435 2827 nevi·

300 2857 428 2922 tabiles
447 2859 526 2934 sint,
547 2868 584 2922 et
604 2858 696 2942 quod
716 2857 836 2921 harum
856 2859 1100 2940 permissiones
1119 2859 1226 2922 etiam
1246 2858 1436 2922 secundum

301 2952 400 3036 leges
419 2952 564 3016 Divinae
584 2952 827 3017 Providentiae
844 2954 931 3016 sint:
964 2964 999 3017 et
1016 2952 1127 3016 adhuc
1145 2951 1243 3035 plus;
1268 2973 1345 3017 cum
1362 2955 1437 3036 ipsa

299 3049 451 3114 ecclesia
485 3069 547 3132 pro
581 3047 827 3112 essentialibus
861 3049 931 3111 suis
965 3057 1199 3131 assumpserat
1231 3047 1317 3112 talia
1348 3067 1437 3131 quae

300 3145 409 3211 solius
437 3141 637 3208 intelled'tus
667 3153 760 3218 sunt,
785 3144 836 3207 ita
865 3163 952 3226 quae
983 3143 1172 3216 doetrinae,
1193 3153 1229 3206 et
1255 3163 1323 3207 non
1347 3163 1436 3226 quae

301 3240 496 3304 voluntatis
525 3249 618 3314 sunt,
643 3240 804 3321 itaquae
827 3239 942 3317 vitae;
977 3249 1115 3302 etcum
1143 3237 1203 3302 illa
1232 3258 1319 3321 quae
1341 3240 1436 3304 vitae

300 3345 384 3400 sunt
408 3355 477 3399 non
500 3334 699 3398 essentialia
724 3333 894 3399 ecclesiae
913 3342 1005 3409 sunt,
1026 3342 1108 3397 tunc
1133 3332 1238 3397 homo
1261 3354 1307 3395 ex
1331 3333 1435 3398 intel·

303 3429 395 3496 leblu
414 3442 467 3495 est
487 3431 521 3494 in
542 3430 644 3494 meris
663 3431 829 3505 tenebris,
847 3449 887 3492 ac
907 3439 1000 3494 errat
1020 3430 1109 3493 sicut
1130 3449 1264 3504 caecus,
1285 3431 1342 3513 qui
1362 3430 1435 3493 ubi·

303 3528 355 3591 vis
378 3527 549 3608 impingit,
574 3535 610 3589 et
632 3526 725 3591 cadit
748 3527 783 3590 in
807 3526 934 3589 foveas.
982 3522 1159 3590 Voluntas
1188 3527 1279 3590 enim
1303 3527 1434 3592 videbit

300 3622 337 3686 ,in
367 3618 554 3696 intelledtu,
579 3631 616 3685 et
646 3642 714 3685 non
744 3616 944 3685 intelleetus
976 3621 1010 3684 in
1035 3619 1230 3697 voluntate,
1256 3643 1315 3686 seu
1343 3622 1435 3705 quod

299 3718 405 3790 idem,
418 3718 498 3796 ¹vita
517 3726 553 3781 et
572 3716 643 3798 ejus
662 3737 758 3782 amor
774 3718 879 3781 ducet
899 3714 1116 3781 intellelSlum
1133 3717 1177 3781 ad
1197 3716 1433 3799 cogitandum,

301 3813 513 3898 loquendum
530 3823 566 3878 et
584 3813 768 3896 agendum,
782 3824 819 3878 et
836 3833 904 3879 non
922 3815 1106 3893 vicissum;
1131 3813 1160 3876 si
1175 3814 1335 3884 vicissim,
1353 3833 1433 3893 pos·

301 3919 356 3974 set
381 3906 578 3973 intellectus
602 3931 647 3973 ex
673 3929 790 3974 amore
815 3909 918 3986 malo,
937 3911 1043 3974 immo
1077 3907 1261 3982 diabolico,
1285 3907 1435 3990 arripere

300 4006 462 4090 quicquid
480 4026 540 4088 per
555 4025 676 4068 sensus
689 4006 821 4084 incidit,
837 4017 872 4072 et
886 4007 1061 4090 injungere
1078 4004 1253 4069 voluntati
1265 4005 1298 4067 id
1310 4003 1433 4066 lacere.

302 4101 360 4166 Ex
380 4101 433 4164 his
450 4101 559 4166 videri
582 4110 709 4185 potest,
732 4103 821 4166 unde
845 4112 925 4167 sunt
949 4102 1182 4166 dissensiones
1201 4110 1237 4164 et
1260 4098 1432 4162 haereses.

305 4209 361 4272 [3.]
394 4194 462 4262 Sed
493 4217 599 4281 usque
630 4199 802 4279 provisum
833 4209 898 4276 est,
923 4208 960 4263 ut
993 4199 1135 4283 quisque
1169 4199 1201 4260 in
1231 4214 1433 4279 quacunque

301 4289 437 4357 haeresi
458 4293 573 4377 quoad
595 4291 812 4358 intelledium
836 4296 892 4370 sit,
912 4315 1018 4378 usque
1042 4293 1217 4358 reformari
1244 4301 1279 4355 et
1306 4289 1432 4353 salvari

301 4389 424 4470 possit,
445 4390 550 4456 modo
573 4389 664 4454 mala
682 4400 720 4454 ut
740 4400 885 4473 peccata
908 4391 1027 4473 fugiat,
1047 4399 1084 4454 et
1107 4408 1176 4452 non
1198 4387 1285 4452 salsa
1308 4386 1431 4453 haere·

301 4483 374 4548 tica
393 4485 483 4566 apud
506 4505 543 4550 se
566 4483 770 4564 confirmet;
803 4506 882 4550 nam
902 4486 1096 4569 perfugere
1116 4482 1207 4548 mala
1230 4491 1266 4547 ut
1285 4489 1434 4568 peccata

302 4578 509 4645 reformatur
537 4579 711 4656 voluntas,
736 4592 772 4646 et
806 4603 865 4664 per
893 4581 1111 4646 voluntatem
1140 4577 1355 4666 intelledtus‚
1379 4577 1438 4660 qui
