3418 5370
536 687 587 740 DE
611 685 748 737 DIVINA
772 683 1126 737 PrtovaNTtm-N.
1147 675 1218 754 338.
1375 689 1440 756 299

305 862 511 931 immediata
523 857 756 924 misericordia
768 868 873 943 capta
887 859 932 924 sit
949 879 994 922 ex
1008 869 1104 924 statu
1120 857 1268 923 naturali
1278 859 1438 924 hominis.

310 961 373 1046 (2.)
406 958 510 1043 Quod
533 957 619 1022 haec
643 955 729 1021 fides
751 958 796 1022 sit
815 978 861 1022 ex
883 957 1081 1040 ignorantia
1103 967 1217 1022 status
1240 957 1437 1039 spiritualis,

307 1062 366 1142 qui
386 1077 524 1141 prorsus
543 1056 697 1120 diversus
712 1066 768 1120 est
786 1077 807 1120 a
825 1065 918 1120 statu
937 1054 1094 1120 naturali.
1141 1053 1202 1138 (3.)
1234 1052 1337 1137 Quod
1354 1057 1439 1120 doc·

309 1157 422 1221 trinae
454 1154 607 1218 omniurn
630 1152 853 1218 ecclesiarum
877 1154 910 1216 in
934 1151 1133 1218 Christiano
1166 1152 1260 1228 orbe,
1295 1154 1439 1218 interius

307 1250 500 1336 spectatae,
520 1253 589 1316 sint
611 1261 735 1316 contra
757 1261 1038 1316 momentaneam
1054 1249 1286 1314 salvationem
1303 1273 1349 1314 ex
1373 1254 1438 1315 im·

311 1351 464 1414 mediata
496 1349 749 1429 misericordia;
773 1351 834 1414 sed
861 1370 967 1433 usque
994 1349 1086 1433 quod
1108 1349 1246 1414 externi
1270 1350 1438 1414 ecclesiae
1531 1399 1537 1410 .

310 1446 468 1512 homines
480 1446 575 1511 illam
587 1447 779 1512 stabiliant.
826 1453 883 1514 [2.]
915 1447 1083 1512 Primum:
1110 1444 1208 1524 Quod
1209 1446 1301 1530 fides
1313 1447 1354 1510 de
1368 1469 1437 1510 mo·

309 1555 484 1608 mentanea
506 1543 694 1610 salvatione
713 1565 757 1608 ex
784 1545 978 1608 immediata
1003 1543 1245 1620 misericordia,
1270 1553 1369 1626 capra
1391 1545 1439 1608 sit

305 1652 466 1706 castata
488 1641 644 1706 naturali
661 1641 815 1706 hominis.
861 1641 1037 1706 Naturalis
1059 1641 1165 1706 homo
1187 1663 1233 1706 ex
1257 1663 1319 1706 suo
1342 1652 1438 1706 statu

309 1759 380 1804 non
396 1740 498 1804 aliter
513 1741 580 1804 scit
599 1759 702 1823 quam
719 1740 811 1824 quod
828 1741 989 1822 gaudium
1008 1739 1160 1804 caeleste
1179 1740 1224 1803 sit
1243 1740 1332 1804 sicut
1351 1760 1437 1822 gau·

306 1837 403 1903 dium
426 1839 649 1912 mundanum,
674 1858 714 1902 ac
738 1838 829 1922 quod
851 1839 1010 1903 similiter
1031 1838 1151 1902 influat
1178 1847 1214 1901 et
1238 1839 1437 1921 recipiatur;

310 1954 372 2018 pro
391 1935 567 2019 exemplo,
583 1935 675 2020 quod
691 1936 737 2001 sit
753 1937 841 2000 sicut
858 1937 914 2020 qui
932 1956 1061 2020 pauper
1075 1945 1139 2012 est,
1156 1936 1253 2000 dives
1269 1935 1318 2010 fit,
1335 1946 1371 2000 et
1388 1937 1438 2001 sic

306 2033 367 2116 qui
389 2053 408 2098 e
431 2035 524 2098 tristi
551 2043 648 2098 statu
677 2035 847 2116 egestatis
870 2035 903 2097 ln
926 2034 1061 2098 felicem
1084 2043 1216 2100 statum
1240 2033 1438 2117 opulentiae

309 2131 405 2196 venit
420 2152 429 2211 ;
452 2131 509 2195 vel
527 2131 614 2196 sicut
633 2133 690 2215 qui
708 2131 785 2195 vilis
800 2141 866 2208 est,
880 2141 916 2196 et
929 2131 967 2197 fit
983 2131 1184 2208 honoratus,
1202 2142 1238 2196 et
1254 2135 1302 2196 sic
1318 2154 1338 2198 e
1354 2153 1438 2197 con·

307 2239 446 2312 temptu
457 2229 491 2293 in
505 2228 651 2312 gloriam
662 2230 757 2294 venit
771 2250 779 2310 ;
798 2239 858 2294 aut
868 2231 957 2295 sicut
966 2231 1024 2314 qui
1036 2252 1054 2294 e
1067 2231 1174 2295 domo
1183 2228 1293 2294 nous
1305 2231 1339 2294 in
1351 2250 1438 2312 gau·

305 2326 403 2390 dium
420 2329 614 2409 nuptiarum
633 2329 740 2392 venit.
785 2325 875 2410 Quia
890 2327 925 2392 hi
944 2338 1058 2393 status
1076 2337 1221 2410 possunt
1239 2328 1330 2390 intra
1346 2328 1438 2391 diem

308 2425 444 2500 mutari,
459 2435 494 2489 et
511 2444 580 2489 non
593 2423 661 2488 alia
675 2425 755 2489 idea
771 2436 826 2489 est
843 2427 886 2489 de
902 2436 997 2489 statu
1013 2425 1162 2489 hominis
1181 2434 1261 2508 post
1279 2435 1436 2502 mortem,

310 2531 410 2604 patet
433 2523 524 2587 unde
546 2532 613 2598 est,
637 2522 729 2606 quod
752 2525 915 2587 credatur
936 2523 1086 2586 salvatio
1113 2531 1358 2586 momentanea
1391 2543 1438 2588 ex

308 2618 513 2686 immediata
541 2621 787 2686 misericordia.
831 2626 889 2687 [3.]
920 2621 960 2684 In
994 2620 1123 2684 mundo
1152 2619 1258 2684 etiam
1291 2629 1438 2703 possunt

309 2717 424 2801 plures
446 2719 480 2784 in
497 2740 566 2784 uno
584 2719 761 2783 consortio
783 2727 820 2783 et
843 2718 877 2782 in
900 2739 968 2783 una
990 2719 1162 2784 societate
1184 2717 1277 2783 civili
1299 2739 1377 2783 esse
1400 2727 1438 2784 et

307 2815 410 2880 simul
433 2816 566 2893 laetari,
590 2827 627 2882 et
650 2827 769 2882 tamen
792 2835 913 2880 omnes
937 2815 1070 2882 differre
1088 2818 1232 2898 animis;
1254 2816 1320 2882 hoc
1343 2816 1382 2882 fit
1403 2817 1438 2882 in

306 2923 405 2978 statu
427 2915 587 2981 naturali.
631 2915 745 2980 Causa
767 2926 833 2990 est,
857 2917 937 2998 quia
958 2927 1142 2981 externum
1165 2918 1263 2980 unius
1289 2916 1439 2980 hominis

307 3021 429 3094 potest
461 3015 717 3078 accommodari
749 3023 900 3078 externo
922 3014 1076 3089 alterius,
1101 3023 1275 3096 utcunque
1301 3016 1439 3077 interna

306 3110 490 3175 dissimilia
505 3121 596 3176 sunt.
642 3111 699 3174 Ex
718 3111 784 3175 hoc
805 3121 898 3175 statu
917 3112 1064 3176 naturali
1084 3113 1190 3175 etiam
1210 3110 1437 3188 concluditur,

307 3209 400 3292 quod
420 3209 568 3274 salvatio
587 3209 631 3273 sit
650 3209 756 3273 modo
772 3209 937 3273 admissio
955 3210 999 3272 ad
1023 3209 1168 3291 angelos
1184 3210 1219 3273 in
1235 3208 1380 3284 caelum,
1400 3219 1438 3274 et

306 3307 401 3389 quod
418 3308 584 3372 admissio
599 3307 644 3370 sit
660 3328 706 3370 ex
721 3307 923 3370 immediata
939 3307 1190 3372 misericordia:
1215 3327 1318 3391 quare
1330 3307 1437 3370 etiam

306 3407 472 3482 creditur,
489 3407 581 3490 quod
598 3404 698 3470 malis
713 3425 821 3488 aeque
838 3407 948 3486 possit
965 3406 1037 3469 dari
1056 3403 1190 3468 caelum
1207 3423 1309 3489 quam
1325 3404 1436 3481 bonis,

305 3513 346 3567 et
368 3505 460 3586 quod
483 3513 566 3568 tunc
590 3504 804 3567 consociatio
827 3504 873 3566 sit
896 3502 1015 3566 similis
1032 3523 1118 3585 quae
1140 3503 1174 3565 in
1198 3502 1338 3577 mundo,
1359 3520 1437 3567 cum

305 3601 502 3665 differentia
513 3601 605 3684 quod
618 3601 678 3664 illa
690 3602 735 3666 sit
747 3602 851 3684 plena
861 3602 1000 3684 gaudio.
1035 3605 1093 3666 [4.]
1120 3599 1338 3664 Secundum:
1364 3599 1435 3664 Sed

305 3697 400 3781 quad
411 3697 587 3782 haecfides
602 3698 650 3762 sit
664 3719 707 3762 ex
717 3699 911 3782 ignorantia
922 3709 1034 3763 status
1047 3697 1251 3780 spiritualis,
1263 3697 1325 3781 qui
1332 3707 1438 3780 pror·

305 3817 367 3861 sas
386 3797 541 3861 diversus
558 3806 610 3860 est
627 3816 650 3861 a
666 3806 760 3861 statu
782 3797 944 3862 naturali.
990 3797 1043 3861 De
1063 3807 1158 3862 statu
1182 3796 1360 3878 spirituali,
1382 3797 1439 3881 qui

304 3905 363 3960 est
383 3904 495 3960 status
510 3895 659 3959 hominis
678 3905 759 3977 post
778 3906 938 3972 mortem,
956 3917 1057 3978 supra
1081 3895 1199 3960 multis
1216 3896 1251 3958 in
1274 3894 1360 3959 locis
1378 3914 1438 3958 ac·

306 4004 383 4059 tum
400 4004 475 4074 est3
499 4003 536 4060 et
552 4004 743 4067 ostensum,
762 3995 854 4076 quod
871 3996 1100 4077 unusquisque
1117 3995 1161 4058 sit
1178 4015 1258 4056 suus
1274 4013 1381 4068 amor,
1401 4001 1439 4058 et

304 4093 400 4175 quod
424 4111 528 4157 nemo
550 4093 663 4175 possit
683 4093 798 4155 vivere
821 4110 899 4155 cum
923 4092 997 4155 aliis
1021 4111 1124 4174 quam
1143 4109 1220 4156 cum
1239 4090 1306 4154 illis
1325 4091 1381 4176 qui
1403 4092 1438 4156 in

304 4190 409 4254 simili
432 4210 548 4255 amore
568 4199 659 4266 sunt,
679 4198 716 4254 et
734 4189 826 4273 quod
845 4190 874 4252 si
892 4190 935 4253 ad
958 4190 1045 4253 alios
1063 4191 1171 4266 venit,
1185 4210 1254 4254 non
1271 4191 1438 4272 respirare

307 4289 418 4369 possit
437 4307 534 4352 suam
553 4290 669 4352 vitam.
715 4286 802 4350 Inde
821 4296 887 4362 est,
906 4286 998 4369 quod
1018 4287 1161 4371 quisque
1183 4298 1266 4371 post
1288 4295 1437 4352 mortem

307 4385 424 4448 veniat
443 4385 477 4447 in
497 4383 702 4448 societatem
720 4401 868 4457 suorum,
889 4384 946 4466 qui
964 4392 1047 4447 sunt
1065 4385 1122 4467 qui
1144 4383 1179 4448 in
1198 4384 1301 4448 simili
1319 4400 1437 4446 amore

304 4491 399 4556 sunt,
421 4491 456 4546 et
473 4480 566 4565 quod
584 4481 649 4544 hos
665 4491 857 4561 cognoscat
876 4483 964 4546 sicut
984 4478 1106 4548 affines
1122 4491 1158 4546 et
1175 4481 1264 4547 sicut
1283 4482 1436 4558 amicos;

302 4586 343 4641 et
366 4578 458 4661 quod
478 4577 599 4640 mirum
619 4584 685 4650 est,
706 4593 783 4638 curn
803 4577 880 4641 illos
899 4579 1062 4642 convenit
1086 4587 1122 4642 et
1145 4578 1253 4653 videt,
1273 4587 1328 4641 est
1346 4577 1438 4641 sicut

302 4671 385 4737 illos
397 4671 442 4736 ab
453 4669 599 4736 infantia
610 4669 855 4752 cognovisset;
878 4683 933 4737 est
949 4672 1098 4737 affinitas
1114 4684 1150 4738 et
1166 4673 1319 4738 amicitia
1338 4673 1437 4754 spiri·
