3418 5370
465 703 516 756 DE
540 703 677 755 DIVINA
704 703 1062 756 PROVIDENTIA.-N.
1084 710 1154 775 320.
1310 697 1376 778 269

246 887 303 943 tae
333 885 542 952 antrorsum,
571 875 662 957 apud
692 876 803 941 malos
833 887 951 960 autem
981 888 1191 960 retrorsum,
1223 891 1259 946 et
1288 901 1377 964 quae

247 975 397 1056 spinatae
416 981 497 1037 sunt
516 983 725 1049 antrorsum,
746 994 866 1038 versae
883 984 963 1039 sunt
986 975 1031 1038 ad
1055 975 1253 1053 Dominum,
1273 987 1309 1041 et
1333 977 1377 1041 ab

248 1070 329 1152 Ipso
345 1069 514 1151 recipiunt
533 1067 720 1148 influxum;
746 1077 783 1133 at
803 1090 891 1154 quae
910 1071 1061 1151 spiratae
1077 1082 1158 1135 sunt
1174 1083 1375 1150 retrorsum,

247 1185 365 1228 versae
385 1174 465 1228 sunt
481 1164 526 1228 ad
545 1164 724 1239 infernum,
743 1174 779 1228 et
798 1165 878 1227 inde
894 1165 1065 1248 recipiunt
1081 1165 1256 1230 influxum.
1302 1166 1375 1232 Sci·

247 1259 373 1324 endum
392 1268 458 1337 est,
479 1261 571 1344 quod
590 1270 758 1342 quantum
778 1271 964 1324 retrorsum
982 1281 1103 1324 versae
1127 1271 1219 1338 sunt,
1239 1271 1376 1328 tantum

247 1377 267 1420 a
285 1366 386 1439 tergo
405 1367 547 1438 apertae
566 1356 646 1429 sint,
664 1365 700 1419 et
720 1377 740 1419 a
759 1356 844 1420 facie
864 1355 1021 1434 clausae;
1045 1377 1085 1436 ac
1105 1358 1265 1434 vicissim,
1283 1360 1375 1442 quod

247 1461 415 1536 quantum
438 1462 633 1516 antrorsum
657 1472 777 1515 versae
801 1461 894 1526 sunt,
920 1461 1058 1516 tanturn
1081 1473 1102 1516 a
1124 1453 1210 1518 facie
1234 1466 1376 1537 apertae

247 1548 327 1621 sint,
352 1558 389 1611 et
416 1566 436 1609 a
467 1546 570 1628 tergo
599 1545 747 1610 clausae.
794 1550 852 1610 [4.]
883 1545 941 1610 Ex
971 1547 1024 1609 his
1054 1557 1214 1613 constare
1244 1558 1375 1631 potest,

247 1643 357 1725 qualis
376 1642 486 1706 forma
504 1663 564 1706 seu
583 1641 685 1725 quale
705 1661 873 1724 organum
893 1653 947 1707 est
967 1643 1073 1706 homo
1093 1643 1214 1721 malus,
1234 1653 1270 1709 et
1292 1666 1376 1729 qua·

248 1737 289 1801 lis
311 1738 421 1802 forma
443 1758 504 1802 seu
527 1739 628 1822 quale
652 1757 821 1820 organum
844 1746 898 1801 est
920 1738 1025 1802 homo
1049 1741 1170 1815 bonus,
1190 1741 1282 1824 quod
1306 1742 1377 1807 sint

246 1833 281 1897 in
300 1835 476 1898 contrario
491 1855 613 1912 versu;
637 1843 673 1898 et
696 1835 775 1917 quia
790 1855 908 1896 versus
928 1834 1036 1899 semel
1055 1834 1214 1900 induoius
1233 1856 1303 1901 non
1322 1857 1376 1902 re·

248 1929 399 2013 torqueri
419 1940 551 2012 potest,
572 1939 684 2012 patet,
701 1929 793 2013 quod
813 1928 924 2012 qualis
943 1943 998 1995 est
1022 1951 1100 1994 cum
1120 1933 1273 2008 moritur,
1294 1932 1377 1997 talis

248 2037 449 2107 permaneat
483 2027 516 2088 in
544 2036 735 2090 aeternum.
781 2024 893 2090 Amor
919 2026 1111 2091 voluntatis
1134 2027 1282 2093 hominis
1308 2039 1375 2106 est,

248 2123 304 2204 qui
326 2122 407 2186 facit
426 2122 523 2186 illurn
541 2142 689 2198 versum,
710 2143 770 2186 seu
790 2124 846 2206 qui
866 2124 1038 2187 convertit
1063 2134 1098 2187 et
1122 2125 1274 2204 invertit,
1296 2145 1376 2190 nam

248 2227 284 2281 ut
308 2238 411 2299 supra
429 2216 559 2282 dietum
579 2228 645 2294 est,
665 2221 808 2300 quisque
828 2218 934 2282 homo
957 2231 1012 2284 est
1036 2241 1116 2284 suus
1139 2241 1245 2285 amor.
1291 2222 1376 2286 Inde

248 2323 312 2388 est,
337 2313 430 2398 quod
454 2316 596 2398 quisque
620 2324 699 2398 post
724 2326 871 2378 mortem
894 2325 953 2380 eat
980 2317 1072 2380 viam
1095 2320 1222 2381 amoris
1249 2320 1311 2392 sui,
1331 2319 1376 2381 ad

248 2410 383 2475 caelum
398 2411 455 2495 qui
472 2411 506 2474 in
522 2430 640 2474 amore
654 2411 747 2474 bono
763 2421 828 2484 est,
843 2419 879 2474 et
896 2411 940 2474 ad
956 2411 1123 2476 infernum
1137 2415 1194 2497 qui
1208 2415 1243 2476 in
1259 2434 1376 2478 amore

248 2505 340 2570 maio
356 2516 430 2585 est;
455 2525 519 2570 nec
532 2507 677 2590 quiescit
691 2525 793 2588 quam
809 2507 843 2568 in
860 2505 920 2569 ilia
936 2509 1106 2571 societate
1124 2509 1179 2571 ubi
1196 2508 1267 2589 ejus
1280 2529 1377 2573 amor

247 2621 397 2684 regnans
416 2612 493 2666 est:
518 2612 554 2666 et
574 2602 666 2686 quod
686 2603 808 2665 mirum
828 2613 893 2677 est,
910 2605 1053 2687 quisque
1073 2604 1169 2668 novit
1185 2606 1297 2684 viam;
1321 2614 1376 2671 est

248 2699 338 2763 sicut
359 2698 497 2768 naribus
517 2697 640 2762 odoret
660 2696 764 2761 iliam.

310 2808 412 2878 32⁰.
445 2791 519 2875 (iv.)
547 2791 644 2870 Quod
655 2793 690 2856 si
701 2791 797 2855 homo
811 2793 961 2856 crederet
972 2794 1058 2858 srkut
1072 2795 1201 2860 verz‘tas
1216 2806 1276 2873 est,
1290 2795 1382 2878 quod

247 2887 473 2952 omnebonum
491 2897 524 2950 et
545 2907 661 2950 verum
676 2886 723 2950 sit
740 2909 762 2950 a
780 2887 931 2964 Domino,
949 2910 987 2952 ac
1001 2911 1093 2954 omne
1110 2890 1235 2954 malum
1252 2901 1285 2954 et
1297 2891 1375 2970 fal·

247 3003 322 3046 sum
343 2981 386 3045 ab
404 2981 545 3061 infimo,
565 3002 628 3044 non
644 2982 888 3064 appropriant
906 2983 976 3046 sibi
988 2984 1115 3058 bonum,
1132 2995 1165 3048 et
1185 2985 1226 3048 id
1240 2986 1375 3048 merito*-

247 3079 336 3142 rium
345 3078 488 3157 faceret,
509 3097 565 3139 nec
582 3077 827 3158 appropriant
844 3077 915 3141 sibi
927 3077 1062 3154 malum,
1080 3100 1118 3142 ac
1139 3100 1175 3142 se
1196 3101 1291 3143 rcum
1306 3081 1377 3162 ejus

170 3182 174 3191 '
238 3171 494 3254 faceret—Sed
511 3173 597 3236 haec
615 3174 693 3256 quia
706 3182 786 3236 sunt
801 3183 922 3236 contra
935 3173 1037 3237 fidem
1050 3175 1197 3246 illorum,
1212 3177 1268 3257 qui
1284 3174 1376 3257 apud

247 3290 284 3334 se
301 3267 592 3332 confirmaverunt
609 3269 861 3348 apparentiam,
879 3268 971 3351 quod
987 3271 1158 3352 sapientia
1174 3279 1209 3332 et
1227 3271 1375 3351 pruden··

247 3366 297 3430 tia
319 3366 363 3428 ab
385 3365 525 3428 homine
544 3365 622 3438 sint,
642 3373 678 3427 et
703 3384 772 3426 non
795 3363 938 3428 influant
957 3366 1145 3427 secundum
1165 3375 1296 3428 statum
1320 3387 1375 3429 or·

246 3461 478 3544 ganizationis
502 3461 630 3524 mentis
653 3479 783 3534 eorum,
806 3457 865 3542 (de
888 3481 955 3543 qua
977 3480 1061 3523 mox
1085 3482 1198 3542 supra,
1228 3482 1258 3524 n.
1286 3461 1375 3546 319,)

239 3557 325 3621 ideo
341 3556 615 3619 demonstranda
627 3565 707 3618 sunt
723 3575 730 3617 :
756 3555 850 3638 quod
866 3564 903 3618 ut
917 3554 976 3618 fiat
989 3553 1162 3632 distintte,
1177 3558 1241 3621 erit
1259 3559 1292 3620 in
1309 3558 1375 3622 hoc

247 3653 367 3716 ordine
380 3649 496 3734 1-(1.)
533 3649 636 3734 Quod
660 3650 717 3734 qui
741 3648 924 3714 confirmat
943 3652 1034 3733 apud
1058 3673 1095 3715 se
1122 3655 1374 3736 apparentiam,

246 3747 338 3831 quod
358 3748 528 3829 sapientia
547 3756 583 3811 et
603 3747 788 3828 prudentia
803 3747 871 3810 sint
891 3748 935 3810 ab
951 3747 1089 3812 homine
1108 3759 1144 3812 et
1164 3750 1243 3813 inde
1263 3751 1295 3812 in
1316 3750 1377 3814 illo

247 3852 284 3906 ut
309 3841 391 3923 ejus,
413 3862 483 3905 non
506 3842 624 3906 videre
648 3843 758 3924 possit
773 3834 898 3917 aliter,
918 3862 1021 3925 quam
1041 3844 1132 3926 quod
1156 3844 1283 3927 alioqui
1307 3866 1376 3910 non

245 3937 334 4002 soret
351 3938 467 4014 homo,
485 3936 619 4002 sedvel
638 3938 762 4012 bestia,
779 3936 836 4000 vel
852 3937 1014 4020 sculptile
1029 3961 1037 4016 ;
1062 3959 1139 4003 curn
1157 3951 1274 4003 tamen
1292 3961 1375 4004 con·

246 4035 387 4098 trarium
410 4042 474 4098 est.
521 4031 582 4117 (2.)
608 4030 711 4116 Quod
734 4031 875 4097 credere
898 4043 935 4098 et
958 4036 1114 4116 cogitare
1138 4036 1226 4099 sicut
1247 4039 1376 4102 veritas

246 4137 312 4203 est,
333 4127 425 4212 quod
444 4148 547 4193 omne
567 4129 694 4193 bonum
714 4136 751 4192 et
773 4146 892 4192 verum
915 4130 961 4192 sit
984 4150 1004 4193 a
1028 4129 1187 4203 Domino,
1209 4150 1249 4194 ac
1273 4153 1376 4197 omne

246 4223 374 4288 malum
398 4233 434 4290 et
456 4223 581 4287 salsum
610 4223 656 4287 ab
677 4223 823 4299 infern0,
849 4233 1015 4306 appareat
1038 4228 1126 4290 sicut
1150 4227 1374 4309 impossibile,

246 4337 324 4384 cum
340 4329 460 4384 tamen
479 4320 513 4383 id
533 4331 587 4384 est
603 4340 684 4384 vere
700 4320 887 4385 humanum
907 4330 943 4384 et
963 4321 1042 4384 inde
1058 4322 1263 4404 angelicum.
1312 4321 1374 4408 (3.)

140 4405 146 4416 ’
246 4411 349 4496 Quod
371 4416 422 4479 ita
440 4415 580 4480 credere
599 4425 637 4480 et
659 4417 814 4498 cogitare
833 4417 877 4480 sit
898 4417 1112 4498 impossibile
1131 4418 1209 4493 iilis,
1230 4418 1287 4502 qui
1306 4437 1376 4482 non

245 4522 443 4591 agnoscunt
467 4511 631 4576 Divinum
654 4511 804 4587 Domini,
829 4522 865 4576 et
889 4513 944 4595 qui
969 4532 1038 4576 non
1062 4524 1258 4595 agnoscunt
1283 4513 1376 4578 maia

245 4625 322 4669 esse
356 4616 521 4688 peccata;
558 4617 595 4670 at
633 4606 724 4689 quod
757 4608 920 4690 possibile
944 4609 990 4671 sit
1020 4608 1099 4680 illis,
1132 4610 1188 4692 qui
1219 4610 1286 4673 duo
1316 4609 1376 4673 illa

245 4711 451 4782 agnoscunt.
499 4699 560 4785 (4.)
594 4700 697 4783 Quod
727 4705 784 4786 qui
818 4705 850 4767 in
882 4705 1012 4768 duabus
1042 4703 1110 4766 iilis
1138 4706 1374 4786 agnitionibus
