3358 5384
474 671 524 720 DE
549 669 683 720 nll'INo
705 669 850 733 AMORE,
871 670 964 720 PARS
987 667 1106 718 IL-N.
1126 667 1193 736 115
1349 669 1391 738 45

269 1037 383 1122 Quoo
404 1053 549 1104 aucam
573 1053 660 1104 sinc
678 1053 719 1103 m
738 1039 910 1114 Domuo,
931 1052 979 1102 nc
1002 1038 1181 1103 Dominus
1204 1051 1245 1101 ru
1268 1051 1389 1116 num

396 1147 446 1198 ar
469 1149 562 1212 Qum
579 1148 724 1200 annam
747 1148 845 1200 suus
868 1146 1126 1208 accuramus,
1147 1146 1251 1210 ouon
1274 1146 1391 1200 sonus

396 1229 577 1294 Dournus
601 1243 660 1295 sis
679 1231 847 1296 Clanum.

330 1429 422 1498 113.
454 1412 596 1478 Caelum
620 1422 764 1478 vocatur
788 1412 1053 1477 “habitaculum
1078 1412 1173 1488 Dei‚''
1195 1423 1231 1478 et
1254 1433 1391 1496 quoque

267 1509 445 1573 “thronus
469 1509 564 1588 Dci,''
587 1520 623 1574 et
646 1511 726 1574 inde
746 1508 897 1573 creditur
919 1507 1011 1592 quod
1035 1508 1129 1572 Deus
1152 1509 1198 1572 ibi
1220 1510 1276 1586 sit,
1301 1509 1390 1572 sicut

266 1613 320 1667 est
344 1625 408 1668 rex
437 1605 471 1667 in
501 1625 563 1669 suo
586 1625 705 1688 regno.
751 1603 819 1669 Sed
851 1604 955 1679 Deus,
976 1603 1041 1667 hoc
1073 1613 1126 1669 est
1157 1603 1335 1680 Dominus,
1355 1605 1389 1667 in

254 1697 347 1763 sole
365 1720 467 1782 supra
487 1700 604 1764 caelos
621 1711 684 1778 est,
705 1710 742 1765 et
761 1720 821 1782 per
841 1701 1072 1781 praesentiam
1090 1699 1201 1782 Ipsius
1220 1702 1254 1764 in
1273 1700 1389 1764 calore

265 1805 302 1858 et
326 1792 402 1859 luce
421 1805 475 1860 est
499 1798 533 1860 in
553 1796 670 1873 caelis,
690 1805 728 1860 ut
750 1797 784 1859 in
807 1795 895 1858 binis
913 1795 1066 1859 articulis
1086 1797 1313 1879 superioribus
1332 1815 1388 1859 os·

266 1900 403 1955 tensum
426 1901 500 1956 est:
534 1902 571 1957 et
594 1891 737 1956 tametsi
759 1891 927 1955 Dominus
951 1911 992 1954 eo
1016 1893 1121 1955 modo
1144 1901 1198 1956 est
1221 1893 1255 1955 in
1278 1890 1388 1967 caelo,

266 2006 371 2069 usque
387 1996 443 2051 est
461 1987 507 2050 ibi
522 1997 561 2052 ut
579 1988 613 2051 in
633 1984 689 2064 Se,
707 2005 787 2051 nam
809 1983 862 2070 (ut
882 2006 965 2050 mox
982 2005 1095 2068 supra,
1113 2007 1145 2050 n.
1168 1989 1310 2050 108-112
1327 1985 1385 2050 de·

266 2091 498 2146 monstratum
515 2081 597 2167 est,)
614 2092 668 2148 est
687 2084 854 2147 distantia
869 2083 961 2145 inter
975 2080 1092 2146 Solem
1111 2092 1147 2147 et
1167 2082 1300 2146 caelum
1319 2103 1388 2146 non

267 2178 444 2254 distantia,
464 2177 527 2242 sed
549 2179 752 2261 apparentia
770 2179 979 2255 distantiae;
1003 2197 1106 2260 quare
1126 2197 1202 2242 cum
1223 2177 1389 2242 distantia

264 2271 325 2336 illa
344 2280 397 2336 est
413 2274 525 2337 solum
544 2274 758 2356 apparentia,
776 2274 929 2355 sequitur
947 2273 1038 2355 quod
1059 2272 1136 2354 Ipse
1155 2272 1324 2336 Dominus
1342 2275 1388 2338 sit

263 2369 300 2430 in
315 2367 424 2445 caelo,
437 2378 493 2432 est
515 2369 606 2432 enim
625 2371 659 2433 in
682 2388 800 2432 amore
816 2378 851 2430 et
875 2367 1046 2449 sapientia
1061 2367 1262 2450 angelorum
1280 2367 1388 2446 caeli;

265 2472 302 2528 et
325 2464 403 2545 quia
426 2475 480 2528 est
504 2464 538 2527 in
561 2484 677 2528 amore
701 2474 738 2528 et
760 2464 930 2546 sapientia
949 2464 1100 2526 omnium
1119 2463 1332 2544 angelorum,
1352 2475 1388 2528 et

265 2559 381 2642 angeli
400 2561 617 2623 constituunt
635 2558 780 2635 caelum,
801 2568 855 2622 est
874 2559 909 2621 in
928 2559 1087 2622 universo
1107 2558 1214 2622 caelo.

329 2669 421 2738 114.
452 2653 554 2737 Quod
571 2654 738 2718 Dominus
755 2675 824 2718 non
841 2654 945 2718 modo
961 2655 1006 2718 sit
1025 2655 1059 2717 in
1076 2653 1184 2730 caelo,
1203 2654 1263 2718 sed
1280 2645 1387 2720 etiam

265 2749 357 2832 quod
375 2750 420 2814 sit
439 2749 549 2833 ipsum
566 2748 719 2825 Caelum,
738 2760 791 2814 est
810 2751 889 2833 quia
907 2769 1004 2813 amor
1020 2758 1056 2813 et
1075 2751 1244 2832 sapientia
1259 2752 1387 2817 faciunt

254 2844 437 2927 angelum,
456 2855 492 2909 et
511 2844 571 2908 illa
590 2846 658 2909 duo
677 2854 757 2909 sunt
776 2845 915 2908 Domini
934 2846 1024 2928 apud
1043 2845 1209 2928 angelos;
1232 2848 1312 2910 inde
1330 2867 1386 2912 se·

264 2941 388 3022 quitur,
408 2939 500 3022 quod
520 2939 688 3003 Dominus
707 2941 752 3003 sit
769 2939 921 3004 Caelum.
965 2939 1095 3022 Angeli
1114 2943 1204 3004 enim
1222 2963 1290 3006 non
1306 2952 1387 3009 sunt

263 3035 380 3117 angeli
409 3055 429 3098 a
458 3037 597 3117 proprio
620 3034 777 3114 illorum;
811 3036 983 3118 proprium
1007 3036 1140 3099 illorum
1165 3047 1219 3101 est
1248 3058 1386 3119 prorsus

264 3131 353 3194 sicut
376 3131 547 3210 proprium
567 3130 727 3218 hominis,
747 3129 839 3212 quod
863 3139 917 3193 est
941 3130 1078 3194 malum.
1124 3129 1225 3212 Quod
1251 3134 1316 3196 hoc
1341 3135 1385 3197 sit

263 3225 437 3307 proprium
455 3224 667 3306 angelorum,
685 3234 739 3288 est
758 3227 837 3308 quia
853 3245 974 3288 omnes
990 3226 1105 3307 angeli
1120 3225 1255 3290 fuerunt
1274 3226 1385 3290 homi-

264 3339 335 3394 nes,
353 3329 389 3383 et
412 3318 445 3382 id
470 3322 643 3402 proprium
664 3341 683 3383 a
703 3321 888 3384 nativitate
905 3320 972 3384 illis
987 3321 1165 3384 inhaeret:
1189 3332 1386 3386 removetur

264 3414 368 3478 modo
384 3437 391 3490 ;
411 3425 446 3478 et
458 3425 623 3497 qnantum
637 3416 670 3477 id
682 3426 888 3491 removetur,
901 3426 1036 3478 tantum
1050 3417 1218 3496 recipiunt
1232 3437 1383 3482 amorem

263 3520 298 3573 et
319 3511 536 3593 sapientiam,
556 3510 621 3574 hoc
644 3520 710 3586 est,
732 3511 915 3573 Dominum
940 3511 972 3572 in
997 3532 1043 3574 se.
1092 3508 1243 3593 Quisque
1267 3522 1385 3594 potest

264 3605 391 3680 videre,
412 3606 439 3669 si
459 3607 564 3669 modo
583 3607 793 3689 aliquantum
815 3607 930 3690 eleuat
948 3603 1174 3680 intellectum,
1195 3611 1285 3690 quod
1312 3610 1383 3673 Do-

265 3702 375 3765 minus
391 3720 460 3766 non
480 3702 590 3784 possit
607 3699 764 3765 habitare
784 3704 845 3765 nisi
866 3722 967 3785 quam
987 3703 1020 3765 in
1040 3723 1102 3766 suo
1121 3704 1210 3784 apud
1228 3706 1383 3787 angelos,

262 3795 329 3862 hoc
353 3807 418 3871 est,
443 3797 477 3860 in
504 3797 641 3879 proprio
664 3817 736 3871 suo,
757 3799 847 3880 quod
871 3808 924 3862 est
949 3797 1059 3862 Amor
1082 3809 1117 3862 et
1142 3797 1326 3882 Sapientia,
1347 3812 1383 3867 et

264 3911 400 3975 prorsus
417 3912 485 3955 non
504 3893 537 3954 in
557 3894 695 3974 proprio
711 3893 923 3974 angelorum,
937 3894 1028 3976 quod
1045 3904 1099 3957 est
1118 3895 1256 3957 malum.
1298 3895 1383 3960 Inde

263 3996 329 4060 est,
343 3988 434 4069 quod
451 3996 617 4070 quantum
635 3999 832 4051 removetur
848 3988 986 4062 malurn,
1000 3999 1137 4053 tantum
1154 3990 1322 4054 Dominus
1338 3991 1383 4056 sit

262 4082 298 4145 in
317 4082 394 4156 illis,
413 4092 448 4145 et
468 4091 605 4145 tantum
623 4082 672 4145 illi
692 4084 760 4146 sint
777 4083 901 4164 angeli.
951 4083 1067 4166 ipsum
1084 4085 1279 4166 angelicum
1296 4086 1382 4150 caeli

262 4186 318 4241 est
347 4177 491 4240 Divinus
521 4175 632 4240 Amor
661 4187 696 4240 et
728 4177 852 4241 Divina
880 4177 1066 4260 Sapientia.
1113 4178 1191 4244 Hoc
1223 4181 1381 4245 Divinum

265 4282 411 4335 vocatur
434 4270 629 4353 angelicum
650 4273 729 4334 dum
754 4283 807 4335 est
832 4275 864 4335 in
883 4275 1028 4356 angelis.
1069 4275 1155 4339 lnde
1178 4277 1303 4340 iterum
1321 4297 1382 4360 pa-

263 4376 326 4442 tet,
347 4366 437 4451 quod
457 4366 572 4448 angeli
596 4368 664 4430 sirt
686 4368 800 4448 angeli
824 4390 844 4430 a
868 4368 1029 4446 Domino,
1052 4381 1087 4434 et
1112 4391 1180 4434 non
1207 4391 1227 4434 a
1250 4381 1382 4452 semet3

264 4473 516 4547 consequenter
535 4463 639 4528 etiam
660 4463 803 4526 caelum.

327 4563 418 4632 113.
448 4545 515 4611 Sed
536 4549 709 4630 quomodo
727 4548 893 4611 Dominus
910 4560 963 4613 est
980 4551 1012 4612 in
1030 4550 1167 4633 angelo,
1185 4561 1220 4615 et
1239 4552 1381 4635 angelus

265 4641 299 4704 in
326 4643 485 4718 Domino,
510 4663 578 4706 non
610 4653 727 4726 potest
752 4644 1006 4726 comprehendi,
1027 4648 1089 4710 nisi
1120 4649 1246 4712 sciatur
1273 4649 1380 4731 qualis
