3358 5384
448 706 499 756 us
523 704 661 756 nrvmo
683 704 827 769 anons,
848 705 941 756 nans
964 705 1083 755 11.-u.
1105 706 1172 773 157.
1329 693 1368 756 6r

248 878 370 942 larium
393 878 428 941 in
452 878 631 957 universo;
659 889 695 943 et
718 879 809 961 quod
832 879 1014 942 diversitas
1037 879 1070 941 in
1094 878 1219 942 creatis
1238 877 1371 942 existat

249 996 295 1037 ex
314 994 368 1050 eo,
389 975 481 1058 quod
503 973 637 1038 infinita
656 975 689 1038 in
709 974 785 1038 Deo
811 973 960 1038 Homine
979 975 1060 1049 sint,
1085 983 1121 1037 et
1149 973 1230 1038 inde
1250 971 1370 1036 indefi-

251 1071 324 1132 nita
341 1070 376 1133 in
390 1066 471 1132 Sole
485 1071 542 1153 qui
555 1078 608 1133 est
625 1071 769 1151 primum
783 1071 972 1150 procedens
991 1070 1035 1133 ab
1051 1070 1142 1152 Ipso,
1164 1078 1200 1133 et
1216 1067 1301 1133 haec
1318 1071 1371 1132 in-

248 1163 392 1228 definita
406 1165 564 1228 existunt
581 1165 669 1229 sicut
685 1167 719 1228 in
732 1166 882 1246 imagine
895 1167 928 1228 in
945 1167 1105 1229 universo
1117 1173 1245 1229 creato.
1284 1162 1371 1227 Inde

247 1269 314 1333 est,
334 1258 426 1343 quod
450 1280 519 1324 non
543 1262 652 1343 possit
675 1261 747 1324 dari
771 1260 894 1324 alicubi
914 1281 1016 1324 unum
1036 1261 1126 1324 idem
1150 1280 1228 1324 cum
1247 1258 1369 1323 altero.

249 1354 335 1419 Inde
354 1363 408 1419 est
426 1356 576 1420 varietas
595 1357 758 1432 omnium,
779 1377 866 1439 quae
884 1357 1015 1420 sistitur
1033 1375 1149 1420 coram
1173 1354 1281 1419 oculis
1304 1371 1371 1417 una

247 1469 325 1514 cum
347 1451 463 1534 spatio
485 1452 519 1514 in
543 1452 670 1515 mundo
690 1452 848 1526 naturali,
869 1461 905 1516 et
928 1453 961 1514 in
985 1451 1188 1534 apparentia
1211 1450 1313 1531 spatii
1336 1450 1370 1512 in

247 1547 379 1611 mundo
396 1545 587 1631 spirituali:
612 1567 652 1610 ac
671 1547 821 1611 varietas
840 1557 894 1611 est
914 1548 1146 1611 communium
1166 1555 1202 1610 et
1225 1554 1279 1609 est
1299 1544 1369 1607 sin-

245 1641 426 1724 gularium.
473 1641 570 1705 Haec
593 1652 674 1706 sunt
697 1663 784 1725 quae
807 1644 841 1705 in
866 1642 976 1704 Prima
1000 1641 1100 1704 Parte
1125 1650 1205 1705 sunt
1224 1641 1369 1703 demon·

245 1747 377 1801 strata:
409 1745 457 1813 ut,
477 1734 579 1819 Quod
602 1737 636 1799 in
660 1735 737 1801 Deo
757 1736 907 1801 Homine
927 1736 1066 1800 Infinita
1084 1733 1246 1800 distinete
1266 1753 1370 1796 unum

246 1831 316 1895 sint
334 1829 382 1914 (n.
403 1829 540 1915 17-22):
574 1829 677 1914 Quod
694 1833 808 1896 omnia
825 1833 859 1896 in
876 1833 1036 1895 universo
1055 1853 1074 1895 a
1093 1831 1219 1895 Divino
1238 1830 1372 1893 Amore

246 1937 283 1991 et
306 1926 433 1990 Divina
455 1925 633 2012 Sapientia
651 1936 767 1992 creata
790 1928 860 1992 sint
881 1925 929 2010 (n.
952 1941 1000 2009 52,
1024 1925 1099 2011 53):
1132 1925 1232 2008 Quod
1254 1927 1370 1991 omnia

245 2022 280 2086 in
299 2024 458 2087 universo
474 2031 590 2088 creato
608 2024 678 2087 sint
699 2023 815 2087 Divini
834 2023 975 2087 Amoris
998 2035 1034 2087 et
1058 2023 1204 2086 Divinae
1224 2022 1368 2105 Sapien-

246 2119 317 2182 tiae
340 2117 405 2182 Dei
429 2117 589 2182 Hominis
612 2119 815 2202 recipientia
835 2117 886 2204 (n.
906 2117 1045 2201 54-60):
1078 2117 1180 2200 Quod
1206 2119 1369 2181 Divinum

245 2233 316 2277 non
332 2215 377 2278 sit
392 2215 427 2277 in
443 2215 555 2298 spatio
573 2212 621 2297 (n.
638 2212 759 2298 7-10):
792 2213 894 2296 Quod
914 2214 1076 2277 Divinum
1093 2213 1235 2295 impleat
1252 2215 1370 2277 omnia

244 2309 359 2391 spatia
376 2309 504 2393 absque
523 2311 638 2393 spatio
658 2308 705 2393 (n.
724 2308 865 2394 69-72):
899 2308 1000 2391 Quod
1021 2309 1182 2372 Divinum
1202 2309 1236 2372 in
1256 2310 1367 2372 maxi·

245 2406 310 2469 mis
328 2415 364 2469 et
384 2406 531 2469 minimis
550 2407 595 2470 sit
614 2406 705 2470 idem
726 2403 773 2490 (n.
789 2403 926 2508 27-82).

307 2504 405 2586 156.
436 2501 574 2566 Creatio
590 2502 738 2567 universi
758 2512 794 2566 et
814 2504 966 2566 omnium
983 2501 1054 2584 ejus
1073 2522 1142 2566 non
1162 2503 1228 2566 dici
1248 2513 1368 2587 potest

243 2592 334 2661 iacta
352 2617 372 2660 a
394 2597 509 2679 spatio
527 2597 570 2661 ad
594 2599 752 2680 spatium,
773 2617 836 2661 nec
858 2619 879 2661 a
903 2607 1060 2680 tempore
1079 2597 1123 2661 ad
1148 2607 1296 2681 tempus,
1317 2599 1367 2664 ita

243 2693 460 2774 progressive
479 2702 515 2757 et
534 2693 737 2768 successive,
758 2693 819 2756 sed
838 2693 882 2756 ab
905 2692 1064 2757 Aeterno
1083 2703 1119 2757 et
1142 2694 1186 2757 ab
1206 2693 1366 2773 Infinit03

243 2808 314 2852 non
333 2789 377 2852 ab
396 2797 540 2853 aeterno
559 2789 736 2870 temporis,
754 2790 832 2872 quia
850 2787 915 2852 hoc
937 2808 1006 2852 non
1025 2789 1136 2862 datur,
1155 2789 1215 2853 sed
1233 2789 1277 2852 ab
1293 2789 1366 2867 Ae·

242 2894 345 2948 terno
364 2903 433 2947 non
452 2884 628 2966 temporis,
648 2883 714 2947 hoc
734 2885 824 2947 enim
844 2894 898 2947 est
921 2885 1013 2948 idem
1033 2903 1110 2947 cum
1130 2883 1278 2962 Divino;
1303 2903 1367 2950 nec

240 2979 288 3044 ab
306 2978 440 3044 infinito
457 2981 573 3061 spatii,
594 2979 757 3062 quiahoc
777 2999 840 3043 nec
860 2980 973 3054 datur,
994 2979 1055 3043 sed
1074 2979 1118 3042 ab
1137 2978 1278 3044 Infinito
1297 3000 1367 3045 non

242 3075 356 3156 spatii,
377 3075 469 3157 quod
488 3075 593 3139 etiam
612 3083 667 3140 est
683 3075 773 3139 idem
793 3094 871 3139 cum
891 3074 1027 3139 Divino.
1072 3072 1151 3138 Scio
1169 3074 1260 3157 quod
1280 3075 1366 3140 haec

241 3171 492 3234 transcendant
520 3170 615 3234 ideas
642 3171 896 3252 cogitationum
926 3191 1014 3253 quae
1044 3180 1124 3234 sunt
1154 3171 1188 3232 in
1219 3170 1367 3234 naturali

242 3265 329 3339 luce,
350 3266 412 3329 sed
432 3285 499 3329 non
520 3267 770 3330 transcendunt
789 3266 886 3330 ideas
904 3267 1158 3348 cogitationum
1178 3275 1366 3346 quaesunt

240 3361 276 3424 in
295 3361 461 3443 spirituali
482 3360 567 3437 luce,
589 3363 622 3424 in
641 3361 695 3424 his
714 3363 805 3425 enim
825 3361 909 3426 nihil
929 3361 1032 3444 spatii
1048 3370 1084 3425 et
1103 3361 1269 3442 temporis
1288 3370 1365 3427 est:

241 3457 347 3520 immo
367 3478 430 3520 nec
450 3458 552 3538 plane
572 3459 822 3522 transcendunt
842 3459 876 3520 in
896 3458 971 3521 luce
991 3455 1163 3534 naturali;
1187 3475 1267 3520 nam
1287 3475 1365 3522 cum

241 3551 376 3628 dicitur,
402 3555 493 3636 quod
516 3553 686 3617 infinitum
710 3554 812 3636 spatii
836 3574 905 3618 non
930 3545 1039 3630 detur,
1064 3552 1130 3616 hoc
1154 3553 1295 3636 quisque
1319 3575 1365 3619 ex

240 3649 376 3712 ratione
395 3649 565 3727 affirmat;
595 3649 706 3712 simile
734 3659 788 3712 est
816 3669 893 3713 cum
916 3661 1070 3726 aeterno,
1090 3649 1159 3712 hoc
1188 3651 1279 3714 enim
1309 3659 1366 3716 est

241 3743 412 3808 infinitum
432 3747 607 3826 temporis.
654 3742 688 3808 Si
712 3745 836 3808 dicitur
858 3745 893 3808 in
915 3756 1094 3821 aeternum,
1114 3744 1181 3808 hoc
1205 3764 1364 3829 compre-

229 3840 404 3905 ·henditur
420 3863 440 3905 a
452 3852 608 3924 tempore
620 3863 628 3920 ;
645 3861 714 3904 non
727 3851 843 3904 autem
856 3841 899 3905 ab
910 3851 1052 3918 aeterno,
1068 3843 1130 3905 nisi
1146 3852 1365 3906 removeatur

240 3947 389 4018 tempus,

241 4220 357 4305 Quor>
388 4236 458 4288 soc
495 4237 622 4288 uuum
660 4236 881 4289 Narunmns
917 4237 977 4288 sm
1014 4237 1133 4290 sunus
1164 4237 1280 4300 roms,
1312 4238 1361 4288 m·

367 4333 681 4398 1anuonruu83
706 4334 754 4384 ar
773 4333 877 4398 Quou
895 4334 1178 4398 NATURA,QU1A
1201 4335 1252 4384 nx
1271 4334 1362 4385 mco

368 4429 463 4478 soca
486 4428 603 4479 nucrr
627 4428 830 4490 omcrmsn,
855 4429 913 4480 sm
937 4429 1109 4480 monson.

305 4614 397 4684 157.
428 4600 506 4681 Ipsa
523 4601 652 4664 creatio
672 4621 714 4663 ne
734 4600 839 4663 hilum
861 4611 976 4683 potest
994 4601 1142 4664 adscribi
1161 4600 1225 4664 soli
1245 4601 1361 4664 mundi

240 4694 420 4770 naturalis,
440 4696 501 4758 sed
525 4696 635 4758 omnis
655 4693 726 4758 Soli
750 4697 864 4759 mundi
888 4696 1097 4778 spiritualis;
1125 4696 1285 4779 quoniam
1309 4694 1361 4758 sol
