3410 5382
493 685 544 736 na
570 683 708 736 orvmn
732 681 1088 736 rnovrnanam-n.
1112 685 1179 753 137.
1358 689 1399 756 93

271 857 309 924 fit
333 877 429 924 amor
452 857 544 923 vitae
567 877 698 934 eorum,
719 858 782 921 sub
805 877 872 941 quo
894 855 1036 940 reliqua,
1057 876 1145 941 quae
1168 877 1229 941 per
1246 856 1399 943 jucunda

271 956 495 1030 intraverunt,
507 953 734 1018 subordinata
746 962 919 1018 tenentur.
966 963 1024 1026 [7.]
1049 951 1128 1017 Hoc
1141 952 1191 1030 fit,
1205 955 1284 1036 quia
1296 973 1399 1020 omne

270 1047 471 1115 intellectus
497 1061 534 1113 et
564 1050 755 1114 voluntatis
779 1048 995 1113 formandum
1025 1058 1079 1112 est
1110 1069 1170 1132 per
1200 1059 1398 1129 externum,

270 1157 457 1229 antequam
477 1147 645 1211 formatur
663 1167 724 1230 per
744 1147 918 1210 internum
933 1165 941 1222 ;
957 1161 1069 1246 'omne
1089 1146 1180 1208 enim
1199 1143 1400 1210 intellectus

269 1250 306 1306 et
337 1241 528 1306 voluntatis
551 1241 720 1306 formatur
736 1241 882 1325 primum
906 1260 966 1324 per
989 1239 1050 1303 illa
1072 1261 1160 1324 quae
1183 1240 1315 1305 intrant
1338 1261 1400 1325 per

270 1357 390 1402 sensus
409 1339 573 1422 corporis,
594 1338 759 1421 imprimis
782 1357 844 1420 per
863 1336 973 1398 visum
997 1346 1032 1398 et
1055 1336 1232 1402 auditum:
1259 1345 1296 1400 at
1320 1357 1398 1403 cum

269 1434 396 1515 primus
420 1430 619 1498 intellectus
643 1443 678 1497 et
709 1433 819 1517 prima
841 1431 1004 1496 voluntas
1027 1431 1176 1496 formata
1197 1442 1290 1509 sunt,
1313 1442 1397 1497 tunc

269 1528 441 1593 internum
461 1529 688 1612 cogitationis
707 1526 842 1611 spectat
864 1527 923 1590 illa
947 1539 985 1592 ut
1008 1537 1158 1592 externa
1175 1529 1399 1610 cogitationis

269 1643 361 1700 suae,
382 1634 416 1688 et
434 1625 489 1687 vel
510 1624 689 1708 conjungit
708 1644 746 1686 se
763 1643 840 1687 cum
860 1622 938 1698 illis,
958 1621 1014 1686 vel
1034 1634 1172 1706 separat
1193 1645 1229 1688 se
1248 1624 1293 1688 ab
1308 1624 1397 1705 illis;

268 1719 446 1803 conjungit
471 1741 507 1783 se
530 1739 608 1784 cum
639 1720 705 1784 illis
732 1720 760 1783 si
784 1718 934 1803 jucunda
957 1729 1047 1795 sunt,
1071 1731 1107 1782 et
1130 1730 1269 1802 separat
1292 1741 1329 1784 se
1352 1719 1398 1786 ab

267 1814 334 1879 illis
353 1817 381 1879 si
401 1837 469 1881 non
487 1826 577 1880 sunt.
625 1829 682 1892 [8.]
713 1814 765 1880 At
781 1815 889 1899 probe
905 1815 1083 1878 sciendum
1099 1825 1164 1892 est,
1181 1816 1273 1899 quod
1289 1817 1398 1882 inter·

270 1930 350 1974 num
374 1909 572 1976 intellectus
593 1931 661 1975 non
679 1911 869 1994 conjungat
888 1931 925 1975 se
942 1930 1019 1974 cum
1038 1912 1176 1974 interno
1192 1912 1396 1992 voluntatis,

268 2008 330 2072 sed
348 2009 440 2091 quod
459 2011 634 2073 internum
657 2008 851 2073 voluntatis
880 2028 917 2070 se
941 2006 1129 2090 conjungat
1159 2027 1238 2072 cum
1261 2010 1397 2079 interno

269 2100 478 2181 intellectus,
497 2124 538 2168 ac
563 2103 666 2169 saciat
686 2114 724 2169 ut
745 2101 941 2186 conjunitio
961 2104 1135 2184 reciproca
1154 2104 1222 2184 sit;
1247 2106 1307 2168 sed
1328 2107 1395 2173 hoc

268 2196 307 2264 fit
323 2199 367 2263 ab
382 2201 518 2265 interno
531 2200 733 2277 voluntatis,
748 2211 784 2266 et
801 2222 843 2264 ne
857 2199 964 2263 hilum
981 2199 1025 2262 ab
1037 2201 1173 2265 interno
1187 2199 1395 2276 intellectus·

269 2294 355 2359 Inde
371 2309 436 2372 est,
450 2297 542 2380 quod
561 2297 666 2360 homo
684 2317 752 2360 non
769 2317 830 2381 per
845 2295 955 2361 solam
967 2294 1069 2360 fidem
1082 2298 1192 2378 possit
1208 2297 1394 2379 reformari,

267 2391 329 2455 sed
362 2412 424 2475 per
451 2412 605 2456 amorem
639 2393 840 2468 voluntatis,
872 2393 929 2477 qui
962 2391 1044 2456 iacit
1075 2392 1140 2456 sibi
1176 2391 1288 2456 fidem.
1335 2398 1394 2461 [9.]

268 2485 413 2570 Quarto,
430 2486 529 2565 Quod
542 2487 639 2553 detur
653 2489 822 2551 internum
839 2487 986 2551 coactum
1004 2507 1043 2550 ac
1059 2487 1226 2552 internum
1242 2487 1393 2566 libarunt.

267 2585 488 2651 -Internum
506 2581 663 2649 coactum
681 2585 782 2648 datur
794 2584 885 2667 apud
902 2582 992 2659 illos,
1006 2585 1062 2666 qui
1078 2585 1113 2647 in
1129 2582 1206 2648 solo
1218 2584 1313 2648 cultu
1329 2606 1394 2649 ex·

268 2689 369 2744 terno
388 2691 423 2745 et
448 2680 543 2744 nullo
562 2681 699 2744 interno
719 2690 818 2758 sunt;
843 2680 1015 2743 internum
1035 2698 1152 2743 eorum
1171 2681 1262 2743 enim
1282 2690 1336 2746 est
1358 2678 1394 2745 id

267 2779 423 2861 cogitare
439 2786 475 2842 et
495 2777 596 2854 velle,
614 2779 658 2841 ad
677 2778 769 2861 quod
786 2786 971 2840 externum
984 2777 1127 2859 cogitur.
1174 2776 1221 2841 Hi
1236 2789 1317 2842 sunt
1336 2779 1394 2862 qui

266 2875 300 2938 in
320 2873 415 2939 cultu
433 2875 612 2938 hominum
631 2875 786 2937 vivorum
806 2883 842 2936 et
863 2883 1074 2937 mortuorum
1094 2882 1186 2949 sunt,
1206 2883 1242 2939 et
1261 2873 1341 2938 inde
1358 2875 1394 2939 in

267 2969 362 3034 cultu
385 2969 566 3045 idolorum,
592 2969 693 3053 inque
720 2968 787 3032 fide
815 2968 1076 3046 miraculorum
1111 2968 1202 3050 apud
1232 2968 1296 3033 hos
1323 2989 1393 3035 non

267 3065 369 3129 datur
395 3064 487 3128 aliud
517 3066 699 3141 internum,
729 3084 830 3148 quam
863 3064 953 3147 quod
984 3064 1084 3128 simul
1114 3074 1299 3129 externum
1326 3075 1392 3132 est.

267 3159 372 3243 Apud
385 3160 464 3224 illos
478 3170 595 3224 autem
607 3161 663 3244 qui
676 3161 710 3224 in
726 3161 863 3224 interno
876 3159 988 3224 cultus
1000 3171 1092 3236 sunt,
1107 3161 1208 3225 datur
1218 3161 1393 3226 internum

267 3253 446 3335 coactum
463 3275 567 3319 unum
591 3278 636 3321 ex
660 3257 795 3331 timore,
817 3265 854 3320 et
877 3255 1023 3319 alterum
1047 3277 1092 3319 ex
1114 3273 1251 3319 amore:
1285 3257 1394 3320 inter·

267 3373 348 3416 num
368 3348 526 3417 matium
546 3372 592 3415 ex
612 3351 747 3426 timore,
768 3361 822 3415 est
842 3351 931 3434 apud
951 3350 1040 3426 illos,
1060 3351 1116 3433 qui
1139 3351 1174 3414 in
1197 3349 1293 3414 cultu
1312 3360 1393 3419 sunt

267 3469 312 3512 ex
326 3449 449 3512 timore
463 3447 634 3511 cruciatus
650 3447 769 3510 inferni
786 3456 822 3512 et
838 3445 908 3529 ejus
925 3447 1035 3528 ignis;
1059 3446 1120 3510 sed
1137 3445 1202 3509 hoc
1219 3447 1393 3513 internum

267 3553 406 3608 nonest
426 3545 597 3606 internum
615 3543 850 3624 cogitationis,
868 3544 910 3606 de
927 3563 995 3626 quo
1010 3543 1102 3625 prius
1118 3539 1232 3605 actum
1248 3552 1314 3619 est,
1331 3540 1394 3610 sed

267 3649 451 3704 externum
468 3639 705 3721 cogitationis,
720 3639 811 3722 quod
827 3639 883 3702 hic
899 3640 1229 3703 vocaturinternum
1242 3640 1321 3722 quia
1336 3647 1392 3706 est

268 3735 510 3817 cogitationis:
542 3734 715 3798 internum
739 3735 975 3816 cogitationis,
996 3735 1039 3798 de
1066 3756 1133 3817 quo
1157 3735 1249 3816 prius
1276 3732 1392 3802 actum

266 3840 332 3903 est,
349 3850 418 3892 non
438 3838 557 3911 potest
574 3831 651 3911 cogi
671 3829 715 3892 ab
733 3829 848 3912 aliquo
865 3831 1008 3906 timore;
1033 3830 1094 3894 sed
1114 3838 1231 3912 potest
1250 3832 1330 3913 cogi
1348 3831 1393 3895 ab

265 3945 382 3990 amore
405 3935 441 3988 et
463 3947 483 3988 a
506 3926 630 3990 timore
650 3922 802 4007 jacturae
822 3923 903 4006 ejus.
948 3923 1067 3990 Timor
1090 3925 1155 3990 Dei
1184 3927 1219 3990 in
1242 3928 1392 4009 genuino

266 4041 370 4084 sensu
389 4040 460 4084 non
478 4019 571 4083 aliud
590 4030 656 4084 est.
701 4018 789 4103 Cogi
808 4021 853 4084 ab
872 4041 987 4084 amore
1006 4031 1043 4085 et
1061 4042 1082 4084 a
1101 4023 1225 4086 timore
1238 4019 1392 4103 jatturae

266 4115 348 4198 ejus,
372 4125 428 4181 est
457 4117 683 4198 semetipsum
711 4135 858 4197 cogere;
892 4116 984 4200 quod
1015 4117 1242 4198 semetipsum
1265 4135 1392 4198 cogere

267 4232 336 4274 non
369 4212 415 4276 sit
448 4219 572 4275 contra
606 4210 805 4279 libertatem
838 4219 875 4277 et
905 4211 1193 4289 rationalitatem,
1220 4211 1393 4278 videbitur

265 4304 362 4372 infra.

331 4417 423 4487 ¹37·
452 4403 510 4468 Ex
525 4401 579 4468 his
595 4413 902 4488 constare'potest,
915 4406 1025 4489 qualis
1042 4416 1096 4470 est
1112 4404 1227 4470 cultus
1239 4402 1392 4487 coactus,

266 4507 303 4562 et
327 4497 441 4563 cultus
463 4519 533 4563 non
555 4497 707 4564 coactus.
753 4500 874 4566 Cultus
891 4499 1030 4565 coattus
1054 4511 1108 4567 est
1132 4499 1245 4567 cultus
1268 4521 1392 4584 corpo·

267 4615 354 4670 reus,
375 4595 596 4672 inanimatus,
617 4597 793 4672 obscurus,
814 4607 850 4660 et
874 4598 1001 4660 tristis:
1032 4617 1218 4679 corporeus
1236 4597 1315 4680 quia
1337 4606 1393 4662 est

268 4693 420 4774 corporis
444 4700 479 4755 et
502 4712 571 4756 non
590 4693 740 4770 mentis;
768 4694 976 4756 inanimatus
996 4695 1161 4776 quianon
1185 4695 1258 4759 vita
1280 4703 1335 4758 est
1358 4693 1392 4758 in
