3418 5370
297 653 359 735 278
647 665 853 717 sananim
876 664 1072 716 nncnmca

297 837 473 923 (Londini,
487 859 541 903 an.
562 839 653 922 1758,
667 839 774 914 edito,
789 858 820 900 n.
838 835 1012 920 329-345).
1058 844 1130 904 [Ιο.]
1157 835 1226 902 Sed
1243 838 1335 922 quod
1351 859 1426 905 non

295 935 405 998 simile
430 934 488 999 fiat
511 953 588 999 cum
612 933 729 999 multis
752 934 785 996 in
809 933 948 1009 mundo,
968 941 1022 1012 est
1042 933 1120 1016 quia
1138 941 1256 997 amant
1275 934 1424 1016 primum

295 1031 440 1114 gradum
458 1031 549 1094 vitae
566 1050 659 1104 suae,
673 1029 729 1113 qui
746 1037 891 1092 vocatur
906 1027 1082 1104 naturalis,
1100 1038 1136 1092 et
1153 1047 1223 1092 non
1239 1027 1360 1092 volunt
1377 1029 1428 1092 ab

295 1125 355 1189 illo
371 1125 546 1200 recedere,
563 1134 598 1189 et
618 1123 689 1188 fieri
704 1123 922 1208 spirituales;
949 1133 985 1188 et
1005 1123 1132 1207 gradus
1148 1124 1239 1188 vitae
1256 1125 1427 1188 naturalis.

294 1222 329 1284 in
359 1242 397 1284 se
421 1218 598 1304 spectatus
621 1240 689 1283 non
712 1231 808 1285 amat
832 1219 896 1283 nisi
919 1237 1021 1303 quam
1044 1228 1156 1284 semet
1179 1228 1215 1283 et
1243 1221 1425 1296 mundum,

294 1317 458 1382 cohaeret
483 1318 574 1380 enim
598 1335 676 1380 cum
700 1316 858 1381 sensibus
877 1315 1041 1398 corporis,
1065 1315 1123 1399 qui
1146 1316 1252 1379 etiam
1276 1325 1420 1380 exstant

295 1414 444 1491 mundo;
475 1423 512 1478 at
535 1413 664 1496 gradus
686 1413 780 1478 vitae
804 1411 991 1495 spiritualis
1014 1412 1048 1475 in
1071 1431 1109 1476 se
1132 1408 1307 1495 spectatus
1325 1423 1420 1475 amat

296 1508 481 1572 Dominum
505 1519 541 1571 et
568 1508 715 1584 caelum,
733 1520 771 1573 et
802 1529 938 1593 quoque
957 1517 1068 1572 semet
1098 1517 1134 1572 et
1164 1507 1340 1582 mundum,
1360 1507 1421 1570 sed

296 1604 407 1667 Deum
430 1614 466 1669 et
494 1604 628 1668 caelum
653 1614 690 1668 ut
714 1606 879 1688 superius,
900 1603 1088 1688 principale
1110 1613 1146 1668 et
1170 1604 1363 1680 dominans,
1380 1623 1421 1667 ac

295 1711 406 1764 semet
426 1711 461 1764 et
481 1699 646 1764 mundum
665 1709 703 1764 ut
722 1700 870 1776 inferius,
891 1699 1157 1764 instrumentale
1177 1710 1213 1765 et
1240 1700 1425 1764 famulans.

295 1801 358 1862 [ΙΙ.]
390 1795 580 1879 Quartum:
612 1794 709 1874 Quod
720 1796 866 1860 Divinus
880 1795 990 1859 Amor
1007 1817 1070 1858 nan
1080 1795 1193 1878 possit
1207 1795 1309 1859 aliter
1320 1815 1429 1878 quam-

294 1889 336 1953 id
346 1891 437 1969 velle,
453 1901 487 1956 et
500 1891 591 1975 quad
602 1891 732 1955 Divina
749 1891 925 1976 Sapientia
940 1912 1003 1954 non
1017 1891 1133 1974 possit
1146 1891 1249 1955 aliter
1263 1911 1363 1973 quam
1378 1889 1422 1954 id

289 1987 630 2071 providere—Quod
660 1987 786 2051 Divina
816 1987 980 2051 Essentia
996 1989 1041 2051 sit
1070 1987 1214 2051 Divinus
1243 1985 1354 2050 Amor
1383 1995 1426 2052 et

296 2081 422 2146 Divina
440 2083 630 2168 Sapientia,
650 2085 683 2148 in
704 2081 939 2149 transactione
958 2084 1002 2148 de
1021 2082 1146 2146 Divino
1163 2082 1291 2146 Amare
1306 2092 1339 2146 et
1356 2082 1427 2147 Di·

295 2179 376 2244 vina
392 2180 577 2265 Sapientia,
597 2180 699 2265 plene
717 2191 896 2244 ostensum
915 2189 991 2258 est;
1017 2179 1064 2243 ibi
1079 2179 1185 2243 etiam
1202 2180 1427 2243 demonstra·-

287 2285 369 2340 'tum
393 2286 446 2341 est
473 2275 520 2360 (n.
543 2275 717 2360 358-370),
735 2276 826 2360 quod
853 2274 1022 2338 Dominus
1048 2274 1083 2338 in
1112 2275 1206 2338 omni
1230 2274 1428 2355 embryone

294 2371 447 2436 humano
465 2374 590 2437 formet
612 2373 680 2436 duo
703 2371 933 2456 receptacula,
953 2389 1057 2434 unum
1081 2369 1196 2433 Divini
1219 2369 1360 2434 Amoris
1383 2380 1426 2436 et·
1517 2399 1520 2404 ·

294 2468 442 2532 alterum
462 2469 609 2532 Divinae
629 2466 848 2551 Sapientiae;
872 2465 1130 2549 receptaculum
1148 2465 1262 2529 Divini
1279 2465 1428 2532 Amoris-

295 2582 357 2644 pro
386 2564 498 2628 futura
527 2565 711 2628 voluntate
740 2563 901 2636 hominis,
922 2571 958 2625 et
989 2560 1245 2645 receptaculum
1273 2561 1425 2628 Divinae

296 2657 493 2740 Sapientiae
518 2680 580 2742 pro
601 2659 717 2722 futuro
735 2656 916 2723 intelletiu
934 2653 1026 2737 ejus;
1060 2667 1095 2722 et
1123 2657 1215 2740 quod
1243 2657 1290 2720 sic
1314 2659 1428 2722 cuivis-

294 2754 425 2819 homini
445 2757 606 2820 indiderit
625 2755 829 2819 facultatem
848 2754 988 2818 volendi
1006 2753 1146 2826 bonum,
1164 2764 1201 2834 et
1216 2752 1422 2818 facultatem

295 2850 515 2934 intelligendi
533 2870 661 2914 verum.
710 2855 783 2915 [12]
815 2849 914 2913 Nunc
934 2850 1013 2934 quia
1030 2848 1097 2913 hae
1116 2849 1218 2912 binae
1235 2847 1429 2914 facultates-

294 2944 444 3010 hominis
463 2967 509 3010 ex
529 2946 714 3009 nativitate
732 2965 753 3008 a
772 2944 924 3008 Domino
940 2945 1070 3008 inditae
1086 2954 1178 3018 sunt,
1195 2953 1232 3009 et
1251 2945 1330 3008 inde
1347 2944 1422 3008 Do·

295 3043 408 3105 minus
430 3051 484 3106 est
509 3040 635 3105 inillis
659 3049 696 3104 ut
724 3040 758 3103 in
788 3041 858 3102 suis
881 3041 972 3120 apud
994 3039 1182 3114 hominem,
1206 3048 1304 3122 patet
1328 3040 1421 3121 quod

295 3135 439 3201 Divinus
452 3137 563 3220 Ipsius
579 3136 691 3200 Amor
706 3155 776 3198 non
791 3135 902 3218 possit
914 3136 1017 3199 aliter
1028 3135 1128 3209 velle,
1142 3155 1243 3219 quam
1262 3146 1298 3198 ut
1314 3134 1428 3200 homo

294 3230 330 3296 in
356 3233 489 3298 caelum
512 3233 643 3308 veniat,
663 3240 699 3295 et
723 3231 769 3294 ibi
796 3239 941 3294 aeterna
967 3231 1185 3294 beatitudine
1207 3229 1358 3308 fruatur;
1382 3239 1427 3295 et.

294 3347 431 3414 quoque
451 3328 542 3414 quod
567 3328 693 3392 Divina
712 3325 891 3410 Sapientia
914 3347 982 3390 non
1007 3327 1116 3408 possit
1134 3326 1236 3390 aliter
1259 3345 1361 3408 quam
1384 3325 1420 3389 id

294 3425 486 3508 providere.
531 3423 600 3490 Sed
612 3425 691 3508 quia
705 3444 751 3488 ex
770 3420 896 3486 Divino
912 3421 1023 3503 Ipsius
1032 3421 1164 3486 Amore
1181 3430 1247 3498 est,
1261 3432 1299 3485 ut
1313 3421 1428 3486 homo

295 3521 426 3586 sentiat
445 3521 588 3585 beatum
604 3519 758 3583 caeleste
777 3519 811 3582 in
830 3538 869 3583 se
888 3519 976 3581 sicut
992 3537 1100 3592 suam,
1117 3527 1153 3582 et
1172 3517 1238 3581 hoc
1259 3537 1328 3581 non
1347 3516 1421 3582 fieri

294 3627 425 3699 potest,
445 3616 510 3680 nisi
528 3614 634 3679 homo
656 3615 690 3678 in
710 3615 803 3678 omni
822 3615 1026 3698 apparentia
1045 3623 1215 3689 teneatur,
1235 3613 1328 3696 quod
1345 3633 1367 3676 a
1382 3633 1428 3678 se

294 3713 440 3795 cogitet,
459 3711 556 3787 velit,
577 3710 738 3794 loquatur
756 3721 792 3774 et
809 3721 902 3793 agat,
923 3710 1001 3773 ideo
1020 3729 1089 3772 non
1109 3719 1227 3791 potest
1244 3708 1419 3773 hominem

294 3808 396 3873 aliter
418 3809 544 3872 ducere
567 3825 670 3890 quam
693 3806 883 3870 secundum
907 3803 1004 3888 leges
1028 3804 1173 3868 Divinae
1196 3825 1278 3870 suae
1302 3804 1419 3869 Provi-

294 3903 445 3968 dentiae.

357 4013 455 4083 325.
480 3996 543 4084 (ii.)
570 3995 668 4076 Quod
689 3996 766 4060 inde
786 4018 829 4060 ex
848 3995 978 4061 Divina
1001 3995 1224 4060 Providentia
1248 3995 1305 4071 sit,
1332 3992 1432 4080 quaa*

295 4096 520 4179 unusquisque
548 4093 642 4158 hamo
666 4093 782 4176 possit
810 4092 967 4168 salvari,·
996 4101 1029 4156 et
1043 4090 1134 4174 quod
1157 4091 1334 4156 salventur
1362 4090 1431 4174 qui

294 4189 402 4256 Deum
423 4199 605 4274 agnoscunt
618 4199 651 4254 et
672 4188 750 4253 beare
765 4185 1041 4270 vivunt-Quod
1061 4189 1290 4273 unusquisque
1312 4187 1427 4252 homo-

294 4288 406 4370 possit
421 4286 558 4363 salvari,
572 4307 618 4350 ex
637 4305 740 4368 supra
757 4284 1006 4348 demonstratis
1021 4293 1132 4367 patet.
1178 4282 1327 4366 Quidam
1343 4285 1419 4368 opi·
1507 4301 1509 4305 ·

295 4392 432 4460 nantur,
449 4382 541 4466 quod
557 4382 706 4448 ecclesia
721 4381 862 4444 Domini
877 4381 922 4445 sit
935 4379 1047 4444 solum
1062 4381 1096 4443 in
1113 4377 1311 4445 Christiano
1323 4379 1424 4458 orbe,

295 4481 373 4564 quia
397 4479 566 4544 Dominus
590 4479 634 4543 ibi
657 4477 770 4542 solum
793 4486 897 4541 notus
920 4486 986 4552 est,
1003 4485 1039 4540 et
1062 4475 1108 4540 ibi
1128 4474 1239 4539 solum
1259 4484 1312 4540 est
1328 4475 1419 4539 Ver·

295 4573 395 4638 bum:
417 4576 476 4638 sed
493 4596 599 4658 usque
615 4583 696 4638 sunt
710 4572 809 4637 multi
829 4573 885 4656 qui
901 4570 1058 4646 credunt,
1079 4571 1170 4652 quod
1187 4571 1336 4634 ecclesia
1353 4571 1424 4634 Dei

295 4672 339 4734 sit
351 4672 552 4747 communie,
563 4693 622 4734 seu
635 4683 782 4734 extensa
795 4679 830 4732 et
843 4688 962 4750 sparsa
974 4687 1034 4749 per
1046 4668 1239 4730 universum
1252 4677 1423 4729 terrarum
