3418 5370
491 655 543 706 ns
566 656 704 708 mvma
727 655 1082 708 momontum-N.
1104 641 1175 723 326.
1334 656 1402 724 279

267 824 400 902 orbem,
414 825 463 890 ita
479 827 584 890 etiam
601 827 691 911 apud
708 827 787 890 illos
803 827 859 910 qui
876 826 1063 890 Dominum
1081 826 1255 908 ignorant,
1273 835 1309 890 et
1326 846 1399 890 non

269 919 424 986 Verbum
440 922 570 986 habent
581 944 589 1000 ;
613 924 783 997 dicentes,
801 922 892 1006 quod
912 922 978 984 hoc
999 941 1068 984 non
1084 942 1202 986 eorum
1219 922 1319 1005 culpa
1339 922 1399 999 sit,

270 1027 304 1082 et
332 1017 423 1101 quod
454 1017 520 1080 illis
547 1019 743 1100 ignorantia
766 1017 973 1080 invincibilis
996 1018 1061 1096 sit;
1094 1026 1130 1082 et
1158 1019 1250 1100 quod
1273 1029 1401 1081 contra

270 1111 437 1177 Amorem
454 1122 490 1202 et
507 1112 779 1177 Misericordiam
796 1111 861 1176 Dei
877 1113 932 1186 sit,
947 1111 1037 1195 quod
1051 1111 1153 1196 aliqui
1168 1112 1212 1176 ad
1229 1111 1399 1177 infernum

270 1222 467 1284 nascantur,
492 1229 570 1273 cum
594 1221 712 1274 tamen
736 1230 845 1292 aeque
877 1219 958 1273 sunt
988 1209 1154 1272 homines.
1202 1214 1260 1276 [2.]
1295 1207 1397 1273 Nunc

270 1307 348 1389 quia
372 1305 586 1382 Christianis,
611 1306 639 1369 si
670 1325 740 1368 non
764 1305 923 1368 omnibus
946 1325 1053 1388 usque
1077 1304 1207 1380 multis,
1227 1314 1282 1368 est
1302 1303 1402 1384 fides,

271 1403 362 1484 quod
381 1402 528 1466 ecclesia
545 1403 738 1464 communis
757 1403 815 1476 sit,
835 1422 923 1484 quae
943 1401 1048 1465 etiam
1066 1398 1273 1464 Communio
1293 1421 1397 1464 voca·

271 1507 336 1572 tur,
361 1497 514 1581 sequitur
537 1497 628 1581 quod
652 1495 779 1560 dentur
801 1497 1083 1561 communissima
1105 1496 1285 1572 ecclesiae,
1310 1515 1401 1580 quae

270 1611 390 1656 omnes
413 1592 599 1674 religiones
622 1593 869 1674 ingrediuntur,
893 1601 930 1656 et
955 1591 1085 1655 iaciunt
1109 1590 1401 1656 Communionem

270 1688 374 1752 illam.
421 1685 523 1769 Quod
547 1689 827 1752 communissima
849 1688 909 1751 illa
931 1688 1001 1750 sint
1023 1687 1155 1770 agnitio
1179 1687 1244 1750 Dei
1267 1698 1303 1750 et
1334 1687 1400 1750 bo-

271 1801 351 1846 num
368 1783 470 1856 vitae,
487 1781 659 1846 videbitur
675 1784 708 1845 in
725 1793 892 1866 sequente
908 1783 1037 1845 ordine.
1085 1780 1146 1864 (1.)
1179 1779 1282 1862 Quod
1299 1781 1400 1862 agni·

270 1880 320 1943 tio
339 1877 403 1941 Dei
421 1876 525 1942 iaciat
544 1873 822 1959 conjunctionem
842 1877 906 1940 Dei
925 1895 1002 1942 cum
1022 1876 1173 1951 homine,
1194 1886 1229 1940 et
1249 1876 1402 1939 hominis

271 1991 348 2037 cum
367 1973 452 2048 Deo,
473 1983 508 2037 et
532 1972 624 2056 quod
644 1973 788 2054 negatio
809 1973 871 2036 Dei
889 1972 993 2036 iaciat
1013 1968 1287 2054 disjunctionem.
1334 1969 1400 2054 (2.)

271 2067 372 2150 Quod
393 2070 533 2152 quisque
550 2077 721 2150 agnoscat
742 2067 865 2142 Deum,
882 2078 919 2131 et
938 2067 1167 2148 conjungatur
1187 2066 1256 2148 Ipsi
1275 2086 1401 2129 secun·

272 2165 352 2227 dum
364 2166 492 2227 bonum
508 2164 601 2227 vitae
618 2183 710 2228 suae.
758 2160 821 2245 (3.)
853 2160 956 2244 Quod
973 2162 1101 2225 bonum
1117 2162 1221 2236 vitae,
1235 2181 1294 2224 seu
1311 2161 1402 2224 bene

271 2261 396 2334 vivere,
421 2260 465 2322 sit
497 2258 613 2341 fugere
636 2259 728 2322 mala
754 2259 832 2342 quia
858 2267 939 2322 sunt
964 2269 1088 2322 contra
1110 2257 1324 2338 religionem,
1349 2257 1403 2320 ita

271 2365 394 2419 contra
418 2355 541 2418 Deum.
588 2353 649 2438 (4.)
686 2352 789 2437 Quod
817 2354 902 2418 haec
933 2354 1002 2417 sint
1025 2353 1221 2416 communia
1243 2351 1403 2415 omnium

271 2449 487 2533 religionum,
508 2469 568 2531 per
586 2471 674 2533 quae
693 2451 924 2532 unusquisque
943 2457 1061 2530 potest
1078 2447 1212 2510 salvari.

333 2546 433 2628 326.
463 2544 531 2610 Sed
551 2545 636 2609 haec
653 2543 857 2627 singillatim
875 2545 1054 2607 lustranda
1072 2551 1109 2606 et
1128 2543 1401 2607 demonstranda

271 2651 362 2705 sunt.
408 2641 575 2705 Primum:
607 2639 704 2718 Quod
722 2639 850 2722 agnitio
871 2639 939 2702 Dei
947 2639 1064 2719 faciat
1083 2639 1315 2722 cojunliz'rmem
1335 2638 1408 2702 Dei

271 2757 343 2800 cum
361 2735 491 2799 homine
507 2747 540 2800 et
557 2735 704 2799 hominis
722 2756 795 2798 cum
812 2734 891 2810 Deo,
908 2745 941 2797 et
961 2734 1053 2817 quod
1066 2733 1196 2816 negatio
1212 2733 1405 2814 Deifaciat

272 2831 674 2916 squallentem-Aliqui
688 2841 834 2914 possunt
845 2832 1011 2912 cogitare,
1025 2830 1117 2913 quod
1133 2829 1258 2893 salvari
1269 2840 1403 2913 queant

272 2949 379 3011 aeque
413 2929 469 3010 qui
503 2948 573 2991 non
602 2936 798 3010 agnoscunt
829 2925 942 2990 Deum
972 2945 1075 3009 quam
1105 2927 1161 3010 qui
1189 2935 1399 3008 agnoscunt,

272 3023 377 3086 modo
410 3025 518 3087 vitam
542 3024 709 3087 moralem
731 3030 856 3104 agant:
889 3023 1057 3096 dicentes,
1084 3020 1205 3102 “Quid
1236 3031 1405 3102 operatur

272 3119 428 3201 agnitio?
472 3119 585 3182 Estne
598 3119 708 3182 solum
722 3118 915 3200 cogitatio?
960 3119 1147 3181 Possumne
1159 3116 1259 3180 lacile
1272 3137 1403 3198 agnos·

272 3234 360 3290 cere,
381 3232 459 3279 cum
480 3235 541 3298 pro
559 3225 657 3278 certo
676 3216 748 3278 scio
767 3213 860 3297 quod
879 3212 974 3277 Deus
993 3212 1059 3276 sit?
1104 3210 1232 3275 Audivi
1253 3213 1296 3276 de
1322 3211 1400 3288 Illo,

272 3311 332 3372 sed
357 3329 426 3373 non
456 3311 525 3374 vidi
548 3309 670 3374 Illum:
704 3310 757 3373 iac
789 3318 827 3373 ut
860 3309 996 3372 videam
1026 3317 1062 3372 et
1092 3305 1260 3371 credam.'’
1304 3305 1405 3370 Talis

273 3425 386 3470 sermo
402 3417 456 3469 est
470 3405 588 3469 multis
601 3407 656 3489 qui
673 3415 804 3487 negant
822 3403 946 3479 Deum,
960 3404 1098 3488 quando
1114 3403 1163 3466 eis
1176 3402 1282 3466 libere
1296 3402 1403 3465 ratio·

272 3502 377 3566 cinari
394 3521 472 3566 cum
488 3504 649 3583 agnitore
667 3501 731 3565 Dei
750 3502 843 3564 licet.
889 3498 958 3563 Sed
975 3499 1066 3582 quod
1083 3498 1216 3580 agnitio
1233 3498 1299 3561 Dei
1316 3517 1403 3560 con·

269 3596 404 3679 jungat,
423 3607 458 3661 et
479 3599 620 3679 negatio
637 3597 702 3660 Dei
718 3596 890 3678 sejungat,
908 3595 1136 3658 illustrabitur
1155 3613 1215 3676 per
1231 3593 1402 3677 quaedam

274 3693 355 3757 milri
379 3703 464 3757 nota
492 3694 526 3756 in
550 3693 717 3774 spirituali
737 3693 875 3755 mundo.
918 3691 969 3754 Ibi
999 3709 1078 3755 cum
1101 3691 1175 3774 quis
1202 3691 1336 3771 cogitat
1357 3688 1405 3752 de

273 3789 395 3863 altero,
414 3799 449 3852 et
468 3788 544 3853 vult
561 3789 653 3872 loqui
670 3807 748 3852 cum
764 3787 835 3862 illo,
849 3787 985 3850 sistitur
999 3785 1090 3850 alter
1105 3785 1199 3849 illico
1215 3803 1377 3866 praesens
1392 3803 1404 3862 ;

274 3884 339 3948 hoc
353 3903 537 3948 commune
556 3885 600 3948 ibi
620 3893 685 3958 est,
697 3893 733 3948 et
750 3902 920 3966 nusquam
935 3881 1034 3946 fallit.
1066 3881 1178 3946 Causa
1194 3889 1259 3955 est,
1271 3879 1348 3961 quia
1367 3879 1405 3941 in

274 3983 403 4044 mundo
417 3973 584 4061 spirituali
601 4000 668 4043 non
682 3991 736 4043 est
749 3979 927 4054 distantia,
942 3979 1031 4041 sicut
1048 3977 1082 4040 in
1096 3976 1224 4040 mundo
1237 3973 1403 4050 naturali,

274 4079 337 4142 sed
367 4087 421 4142 est
452 4076 557 4140 modo
579 4077 783 4158 apparentia
806 4075 1003 4138 distantiae.
1052 4078 1110 4138 [2.]
1142 4070 1304 4135 Alterum
1334 4078 1403 4144 est,

274 4173 366 4258 quod
389 4174 478 4236 sicut
503 4172 672 4254 cogitatio
701 4193 748 4236 ex
778 4170 893 4254 aliqua
921 4168 1122 4250 cognitione
1152 4167 1294 4231 alterius
1321 4165 1407 4229 lacit

274 4270 518 4353 praesentiam,
539 4269 589 4331 ita
612 4287 708 4330 amor
731 4288 777 4330 ex
801 4266 915 4349 aliqua
938 4261 1116 4327 affedlione
1140 4263 1278 4327 alterius
1300 4261 1407 4325 iaciat

275 4363 573 4446 conjundlionem3
604 4385 648 4444 ex
668 4385 734 4447 qua
751 4363 788 4427 fit
804 4361 895 4446 quod
909 4359 1007 4423 simul
1022 4368 1103 4422 eant
1118 4371 1153 4422 et
1171 4359 1278 4421 amice
1291 4356 1404 4421 collo·

275 4472 434 4544 quantur,
448 4463 549 4545 inque
567 4481 633 4522 una
649 4460 754 4522 domo
771 4458 942 4529 habitent,
956 4456 1011 4518 vel
1029 4456 1062 4517 in
1080 4475 1146 4517 una
1163 4455 1343 4530 societate,
1360 4472 1405 4518 ac

275 4559 411 4638 saepius
430 4557 651 4630 conveniant,
670 4563 705 4617 et
726 4565 861 4616 mutuas
878 4572 1001 4634 operas
1018 4560 1207 4631 praestent.
1253 4547 1403 4615 Contra·

275 4651 364 4715 rium
386 4651 492 4714 etiam
516 4649 565 4726 fit,
586 4660 623 4714 ut
647 4649 738 4733 quod
762 4649 818 4732 qui
842 4667 911 4710 non
935 4656 1029 4709 amat
1054 4645 1213 4720 alterum,
1234 4655 1269 4710 et
1293 4645 1407 4729 magis
