3422 5380
315 653 381 709 200
668 658 872 709 SAPIENTIA
895 657 1091 710 ANGELICA

313 852 351 895 se
372 830 461 895 etin
484 852 541 906 sr‚·
568 830 727 896 similiter
743 852 836 895 omne
853 832 978 896 malum
999 842 1033 896 et
1044 832 1315 914 salsum-Fiat
1338 857 1442 922 argu·

313 929 487 992 mentatio
510 948 570 1010 per
594 927 791 1010 analogiam
812 928 903 992 inter
921 929 1049 992 bonum
1072 939 1108 992 et
1132 950 1251 995 verum
1270 934 1441 1012 naturale,

313 1043 354 1088 ac
375 1025 503 1087 bonum
522 1033 558 1086 et
577 1042 696 1088 verum
712 1022 899 1107 spirituale.
945 1022 1140 1106 Quaeritur,
1159 1024 1250 1108 Quid
1267 1048 1385 1092 verum
1405 1039 1441 1094 et

315 1118 443 1182 bonum
463 1120 496 1181 in
512 1120 587 1182 visu
603 1118 715 1183 oculi?
760 1117 890 1182 Annon
909 1120 943 1183 id
962 1121 1007 1184 ibi
1026 1129 1080 1184 est
1095 1142 1212 1185 verum
1229 1125 1321 1206 quod
1337 1145 1441 1189 voca·

314 1225 371 1278 tur
386 1214 577 1298 pulchrum,
596 1225 631 1278 et
650 1214 695 1278 ibi
714 1213 842 1278 bonum
860 1217 950 1298 quod
970 1226 1114 1280 vocatur
1128 1216 1339 1299 jucundum?
1362 1240 1440 1284 sen·

314 1311 400 1373 titur
424 1311 514 1373 enim
533 1309 722 1393 jucundum
752 1331 797 1374 ex
828 1312 908 1375 visis
933 1311 1092 1392 pulchris.
1138 1311 1230 1395 Quid
1258 1334 1376 1379 verum
1404 1327 1441 1380 et

314 1406 442 1468 bonum
462 1407 496 1469 in
516 1405 660 1469 auditu?
706 1404 837 1469 Annon
856 1405 956 1470 id'ibi
976 1418 1030 1471 est
1049 1426 1166 1472 verum
1186 1409 1278 1491 quod
1298 1422 1442 1476 vocatur

313 1500 562 1576 harmonicum,
579 1513 615 1564 et
631 1499 665 1564 id
684 1500 728 1563 ibi
748 1511 803 1564 est
821 1501 948 1564 bonum
966 1503 1057 1585 quod
1074 1513 1218 1567 vocatur
1234 1505 1441 1569 amoenum?

310 1597 462 1660 sentitur
482 1598 573 1660 enim
592 1615 774 1660 amoenum
798 1617 845 1661 ex
868 1597 993 1661 auditis
1012 1597 1229 1663 harmonicis.
1275 1599 1442 1666 Similiter

309 1693 347 1754 in
367 1692 443 1756 aliis
461 1693 628 1756 sensibus.
674 1692 760 1757 lude
780 1702 880 1774 patet
899 1691 978 1775 quid
994 1713 1112 1757 verum
1131 1703 1167 1758 et
1190 1695 1319 1759 bonum
1339 1706 1439 1761 natu·

308 1787 395 1851 rale.
440 1786 671 1869 Expendatur
694 1808 783 1850 nunc
808 1787 887 1870 quid
907 1808 1024 1851 verum
1048 1797 1083 1852 et
1106 1789 1234 1853 bonum
1254 1791 1440 1874 spirituale.

315 1883 406 1947 Num
422 1904 540 1948 verum
558 1883 733 1965 spirituale
750 1893 802 1948 est
821 1883 912 1946 aliud
932 1904 1033 1967 quam
1051 1883 1229 1966 pulchrum
1245 1897 1282 1950 et
1301 1886 1439 1952 harmo-

315 1980 429 2042 nicum
449 1998 560 2042 rerum
580 1989 614 2042 et
638 1977 850 2060 objedtorum
871 1978 1123 2061 spiritualium?
1154 1989 1189 2044 et
1214 2000 1294 2044 num
1311 1982 1440 2047 bonum

307 2074 494 2155 :spirituale
513 2084 566 2137 est
586 2074 678 2137 aliud
698 2067 800 2155 quam
814 2073 1003 2156 jucundum
1026 2084 1062 2136 et
1086 2092 1270 2139 amoenum
1294 2097 1340 2140 ex
1363 2098 1439 2160 per·

309 2178 419 2251 cepta
434 2168 570 2232 illorum
587 2168 841 2250 pulchritudine
858 2179 918 2232 aut
937 2168 1140 2232 harmonia?
1186 2177 1243 2236 [2.]
1271 2171 1442 2236 Videatur

316 2284 417 2336 nunc,
439 2284 518 2327 num
538 2265 629 2327 aliud
648 2264 714 2326 dici
738 2265 849 2347 possit
872 2264 916 2327 de
939 2285 1007 2328 uno
1026 2284 1127 2346 quam
1151 2264 1194 2328 de
1217 2265 1350 2346 altero;
1379 2288 1441 2332 seu

315 2361 359 2424 de
378 2359 544 2442 spirituali
564 2377 665 2442 quam
682 2357 726 2422 de
749 2359 906 2422 naturali.
954 2359 1006 2422 De
1027 2359 1173 2423 naturali
1193 2361 1327 2438 dicitur,
1348 2362 1440 2446 quod

315 2455 496 2541 pulchrum
520 2465 555 2518 et
577 2454 762 2536 jucundum
793 2456 825 2516 in
854 2454 955 2517 oculo
983 2453 1125 2517 influant
1150 2476 1197 2518 ex
1226 2454 1380 2538 objedtis,
1404 2467 1441 2522 et

313 2552 408 2636 quod
427 2552 662 2615 harmonicum
681 2559 716 2612 et
736 2568 917 2612 amoenum
934 2550 967 2612 in
987 2570 1067 2613 aure
1085 2549 1229 2615 influant
1249 2573 1295 2615 ex
1314 2553 1440 2617 instru-

314 2649 453 2710 mentis.
500 2644 592 2727 Quid
617 2645 708 2708 aliud
733 2653 787 2708 est
811 2645 845 2708 in
868 2645 1073 2707 substantiis
1096 2646 1268 2726 organicis
1290 2646 1442 2711 mentis?

315 2743 451 2805 Dicitur
474 2742 516 2804 de
539 2741 591 2804 his
615 2740 706 2823 quod
730 2739 789 2802 illa
812 2741 931 2812 insint,
951 2749 987 2802 et
1010 2740 1053 2804 de
1077 2739 1144 2802 illis
1163 2740 1254 2822 quod
1274 2741 1440 2823 influaut;

314 2838 379 2902 sed
402 2840 431 2901 si
454 2838 635 2920 quaeritur,
661 2855 720 2898 cur
742 2835 868 2898 dicitur
891 2834 982 2918 quod
1006 2836 1161 2910 influant,
1182 2856 1251 2900 non
1270 2836 1363 2902 aliud
1386 2859 1440 2903 re·

315 2933 479 3016 sponderi
497 2941 613 3015 potest
630 2949 733 3015 quam
749 2932 828 3014 quia
847 2931 1015 2993 distantia
1032 2942 1198 3014 apparet;
1221 2941 1258 2996 at
1278 2952 1337 2997 cur
1354 2934 1441 2997 dici-

315 3039 373 3094 tur
395 3028 486 3113 quod
512 3029 630 3100 insint,
656 3047 725 3090 non
753 3025 846 3089 aliud
870 3027 1070 3107 responderi
1096 3036 1212 3110 potest
1237 3048 1339 3111 quam
1363 3031 1443 3112 quia

317 3125 483 3189 distantia
500 3143 568 3186 non
582 3132 744 3204 apparet:
770 3134 1033 3204 consequenter,
1048 3122 1139 3205 quod
1157 3125 1358 3206 apparentia
1370 3124 1441 3186 dis·

317 3223 453 3285 tantiae
476 3221 521 3282 sit
551 3239 637 3302 quae
660 3217 754 3292 facit,
780 3217 872 3300 quod
895 3219 1056 3280 credatur
1078 3216 1170 3280 aliud
1197 3218 1240 3281 de
1263 3218 1332 3281 illis
1353 3239 1442 3302 quae

316 3318 422 3383 homo
438 3317 573 3398 cogitat
589 3323 624 3378 et
641 3315 795 3396 percipit,
810 3332 913 3396 quam
929 3313 972 3375 de
989 3312 1055 3375 illis
1071 3333 1158 3396 quae
1171 3315 1267 3377 videt
1283 3325 1320 3379 et
1334 3315 1440 3378 audit.

317 3413 386 3478 Sed
409 3413 475 3476 hoc
495 3411 599 3484 cadit,
620 3410 701 3473 dum
722 3411 828 3472 scitur
846 3409 937 3493 quod
957 3409 1133 3490 spirituale
1153 3429 1222 3473 non
1245 3410 1291 3474 sit
1313 3411 1348 3475 in
1372 3412 1439 3474 dis·

317 3510 432 3574 tantia
450 3509 538 3570 sicut
557 3514 611 3569 est
632 3505 797 3568 naturale.
843 3503 970 3587 Cogita
989 3505 1032 3567 de
1051 3504 1124 3568 sole
1148 3514 1184 3568 et
1208 3504 1299 3580 luna,
1319 3517 1378 3570 aut
1397 3507 1441 3572 de

319 3605 432 3668 Roma
448 3613 483 3666 et
501 3599 826 3683 Constantinopoli:
852 3619 967 3664 annon
987 3609 1067 3664 sunt
1084 3600 1118 3663 in
1131 3601 1346 3683 cogitatione
1361 3602 1442 3666 abs·

316 3722 383 3786 que
407 3699 585 3773 distantia,
610 3697 715 3762 modo
741 3697 911 3778 cogitatio
941 3695 1000 3760 illa
1031 3716 1100 3760 non
1124 3695 1343 3779 conjungitur
1364 3717 1442 3762 cum

316 3794 534 3878 experientia
549 3790 640 3857 iad'ta
659 3793 844 3876 pervisum
862 3801 923 3856 aut
943 3812 1002 3874 per
1020 3791 1198 3856 auditum?
1243 3792 1311 3856 Cur
1326 3793 1442 3877 itaque

317 3895 506 3982 persuades
537 3894 609 3970 tibi,
638 3893 730 3977 quod
760 3894 839 3978 quia
865 3893 1033 3958 distantia
1064 3893 1098 3957 in
1128 3893 1343 3975 cogitatione
1372 3914 1442 3958 non

316 4003 474 4078 apparet,
487 3992 616 4056 bortum
635 4000 670 4055 et
689 4009 819 4066 verum,
837 3999 874 4054 ut
894 3999 931 4053 et
951 3988 1078 4052 malum
1097 3997 1133 4052 et
1152 3987 1277 4052 salsum
1296 3988 1365 4051 sint
1385 3989 1442 4064 ibi,

316 4101 354 4156 et
379 4110 447 4156 non
471 4085 639 4152 influant?
684 4099 741 4163 [3.]
776 4084 917 4149 Addam
939 4083 992 4148 his
1015 4085 1278 4167 experientiam,
1298 4103 1386 4166 quae
1407 4084 1443 4147 in

317 4188 447 4253 mundo
466 4182 634 4268 spirituali
655 4184 846 4248 communis
871 4191 936 4245 est.
983 4180 1105 4244 Potest
1125 4199 1210 4242 unus
1229 4179 1368 4262 spiritus
1390 4179 1442 4242 in·

316 4284 459 4348 sundere
482 4300 561 4344 suas
580 4279 816 4360 cogitationes
839 4287 875 4342 et
899 4273 1097 4340 afledtiones
1120 4276 1154 4338 in
1178 4273 1326 4338 alterum
1345 4274 1442 4358 spiri·

318 4391 403 4453 tum,
424 4388 460 4440 et
479 4375 533 4438 hic
553 4392 622 4437 non
642 4374 707 4436 scit
727 4372 829 4436 aliter
846 4391 949 4455 quam
965 4371 1057 4454 quod
1076 4371 1109 4435 id
1129 4371 1173 4435 sit
1190 4391 1271 4435 suae
1288 4370 1445 4453 propriae

318 4472 543 4556 cogitationis
556 4479 590 4532 et
607 4465 816 4547 affedtionis;
839 4466 905 4530 hoc
919 4475 1062 4531 vocatur
1076 4466 1123 4530 ibi
1142 4468 1298 4550 cogitare
1314 4487 1359 4530 ex
1376 4464 1445 4530 alio

317 4580 356 4634 et
379 4567 534 4650 cogitare
562 4565 595 4627 in
619 4563 697 4627 alio.
744 4562 822 4627 Hoc
846 4561 971 4626 millies
994 4562 1074 4638 vidi,
1094 4572 1131 4627 et
1154 4583 1289 4647 quoque
1312 4562 1446 4627 centies

318 4685 388 4748 ego
399 4663 483 4742 leci;
503 4670 539 4725 et
555 4666 673 4723 tamen
686 4657 889 4741 apparentia
901 4657 1089 4721 distantiae
1102 4658 1164 4723 luit
1180 4657 1334 4740 insignis.
1375 4657 1447 4722 Ast
