3410 5382
537 567 586 615 ua
611 566 748 616 urvtun
771 566 1127 617 euronotum-u.
1148 555 1197 618 81.
1390 569 1425 636 51

299 740 446 816 homini,
461 757 562 821 quam
575 738 667 820 quod
680 747 883 802 constanter
895 738 964 801 sint
979 738 1118 801 Domini
1130 738 1220 820 apud
1232 735 1430 816 hominem

304 846 340 900 et
365 836 456 920 quod
477 842 642 917 quantum
661 834 766 898 homo
788 834 854 898 hoc
875 835 1047 916 agnoscit,
1067 842 1200 898 tantum
1223 834 1283 899 det
1308 833 1429 896 Domi·

305 953 379 1008 nus,
406 941 443 995 ut
474 930 602 994 bonum
633 939 797 1012 appareat
823 930 953 993 homini
982 931 1071 994 sicut
1103 929 1185 1010 ejus,
1213 929 1278 993 hoc
1307 939 1370 1004 est,
1391 939 1429 993 ut
1459 962 1464 978 ι

303 1037 471 1110 appareat
490 1025 620 1089 homini
639 1045 755 1089 amare
773 1026 967 1110 proximum
991 1047 1050 1089 seu
1073 1025 1201 1090 habere
1224 1026 1430 1089 charitatem

304 1126 394 1188 sicut
420 1144 443 1187 a
471 1143 520 1198 se,
540 1122 679 1185 credere
710 1142 769 1185 seu
799 1119 901 1184 fidem
929 1120 1056 1184 habere
1079 1121 1168 1186 sicut
1197 1141 1218 1183 a
1247 1139 1295 1198 se,
1318 1120 1430 1185 iacere

305 1219 434 1283 bonurn
464 1239 503 1282 ac
533 1217 730 1300 intelligere
754 1237 883 1293 verum,
908 1217 958 1281 ita
985 1237 1105 1300 sapere
1129 1218 1216 1280 sicut
1244 1238 1264 1280 a
1294 1237 1351 1280 se:
1384 1237 1429 1280 ex

305 1316 425 1398 quibus
441 1315 635 1378 illustratus
654 1316 769 1378 videre
788 1323 918 1398 potest,
938 1315 1048 1398 qualis
1071 1323 1124 1377 cst
1149 1323 1185 1377 et
1207 1333 1310 1396 quarn
1332 1313 1432 1378 fortis

305 1422 360 1475 est
379 1412 593 1494 apparentia,
614 1412 649 1474 in
673 1432 741 1494 qua
760 1411 929 1475 Dominus
949 1411 1023 1474 vult
1043 1419 1079 1474 ut
1097 1410 1202 1473 homo
1221 1410 1286 1488 sit;
1311 1418 1346 1473 et
1363 1409 1430 1473 hoc

306 1506 380 1570 vult
399 1507 567 1570 Dominus
580 1517 723 1590 propter
739 1507 968 1570 salvationem
985 1505 1067 1587 ejus,
1085 1523 1164 1568 nam
1185 1525 1287 1568 nemo
1302 1505 1430 1588 absque

304 1601 364 1665 illa
388 1602 593 1685 apparentia
619 1602 743 1666 salvari
773 1611 903 1684 potest.
951 1601 1004 1665 De
1034 1601 1086 1664 his
1116 1601 1221 1664 etiam
1249 1601 1431 1664 videantur

290 1691 394 1780 'quae
413 1716 514 1777 supra
535 1696 583 1776 (n.
600 1696 736 1781 42-45),
756 1707 898 1762 ostensa
916 1708 1006 1762 sunt.

369 1791 444 1857 80.
486 1791 565 1856 Non
599 1795 839 1876 appropriatur
872 1793 1002 1857 homini
1032 1794 1159 1877 aliquid
1192 1795 1285 1877 quod
1319 1792 1429 1856 solum

306 1889 449 1969 cogitat,
470 1889 576 1951 immo
599 1909 661 1952 nec
686 1889 777 1971 quod
800 1891 934 1972 cogitat
958 1889 1060 1964 velle,
1082 1891 1145 1953 nisi
1168 1890 1268 1954 simul
1290 1889 1374 1952 velit
1396 1887 1431 1952 id

305 1984 339 2045 in
360 1991 505 2058 tantum,
523 1993 561 2047 ut
580 1986 696 2060 etiam,
713 1984 794 2048 dum
813 1986 913 2068 copia
928 1986 1040 2062 datur,
1057 1985 1160 2050 iaciat
1179 1985 1274 2049 illud.
1319 1983 1431 2048 Causa

307 2088 372 2152 est,
392 2079 470 2160 quia
488 2079 570 2141 dum
589 2079 694 2142 homo
713 2079 794 2144 iacit
812 2079 895 2143 illud
915 2081 1006 2156 inde,
1028 2101 1073 2144 ex
1095 2082 1278 2160 voluntate
1291 2081 1356 2162 'per
1377 2080 1429 2143 in·

305 2170 497 2249 telledtum,
512 2195 572 2237 seu
589 2194 634 2238 ex
650 2173 842 2238 voluntatis
855 2174 1034 2239 affectione
1051 2197 1112 2259 per
1124 2174 1318 2240 intelleetus
1334 2177 1429 2257 cogi·

307 2272 489 2347 tationem,
506 2271 587 2337 iacit
604 2271 708 2336 illud:
733 2274 894 2356 quamdiu
910 2284 1026 2337 autern
1050 2287 1104 2338 est
1123 2274 1227 2338 solius
1243 2275 1429 2356 cogitatio·

308 2370 371 2445 nis,
397 2389 465 2432 non
489 2379 608 2453 potest
631 2371 854 2453 appropriari,
874 2373 953 2455 quia
975 2370 1173 2436 intelleDus
1195 2393 1265 2437 non
1288 2393 1324 2436 se
1347 2391 1429 2435 con·

302 2465 417 2550 jungit
440 2486 519 2531 cum
542 2467 734 2545 voluntate,
754 2489 815 2533 seu
842 2489 910 2532 non
941 2471 1113 2552 cogitatio
1129 2467 1326 2534 intellectus
1353 2487 1431 2533 curn

307 2561 488 2629 affectione
501 2565 703 2641 voluntatis,
718 2566 780 2629 sed
798 2565 960 2631 voluntas
976 2576 1012 2631 et
1028 2566 1125 2648 hujus
1142 2566 1275 2632 affectio
1291 2589 1328 2630 se
1347 2586 1430 2630 con·

304 2661 418 2745 jungit
438 2683 515 2726 cum
533 2662 714 2728 intellectu
734 2673 770 2728 et
790 2663 861 2746 ejus
878 2665 1102 2746 cogitatione,
1120 2676 1156 2729 ut
1176 2665 1293 2729 multis
1312 2674 1431 2728 osten·

308 2778 384 2822 sum
404 2770 458 2824 est
478 2761 512 2824 in
532 2759 766 2826 transactione
784 2761 836 2824 De
849 2761 975 2824 Divino
992 2762 1119 2826 Amore
1134 2773 1168 2826 et
1183 2763 1311 2826 Divina
1329 2761 1430 2844 Sapi-

307 2856 407 3014 enti}
425 2857 458 2920 in
479 2858 580 2922 Parte
597 2859 738 2942 Quinta.
786 2857 863 2923 Hoc
884 2859 1092 2942 intelligitur
1110 2881 1171 2943 per
1189 2861 1274 2926 haec
1292 2860 1432 2925 Domini

307 2971 368 3016 ver
395 2973 425 3026 a,

359 3095 444 3146 “Non
470 3097 542 3160 quod
565 3097 647 3146 intrat
673 3097 700 3146 in
724 3111 763 3156 os,
777 3097 946 3147 immundum
964 3099 1051 3148 reddit
1068 3099 1213 3156 hominem,
1227 3099 1275 3148 sed
1293 3099 1434 3162 quod”ex

439 3163 521 3212 corde
530 3165 598 3225 “per
610 3177 641 3212 os
653 3163 716 3222 exit,
725 3163 893 3212 immundum
902 3164 990 3213 reddit
999 3165 1136 3214 hominem
1145 3163 1159 3182 ’'
1171 3163 1280 3224 (Marti.
1290 3179 1333 3214 xv.
1345 3177 1383 3224 tt,
1395 3177 1433 3226 17,

443 3229 480 3287 rt,
496 3227 551 3291 rol:

307 3402 369 3466 per
387 3389 407 3416 “
418 3404 457 3446 os
466 3383 482 3408 ''
497 3384 531 3446 in
548 3403 652 3446 sensu
668 3381 836 3463 spirituali
851 3382 1059 3464 intelligitur
1074 3383 1253 3464 cogitatio,
1271 3384 1434 3465 quoniam

308 3481 478 3564 cogitatio
496 3480 646 3563 loquitur
662 3498 722 3561 per
737 3499 776 3542 os
791 3502 798 3558 ;
823 3490 858 3543 et
876 3501 936 3562 per
954 3479 1066 3543 “cor”
1085 3481 1119 3543 in
1136 3480 1196 3544 illo
1212 3500 1315 3544 sensu
1331 3480 1433 3544 intel·
1495 3528 1503 3546 .

308 3578 426 3661 ligitur
445 3575 580 3642 afset'tio
598 3599 685 3660 quae
705 3588 759 3641 est
779 3579 927 3641 amoris:
962 3578 989 3640 si
1012 3577 1117 3642 homo
1139 3599 1185 3642 ex
1209 3578 1274 3643 hac
1298 3579 1434 3661 cogitat

308 3685 345 3739 et
364 3674 526 3758 loquitur,
548 3684 630 3737 tunc
650 3674 863 3737 immundum
884 3695 921 3736 se
940 3673 1065 3738 reddit.
1111 3674 1174 3739 Per
1195 3681 1284 3738 “cor
1294 3673 1309 3700 '⁹
1327 3677 1433 3739 etiam

308 3771 522 3856 significatur
534 3768 669 3835 affectio
683 3791 769 3854 quae
782 3773 906 3836 amoris
923 3793 983 3836 seu
999 3773 1202 3848 voluntatis,
1216 3783 1253 3838 et
1269 3792 1329 3855 per
1344 3776 1411 3836 “os
1419 3771 1435 3798 ”

308 3873 479 3954 cogitatio
499 3891 585 3954 quae
605 3878 658 3933 est
677 3868 884 3946 intellectus,
905 3870 995 3954 apud
1014 3869 1138 3934 Lucam
1158 3869 1216 3953 (vi.
1234 3869 1304 3952 45).

371 3968 440 4034 81.
470 3968 564 4032 Mala
594 3989 680 4052 quae
703 3967 808 4032 homo
832 3968 927 4033 licita
950 3967 1071 4044 credit,
1097 3968 1237 4032 tametsi
1261 3989 1329 4032 non
1352 3968 1433 4034 facit

307 4063 378 4141 illa,
399 4065 505 4129 etiam
529 4065 560 4129 ei
594 4065 871 4148 appropriantur,
893 4085 970 4128 nam
995 4065 1125 4128 licitum
1155 4065 1188 4127 in
1218 4064 1434 4146 cogitatione

307 4171 362 4226 est
385 4181 430 4226 ex
454 4162 648 4239 voluntate,
669 4174 723 4229 est
742 4165 833 4227 enim
854 4183 1052 4228 consensus.
1099 4162 1213 4246 Quare
1233 4181 1310 4226 curn
1329 4163 1434 4228 homo

307 4259 417 4325 credit
448 4259 587 4346 aliquod
611 4260 740 4326 malum
770 4260 913 4339 licitum,
938 4262 1042 4327 solvit
1065 4261 1238 4326 vinculum
1261 4263 1433 4328 internum

307 4374 370 4436 pro
392 4354 462 4432 illo,
488 4376 528 4421 ac
552 4355 729 4422 detinetur
752 4377 772 4421 a
795 4358 952 4423 iaciendo
971 4356 1055 4422 illud
1079 4357 1190 4422 solum
1215 4379 1274 4441 per
1297 4356 1434 4422 vincula

306 4463 466 4530 externa,
479 4473 565 4536 quae
579 4462 659 4517 sunt
676 4453 827 4519 timores.
873 4455 920 4518 Et
935 4455 1014 4537 quia
1027 4455 1167 4535 spiritus
1179 4454 1324 4518 hominis
1340 4454 1432 4517 iavet

304 4548 363 4614 isti
377 4551 480 4627 malo,
493 4552 571 4616 ideo
584 4552 728 4615 remotis
741 4551 885 4615 vinculis
895 4553 1049 4615 externis
1066 4574 1110 4615 ex
1125 4552 1221 4616 licito
1234 4552 1314 4617 iacit
1327 4552 1410 4616 illud
1425 4574 1433 4630 ;
