3352 5374
467 689 518 740 DE
541 687 676 739 DIVINO
700 687 844 748 AMORE,
862 685 956 737 PARS
979 684 1111 735 111.-N.
1132 685 1203 753 251.
1337 687 1393 734 101

273 858 763 936 revelationes-immediatas;
790 856 834 920 de
856 877 922 939 qua
941 877 976 919 re
995 855 1152 919 videatur
1174 855 1208 919 in
1232 853 1396 919 Dollrina

273 954 391 1018 Novae
404 951 656 1033 ffitrosolymae
670 949 711 1012 de
729 947 908 1029 Scriptura
925 946 1032 1012 Sacra
1049 943 1097 1029 (n.
1118 945 1287 1030 114-118).
1327 943 1395 1028 Qui

270 1068 320 1110 ex
343 1044 451 1109 altero
469 1063 593 1126 genere
614 1051 705 1117 sunt,
727 1041 783 1124 qui
806 1042 919 1104 sciunt
939 1039 1030 1124 quod
1058 1048 1245 1122 praecepta
1269 1038 1396 1102 Divina

270 1141 353 1214 sint,
378 1137 439 1200 sed
467 1135 550 1199 nihil
574 1135 733 1217 cogitant
756 1134 799 1198 de
828 1134 901 1196 vita
930 1133 1117 1196 secundum
1146 1131 1217 1206 illa,
1238 1129 1286 1194 illi
1310 1152 1394 1214 quo·
1496 1207 1500 1212 Ι

269 1251 338 1313 que
358 1239 501 1292 manent
521 1226 706 1302 naturales,
724 1245 787 1288 nec
811 1234 932 1289 curant
955 1225 1022 1288 alia
1040 1243 1142 1307 quam
1165 1244 1253 1306 quae
1276 1224 1395 1287 mundi

269 1332 308 1386 et
324 1321 477 1402 corporis
497 1330 575 1383 sunt
589 1340 596 1397 ;
620 1318 654 1382 hi
671 1326 749 1401 post
761 1327 908 1388 mortem
922 1316 1007 1380 fiunt
1020 1314 1186 1380 famulitia
1202 1325 1237 1380 et
1255 1316 1396 1379 servitia
1480 1319 1486 1334 '

269 1415 460 1478 secundum
480 1433 559 1475 usus
578 1431 663 1494 quos
680 1421 857 1493 praestare
874 1419 1019 1493 possunt
1038 1409 1105 1472 illis
1121 1411 1178 1491 qui
1198 1408 1395 1490 spirituales

269 1514 370 1584 sunt;
390 1524 470 1569 nam
483 1504 648 1568 naturalis
660 1502 765 1567 homo
778 1511 832 1566 est
845 1502 991 1566 famulus
1003 1511 1039 1564 et
1053 1521 1181 1574 servus,
1195 1520 1235 1563 ac
1255 1501 1393 1581 spiritu-

270 1599 336 1662 alis
352 1598 457 1661 homo
473 1605 527 1660 est
539 1595 641 1659 herus
656 1606 694 1659 et
707 1596 876 1668 dominus.
908 1592 975 1675 Qui
991 1614 1036 1657 ex
1053 1591 1151 1656 tertio
1162 1612 1286 1674 genere
1300 1601 1392 1666 sunt,

269 1692 328 1773 qui
347 1697 531 1773 praecepta
543 1689 667 1752 Divina
685 1697 915 1751 contemnunt
931 1696 966 1750 et
984 1694 1127 1768 negant,
1141 1685 1272 1748 illinon
1289 1685 1394 1747 modo

270 1793 413 1846 manent
424 1780 609 1856 naturales,
621 1781 682 1844 sed
695 1781 801 1844 etiam
814 1780 899 1843 fiunt
912 1780 1090 1843 sensuales
1106 1778 1292 1841 secundum
1310 1795 1392 1839 con·

271 1883 441 1958 temptum
459 1886 495 1937 et
511 1874 744 1955 negationem.
780 1871 965 1936 Sensuales
984 1881 1064 1934 sunt
1080 1869 1185 1933 infimi
1209 1868 1392 1944 naturales,

270 1967 327 2048 qui
346 1986 415 2030 non
434 1975 580 2048 possunt
591 1984 693 2047 supra
703 1965 923 2048 apparentias
936 1974 972 2027 et
984 1963 1137 2028 fallacias
1145 1981 1306 2026 sensuum
1319 1981 1393 2025 cor·

271 2059 363 2140 poris
382 2059 559 2141 cogitare;
575 2057 611 2121 hi
623 2069 703 2138 post
716 2067 864 2121 mortem
878 2067 957 2120 sunt
974 2057 1006 2119 in
1021 2056 1161 2120 inferno.

334 2165 433 2233 25⁰.
465 2149 554 2232 Quia
570 2150 604 2214 in
621 2150 749 2213 mundo
766 2150 919 2213 nescitur
931 2148 1010 2232 quid
1028 2148 1214 2231 spiritualis
1229 2157 1266 2211 et
1283 2146 1390 2230 mquid

270 2243 435 2306 naturalis
443 2242 560 2318 homo,
572 2251 607 2306 et
620 2262 640 2305 a
653 2242 770 2306 multis
778 2253 922 2305 vocatur
932 2243 960 2304 is
970 2241 1155 2324 spiritualis
1163 2241 1319 2322 quimere
1329 2260 1391 2303 na·

270 2334 389 2398 turalis
401 2343 466 2411 est,
480 2344 516 2399 et
528 2335 688 2409 vicissim,
703 2335 780 2398 ideo
793 2335 837 2398 de
849 2335 901 2397 his
914 2330 1075 2397 distinete
1086 2333 1268 2395 dicendum
1282 2341 1336 2395 est
1351 2351 1358 2394 :

482 2466 525 2552 (i.)
553 2466 636 2538 Quid
644 2467 728 2554 firmo
741 2467 900 2529 naturalis,
914 2473 943 2536 et
953 2466 1028 2552 qnid
1036 2465 1118 2520 homo
1129 2466 1307 2552 spiritualis.
1374 2539 1380 2552 .

474 2539 527 2609 (ιι.)
555 2539 735 2680 ρναὲἱαῖἰε
747 2538 999 2680 ahprprpursrcpiprahs
1016 2539 1101 2608 apud
1118 2554 1201 2607 quem
1219 2538 1392 2608 sparatualrs

458 2679 525 2750 (iii.)
552 2679 659 2752 Qualis
675 2686 717 2734 est
737 2680 820 2734 homo
841 2680 998 2742 naturalis,
1017 2680 1101 2749 apud
1118 2697 1200 2749 quem
1220 2680 1392 2750 spiritualis

613 2750 733 2837 gradus
745 2768 800 2805 nnn
814 2754 933 2835 apertus
947 2756 995 2812 est,
1008 2749 1060 2804 sed
1070 2767 1156 2820 usque
1168 2768 1225 2805 non
1235 2751 1381 2837 reflatus·

465 2821 528 2893 ov.)
556 2822 1101 2965 Qmssiaiiiiriiiiiiiiniiz‘lif‘d
1120 2839 1202 2893 Μ’
1220 2822 1392 2893 ‘pm‘m‘

476 2963 528 3034 (v.)
553 2963 677 3018 Demum
692 2965 777 3034 quale
791 2965 946 3018 dricrirnen
961 2970 1003 3018 est
1016 2965 1096 3018 inter
1107 2967 1201 3019 vitam
1214 2981 1290 3018 mere
1301 2969 1390 3018 natu·

620 3036 696 3090 ralis
708 3035 835 3089 hominis
842 3041 871 3090 et
882 3038 961 3089 riuter
972 3038 1067 3089 vitam
1081 3035 1194 3090 bestrae.

331 3191 425 3260 251.
457 3173 509 3260 (i.)
533 3173 626 3255 Quid
642 3174 737 3240 homo
760 3175 938 3251 naturalis,
958 3185 991 3239 et
1011 3175 1097 3258 quid
1110 3175 1205 3239 homo
1223 3175 1387 3257 spiritua·

266 3266 484 3333 lis—Homo
495 3289 563 3332 non
576 3278 630 3333 est
643 3268 748 3333 homo
761 3289 806 3332 ex
819 3268 904 3332 facie
920 3278 956 3332 et
975 3288 1128 3350 corpore,
1142 3269 1203 3330 sed
1223 3289 1268 3330 ex
1285 3269 1388 3331 intel·

268 3358 358 3450 lestu
370 3371 406 3425 et
418 3361 600 3425 voluntate
615 3383 623 3440 ;
643 3382 747 3445 quare
764 3382 823 3443 per
835 3360 1008 3424 hominem
1022 3360 1213 3423 naturalem
1228 3371 1263 3424 et
1277 3361 1387 3425 homi·

269 3472 348 3517 nem
371 3454 584 3536 spiritualem
614 3452 818 3536 intelligitur
837 3449 1034 3516 intelleetus
1064 3461 1099 3516 et
1118 3451 1281 3516 voluntas
1305 3453 1386 3536 ejus,

267 3545 360 3627 quod
372 3546 428 3608 vel
441 3547 613 3610 naturales
622 3547 677 3609 vel
690 3545 885 3628 spirituales
899 3546 975 3608 sint.
1001 3545 1177 3609 Naturalis
1187 3545 1292 3609 homo
1301 3567 1386 3628 quo·

267 3637 313 3700 ad
329 3635 542 3702 intelle6lum
562 3658 660 3702 suum
676 3637 943 3702 etvoluntatem
957 3657 1053 3700 suam
1067 3647 1121 3702 est
1137 3639 1225 3702 sicut
1242 3640 1388 3703 mundus

267 3730 446 3806 naturalis,
466 3739 502 3794 et
525 3752 661 3813 quoque
680 3732 794 3794 vocari
818 3740 936 3812 potest
956 3731 1101 3793 mundus
1120 3751 1180 3795 seu
1200 3732 1386 3795 microcos-

267 3839 363 3898 mus;
388 3831 424 3885 et
447 3823 633 3905 spiritualis
656 3823 760 3886 homo
784 3825 895 3906 quoad
919 3820 1134 3886 intelleElum
1153 3843 1250 3886 suum
1271 3834 1306 3888 et
1325 3846 1386 3889 vo·

268 3913 442 3978 luntatem
473 3935 579 3990 suam,
604 3925 658 3979 est
688 3917 776 3978 sicut
807 3917 952 3978 mundus
976 3915 1172 3996 spiritualis
1193 3926 1229 3980 et
1253 3937 1387 3998 quoque

266 4007 383 4070 uocari
399 4016 516 4088 potest
534 4007 591 4070 ille
607 4008 753 4070 mundus
769 4028 828 4070 seu
842 4009 985 4070 caelum.
1030 4007 1169 4071 Exinde
1186 4017 1285 4090 patet
1295 4010 1386 4091 quod

266 4098 434 4161 naturalis
458 4099 572 4175 homo,
592 4101 671 4182 quia
689 4101 723 4163 in
743 4101 891 4182 quadam
915 4101 1064 4182 imagine
1087 4109 1141 4164 est
1160 4100 1306 4163 mundus
1326 4120 1386 4164 na·

266 4190 399 4265 turalis,
420 4201 512 4255 amet
531 4190 590 4255 illa
609 4213 695 4275 quae
712 4193 828 4256 mundi
848 4193 1012 4255 naturalis
1032 4200 1134 4271 sunt;
1154 4202 1191 4256 et
1211 4194 1301 4274 quod
1318 4195 1387 4274 spi-

264 4283 398 4358 ritualis
418 4282 531 4358 homo,
549 4285 627 4366 quia
642 4285 676 4348 in
692 4285 839 4368 quadam
856 4287 1003 4367 imagine
1020 4293 1073 4350 est
1088 4285 1233 4348 mundus
1250 4286 1387 4367 spiritu·

265 4375 343 4450 alis,
358 4384 452 4438 amet
468 4374 527 4438 illa
543 4397 629 4458 quae
644 4375 743 4459 hujus
756 4378 874 4441 mundi
890 4399 949 4440 seu
962 4377 1048 4440 caeli
1065 4387 1154 4441 sunt.
1194 4375 1388 4461 Spiritualis

266 4466 373 4531 homo
395 4467 532 4551 quidem
555 4469 661 4533 etiam
684 4481 779 4533 amat
804 4470 967 4534 mundum
997 4470 1200 4544 naturalem,
1226 4472 1286 4534 sed
1319 4491 1386 4535 non

264 4559 369 4624 aliter
387 4579 488 4644 quam
505 4561 592 4624 sicut
610 4561 712 4625 herus
731 4582 828 4626 suum
846 4563 1019 4636 famulum,
1038 4584 1098 4645 per
1113 4583 1214 4647 quem
1231 4573 1387 4646 praestat

265 4671 367 4717 usus:
392 4654 578 4716 secundum
596 4673 675 4717 usus
694 4654 799 4718 etiam
819 4654 984 4718 naturalis
1004 4655 1108 4718 homo
1128 4656 1166 4720 fit
1185 4659 1272 4720 sicut
1290 4657 1386 4738 spiri·
