3434 5364
482 640 532 690 uu
556 640 690 691 n1v1uo
714 640 859 704 nuous,
880 641 972 692 unus
992 641 1103 691 u-u.
1122 643 1192 710 374.
1330 645 1339 690 ι
1346 644 1383 710 71

269 811 357 875 sicut
378 832 504 894 parvae
526 811 711 893 glandulae
730 812 996 893 conspiciuntur,
1017 813 1060 876 de
1083 832 1150 896 qua
1172 833 1208 876 re
1232 813 1388 876 videatur

268 926 371 989 supra
392 905 440 990 (n.
461 905 549 990 366).
595 906 647 970 Ne
666 927 794 991 quaeso
813 928 858 970 ex
882 907 958 970 idea
977 907 1074 970 vacui
1094 907 1137 971 de
1160 908 1213 970 his
1231 909 1385 988 cogites:

268 1021 413 1066 vacuum
433 1012 487 1067 est
506 1001 659 1078 nihilum,
680 1011 715 1065 et
735 1003 768 1065 in
789 1001 895 1090 nihilo
914 1001 998 1066 nihil
1016 1001 1066 1078 lit,
1087 1012 1122 1066 et
1146 1023 1192 1066 ex
1212 1001 1317 1066 nihilo
1336 1003 1386 1066 ni·

268 1096 317 1161 hil
336 1097 466 1161 existit.
513 1095 582 1180 (De
601 1096 678 1159 idea
697 1097 795 1160 vacui
814 1097 971 1161 videatur
990 1117 1103 1179 supra,
1123 1117 1155 1160 n.
1176 1095 1244 1181 82.)

330 1203 429 1275 374.
453 1188 516 1276 (ii.)
544 1189 642 1270 Quod
652 1191 944 1273 correspondentia
958 1190 1141 1256 voluntatis
1156 1200 1190 1255 et
1203 1190 1387 1255 intellectus

267 1284 317 1351 sit
337 1306 409 1349 cum
431 1285 527 1349 corde
546 1294 580 1349 et
596 1284 761 1368 pulmone,
780 1295 813 1349 et
833 1284 911 1350 inde
927 1285 1225 1368 correspondentia
1242 1285 1387 1350 omnr‘rcm

268 1380 389 1445 mentis
406 1401 479 1446 cum
495 1380 647 1444 omnibus
666 1380 952 1463 corporis-Hoc
973 1400 1099 1444 novum
1119 1392 1186 1457 est,
1207 1381 1286 1465 quia
1305 1379 1385 1444 hac-

267 1485 370 1542 tenus
386 1496 454 1540 non
474 1486 606 1552 notum,
626 1497 671 1540 ex
691 1495 795 1540 causa
812 1477 891 1561 quia
909 1494 978 1539 non
998 1486 1119 1540 notum
1138 1475 1200 1539 luit
1218 1475 1299 1559 quid
1319 1477 1387 1558 spi·

267 1570 402 1648 rituale,
423 1583 459 1636 et
488 1591 576 1656 quae
599 1570 792 1634 differentia
815 1570 885 1653 ejus
912 1592 932 1633 a
963 1571 1122 1647 naturali,
1147 1582 1183 1635 et
1213 1571 1294 1635 inde
1317 1591 1387 1635 non

268 1677 389 1731 notum
412 1667 492 1750 quid
517 1667 847 1748 correspondentia3
880 1667 1189 1750 correspondentia
1215 1667 1306 1730 enim
1333 1676 1387 1731 est

266 1762 495 1847 spiritualium
515 1780 591 1824 cum
612 1761 836 1835 naturalibus,
856 1771 892 1824 et
915 1782 975 1844 per
997 1761 1091 1824 illam
1111 1759 1306 1845 conjunctio
1328 1782 1387 1825 eo·

267 1877 352 1921 rum.
397 1856 528 1920 Dicitur
546 1857 637 1939 quod
660 1851 827 1918 hactenus
851 1875 918 1919 non
943 1866 1063 1920 notum
1083 1856 1194 1932 suerit,
1215 1857 1295 1940 quid
1319 1857 1386 1941 spi·

266 1951 401 2025 rituale,
433 1961 469 2014 et
504 1971 591 2034 quae
621 1950 692 2032 ejus
719 1951 1025 2033 correspondentia
1055 1971 1132 2015 cum
1163 1952 1320 2028 naturali,
1352 1961 1388 2016 et

266 2047 347 2111 inde
377 2046 457 2129 quid
489 2045 805 2128 correspondentia,
836 2046 897 2108 sed
928 2065 1034 2131 usque
1063 2058 1243 2130 utrumque
1273 2049 1387 2130 potuit

266 2151 389 2205 notum
408 2161 495 2205 esse.
541 2138 626 2223 Quis
644 2160 712 2204 non
730 2143 795 2203 scit
812 2140 903 2222 quod
920 2138 1053 2204 affectio
1072 2151 1109 2206 et
1128 2144 1300 2225 cogitatio
1319 2144 1390 2206 sint

266 2236 471 2321 spirituales,
488 2244 524 2299 et
548 2235 627 2299 inde
650 2236 741 2319 quod
761 2237 877 2299 omnia
896 2233 1085 2299 affectionis
1107 2246 1143 2301 et
1166 2239 1390 2320 cogitationis

266 2333 337 2396 sint
353 2330 568 2414 spiritualia?
613 2329 698 2412 Quis
721 2351 791 2393 non
811 2331 878 2394 scit
890 2331 981 2413 quod
1002 2329 1091 2394 actio
1110 2341 1146 2395 et
1166 2332 1303 2416 loquela
1319 2335 1388 2398 sint

266 2426 452 2502 naturales,
473 2435 510 2490 et
535 2425 616 2488 inde
639 2427 754 2488 omnia
779 2445 868 2508 quae
886 2422 1030 2488 actionis
1053 2435 1089 2488 et
1115 2426 1273 2509 loquelae
1296 2438 1386 2507 sunt,

266 2521 437 2586 naturalia
463 2520 554 2584 sint?
599 2517 683 2600 Quis
710 2540 779 2584 non
810 2521 875 2583 scit
906 2521 996 2603 quod
1029 2519 1163 2584 affectio
1189 2533 1224 2587 et
1253 2526 1386 2606 cogita·

265 2617 327 2692 tio,
345 2636 432 2700 quae
455 2615 649 2699 spirituales
673 2624 762 2691 sunt,
776 2614 902 2679 saciant
925 2625 962 2679 ut
984 2614 1090 2681 homo
1108 2629 1192 2698 agat
1211 2627 1247 2681 et
1266 2618 1386 2704 loqua-

266 2712 344 2777 tur?
389 2709 474 2794 Quis
503 2710 583 2774 inde
612 2730 682 2774 non
710 2711 797 2774 scire
825 2718 945 2792 potest
971 2711 1051 2795 quid
1080 2714 1387 2796 correspondentia

266 2807 492 2891 spiritualium
516 2825 592 2869 cum
616 2805 853 2870 naturalibus?
899 2805 1029 2869 Annon
1053 2808 1222 2890 cogitatio
1244 2808 1325 2873 lacit
1349 2822 1386 2875 ut

265 2902 383 2986 lingua
399 2902 569 2984 loquatur,
587 2909 623 2965 et
641 2897 777 2965 affectio
793 2919 953 2964 unacum
972 2902 1187 2985 cogitatione
1207 2913 1246 2968 ut
1263 2924 1387 2988 corpus

265 2999 372 3081 agat?
417 2995 503 3060 Sunt
527 2997 595 3059 duo
618 2992 792 3060 distincta.
839 2993 1003 3079 Cogitare
1027 3017 1167 3080 possum
1186 3008 1223 3061 et
1242 3019 1311 3063 non
1334 2999 1386 3065 lo·

266 3093 333 3177 qui,
350 3101 387 3156 et
403 3092 494 3156 velle
517 3110 656 3174 possum
676 3101 712 3156 et
731 3111 800 3156 non
820 3111 941 3174 agere:
974 3100 1010 3155 et
1030 3092 1136 3156 scitur
1153 3092 1245 3176 quod
1264 3113 1386 3179 corpus

266 3207 336 3253 non
348 3188 481 3270 cogitet
493 3194 528 3250 et
539 3205 609 3249 non
622 3187 717 3261 velit,
731 3188 791 3250 sed
804 3187 895 3270 quod
913 3185 1081 3268 cogitatio
1098 3186 1201 3251 cadat
1217 3189 1251 3251 in
1267 3187 1384 3273 loque-

265 3283 336 3348 lam
352 3291 390 3346 et
404 3281 566 3347 voluntas
582 3283 615 3344 in
632 3278 814 3346 actionem.
860 3281 989 3346 Annon
1007 3283 1110 3345 etiam
1127 3279 1260 3346 affectio
1275 3283 1388 3348 elucet

266 3400 312 3445 ex
323 3379 420 3454 facie,
435 3387 471 3442 et
484 3378 577 3441 sistit
589 3378 635 3441 ibi
648 3388 769 3461 typum
782 3377 854 3441 sui?
890 3376 967 3440 Hoc
981 3377 1121 3461 quisque
1135 3379 1241 3442 novit.
1278 3377 1387 3443 Estne

265 3471 400 3540 affectio
429 3475 463 3538 in
493 3495 530 3536 se
557 3471 715 3556 spectata
742 3473 938 3557 spiritualis,
966 3493 1006 3536 ac
1037 3474 1249 3538 mutationes
1277 3473 1385 3550 faciei,

266 3590 353 3655 quae
382 3568 486 3633 etiam
516 3567 632 3632 vultus
656 3578 835 3643 vocantur,
857 3576 937 3631 sunt
962 3567 1160 3631 naturales?
1204 3566 1290 3650 Quis
1316 3588 1385 3633 non

265 3667 345 3730 inde
365 3665 479 3748 potuit
498 3664 714 3738 concludere,
735 3664 826 3747 quod
847 3662 1153 3744 correspondentia
1172 3663 1228 3740 sit,
1248 3673 1285 3730 et
1306 3663 1386 3728 inde

266 3761 356 3845 quod
376 3759 683 3842 correspondentia
713 3759 865 3822 omnium
895 3757 1021 3821 mentis
1052 3758 1096 3822 sit
1126 3777 1203 3822 cum
1227 3758 1385 3823 omnibus

266 3855 442 3938 corporis?
465 3863 501 3918 et
517 3854 596 3937 quia
612 3855 726 3916 omnia
742 3854 869 3916 mentis
887 3873 924 3917 se
939 3851 1089 3917 referunt
1105 3853 1149 3916 ad
1170 3849 1385 3917 affectionem

265 3959 302 4014 et
333 3949 591 4032 cogitationem,
616 3969 676 4012 seu
699 3948 788 4031 quod
822 3947 914 4011 idem
945 3956 1009 4023 est,
1034 3948 1077 4010 ad
1103 3947 1321 4011 voluntatem
1349 3957 1385 4012 et

266 4041 491 4118 intellectum,
512 4054 548 4107 et
568 4045 683 4106 omnia
702 4042 854 4123 corporis
871 4042 914 4105 ad
931 4061 990 4106 cor
1008 4051 1044 4106 et
1063 4040 1272 4125 pulmonem,
1293 4041 1383 4125 quod

266 4139 574 4222 correspondentia
595 4140 641 4203 sit
668 4137 858 4200 voluntatis
881 4157 957 4201 cum
986 4136 1100 4212 corde,
1124 4155 1164 4200 ac
1188 4135 1384 4200 intellectus

267 4254 344 4300 cum
361 4233 545 4317 pulmone?
586 4231 688 4314 Quod
705 4232 788 4296 talia
804 4252 874 4296 non
892 4241 976 4296 nota
990 4232 1126 4307 suerint,
1144 4233 1283 4295 tametsi
1300 4241 1385 4294 nota

267 4339 454 4413 potuerunt
474 4349 559 4404 esse,
581 4338 635 4393 est
654 4347 767 4404 causa,
785 4328 863 4413 quia
878 4328 984 4391 homo
1000 4336 1071 4390 tam
1092 4338 1257 4390 externus
1276 4325 1384 4390 sactus

266 4436 331 4498 est,
353 4435 389 4488 ut
414 4424 496 4487 nihil
520 4427 583 4487 nisi
606 4444 706 4507 quam
727 4424 884 4487 naturale
907 4422 1054 4486 voluerit
1078 4443 1286 4504 agnoscere;
1317 4422 1382 4485 hoc

265 4519 449 4600 jucundum
469 4521 593 4583 amoris
621 4520 691 4602 ejus
713 4519 786 4596 fuit,
806 4529 843 4585 et
872 4519 952 4583 inde
973 4518 1158 4600 jucundum
1186 4517 1384 4581 intellectus

253 4613 338 4711 ¹ejus
361 4615 445 4694 luit;
476 4635 579 4699 quare
602 4614 739 4679 elevare
761 4615 1010 4698 cogitationem
1034 4634 1135 4696 supra
1158 4614 1312 4676 naturale
1339 4615 1383 4676 ad
