<?xml version="1.0" encoding="UTF-8"?>
<!DOCTYPE html PUBLIC "-//W3C//DTD XHTML 1.0 Transitional//EN"
    "http://www.w3.org/TR/xhtml1/DTD/xhtml1-transitional.dtd">
<html xmlns="http://www.w3.org/1999/xhtml" xml:lang="en" lang="en">
 <head>
  <title>
</title>
<meta http-equiv="Content-Type" content="text/html;charset=utf-8" />
  <meta name='ocr-system' content='tesseract 3.04.00' />
  <meta name='ocr-capabilities' content='ocr_page ocr_carea ocr_par ocr_line ocrx_word'/>
</head>
<body>
  <div class='ocr_page' id='page_1' title='image "./sapientaangelic01swedgoog_0160.png"; bbox 0 0 3352 5374; ppageno 0'>
   <div class='ocr_carea' id='block_1_1' title="bbox 410 643 1339 720">
    <p class='ocr_par' dir='ltr' id='par_1_1' title="bbox 410 643 1339 720">
     <span class='ocr_line' id='line_1_1' title="bbox 410 643 1339 720; baseline 0.006 -26"><span class='ocrx_word' id='word_1_1' title='bbox 410 645 461 694; x_wconf 81' lang='lat' dir='ltr'>nn</span> <span class='ocrx_word' id='word_1_2' title='bbox 483 643 620 697; x_wconf 80' lang='lat' dir='ltr'>mvmo</span> <span class='ocrx_word' id='word_1_3' title='bbox 642 645 787 709; x_wconf 71' lang='lat' dir='ltr'>ancona,</span> <span class='ocrx_word' id='word_1_4' title='bbox 812 646 905 697; x_wconf 74' lang='lat' dir='ltr'>enus</span> <span class='ocrx_word' id='word_1_5' title='bbox 927 646 1056 698; x_wconf 81' lang='lat' dir='ltr'>1V.-u.</span> <span class='ocrx_word' id='word_1_6' title='bbox 1077 649 1147 718; x_wconf 83' lang='lat'>335.</span> <span class='ocrx_word' id='word_1_7' title='bbox 1280 649 1339 720; x_wconf 82' lang='lat'>145</span> 
     </span>
    </p>
   </div>
   <div class='ocr_carea' id='block_1_2' title="bbox 181 812 1393 4125">
    <p class='ocr_par' dir='ltr' id='par_1_2' title="bbox 217 812 1341 1066">
     <span class='ocr_line' id='line_1_2' title="bbox 217 812 1340 900; baseline 0.007 -21"><span class='ocrx_word' id='word_1_8' title='bbox 217 824 386 900; x_wconf 90' lang='lat' dir='ltr'>quantum</span> <span class='ocrx_word' id='word_1_9' title='bbox 415 812 634 899; x_wconf 86' lang='lat' dir='ltr'>applicantur</span> <span class='ocrx_word' id='word_1_10' title='bbox 663 817 767 881; x_wconf 85' lang='lat' dir='ltr'>vitae.</span> <span class='ocrx_word' id='word_1_11' title='bbox 813 815 889 882; x_wconf 89' lang='lat' dir='ltr'>Hos</span> <span class='ocrx_word' id='word_1_12' title='bbox 923 837 1003 881; x_wconf 86' lang='lat' dir='ltr'>usus</span> <span class='ocrx_word' id='word_1_13' title='bbox 1037 829 1236 884; x_wconf 87' lang='lat' dir='ltr'>enumerare</span> <span class='ocrx_word' id='word_1_14' title='bbox 1270 839 1340 888; x_wconf 87' lang='lat' dir='ltr'>non</span> 
     </span>
     <span class='ocr_line' id='line_1_3' title="bbox 218 909 1341 996; baseline 0.006 -24"><span class='ocrx_word' id='word_1_15' title='bbox 218 916 333 984; x_wconf 86' lang='lat' dir='ltr'>vacat,</span> <span class='ocrx_word' id='word_1_16' title='bbox 353 917 424 972; x_wconf 91' lang='lat' dir='ltr'>tam</span> <span class='ocrx_word' id='word_1_17' title='bbox 444 917 586 992; x_wconf 92' lang='lat' dir='ltr'>propter</span> <span class='ocrx_word' id='word_1_18' title='bbox 604 909 751 991; x_wconf 91' lang='lat' dir='ltr'>copiam,</span> <span class='ocrx_word' id='word_1_19' title='bbox 771 929 873 993; x_wconf 91' lang='lat' dir='ltr'>quam</span> <span class='ocrx_word' id='word_1_20' title='bbox 893 920 1034 993; x_wconf 90' lang='lat' dir='ltr'>propter</span> <span class='ocrx_word' id='word_1_21' title='bbox 1052 912 1183 976; x_wconf 92' lang='lat' dir='ltr'>varium</span> <span class='ocrx_word' id='word_1_22' title='bbox 1201 932 1341 996; x_wconf 88' lang='lat' dir='ltr'>respec-</span> 
     </span>
     <span class='ocr_line' id='line_1_4' title="bbox 218 1001 716 1066; baseline -0.004 0"><span class='ocrx_word' id='word_1_23' title='bbox 218 1011 294 1066; x_wconf 93' lang='lat' dir='ltr'>tum</span> <span class='ocrx_word' id='word_1_24' title='bbox 313 1001 356 1064; x_wconf 92' lang='lat' dir='ltr'>ad</span> <span class='ocrx_word' id='word_1_25' title='bbox 376 1019 557 1066; x_wconf 91' lang='lat' dir='ltr'>commune</span> <span class='ocrx_word' id='word_1_26' title='bbox 576 1002 716 1066; x_wconf 90' lang='lat' dir='ltr'>bonum.</span> 
     </span>
    </p>

    <p class='ocr_par' dir='ltr' id='par_1_3' title="bbox 181 1092 1360 2835">
     <span class='ocr_line' id='line_1_5' title="bbox 282 1092 1343 1176; baseline 0.005 -19"><span class='ocrx_word' id='word_1_27' title='bbox 282 1109 382 1176; x_wconf 79' lang='grc'><strong>333.</strong></span> <span class='ocrx_word' id='word_1_28' title='bbox 417 1092 505 1157; x_wconf 88' lang='lat' dir='ltr'>Usus</span> <span class='ocrx_word' id='word_1_29' title='bbox 528 1093 577 1157; x_wconf 86' lang='lat' dir='ltr'>ad</span> <span class='ocrx_word' id='word_1_30' title='bbox 595 1092 817 1174; x_wconf 80' lang='lat' dir='ltr'>recipiendum</span> <span class='ocrx_word' id='word_1_31' title='bbox 837 1092 1026 1176; x_wconf 81' lang='lat' dir='ltr'>Spirituale</span> <span class='ocrx_word' id='word_1_32' title='bbox 1047 1116 1069 1159; x_wconf 91' lang='lat' dir='ltr'>a</span> <span class='ocrx_word' id='word_1_33' title='bbox 1090 1095 1240 1173; x_wconf 80' lang='lat' dir='ltr'>Domino,</span> <span class='ocrx_word' id='word_1_34' title='bbox 1261 1105 1343 1163; x_wconf 90' lang='lat' dir='ltr'>sunt</span> 
     </span>
     <span class='ocr_line' id='line_1_6' title="bbox 181 1184 1343 1270; baseline 0.003 -21"><span class='ocrx_word' id='word_1_35' title='bbox 181 1255 186 1266; x_wconf 55' lang='grc'>,</span> <span class='ocrx_word' id='word_1_36' title='bbox 220 1187 335 1249; x_wconf 91' lang='lat' dir='ltr'>omnia</span> <span class='ocrx_word' id='word_1_37' title='bbox 351 1205 436 1267; x_wconf 90' lang='lat' dir='ltr'>quae</span> <span class='ocrx_word' id='word_1_38' title='bbox 454 1184 630 1267; x_wconf 85' lang='lat' dir='ltr'>religionis</span> <span class='ocrx_word' id='word_1_39' title='bbox 646 1194 681 1248; x_wconf 87' lang='lat' dir='ltr'>et</span> <span class='ocrx_word' id='word_1_40' title='bbox 702 1186 781 1250; x_wconf 88' lang='lat' dir='ltr'>inde</span> <span class='ocrx_word' id='word_1_41' title='bbox 794 1188 907 1250; x_wconf 91' lang='lat' dir='ltr'>cultus</span> <span class='ocrx_word' id='word_1_42' title='bbox 920 1197 1000 1249; x_wconf 90' lang='lat' dir='ltr'>sunt</span> <span class='ocrx_word' id='word_1_43' title='bbox 1014 1208 1021 1264; x_wconf 94' lang='lat'>;</span> <span class='ocrx_word' id='word_1_44' title='bbox 1045 1187 1092 1250; x_wconf 90' lang='lat' dir='ltr'>ita</span> <span class='ocrx_word' id='word_1_45' title='bbox 1109 1207 1195 1270; x_wconf 88' lang='lat' dir='ltr'>quae</span> <span class='ocrx_word' id='word_1_46' title='bbox 1211 1188 1343 1253; x_wconf 83' lang='lat' dir='ltr'>docent</span> 
     </span>
     <span class='ocr_line' id='line_1_7' title="bbox 221 1277 1340 1362; baseline 0.002 -21"><span class='ocrx_word' id='word_1_47' title='bbox 221 1279 434 1360; x_wconf 86' lang='lat' dir='ltr'>agnitionem</span> <span class='ocrx_word' id='word_1_48' title='bbox 453 1286 489 1340; x_wconf 89' lang='lat' dir='ltr'>et</span> <span class='ocrx_word' id='word_1_49' title='bbox 513 1278 748 1359; x_wconf 85' lang='lat' dir='ltr'>cognitionem</span> <span class='ocrx_word' id='word_1_50' title='bbox 768 1277 842 1352; x_wconf 92' lang='lat' dir='ltr'>Dei,</span> <span class='ocrx_word' id='word_1_51' title='bbox 863 1289 899 1342; x_wconf 91' lang='lat' dir='ltr'>et</span> <span class='ocrx_word' id='word_1_52' title='bbox 923 1280 1159 1361; x_wconf 86' lang='lat' dir='ltr'>cognitionem</span> <span class='ocrx_word' id='word_1_53' title='bbox 1184 1290 1219 1344; x_wconf 92' lang='lat' dir='ltr'>et</span> <span class='ocrx_word' id='word_1_54' title='bbox 1242 1281 1340 1362; x_wconf 91' lang='lat' dir='ltr'>agni·</span> 
     </span>
     <span class='ocr_line' id='line_1_8' title="bbox 221 1370 1345 1453; baseline 0.004 -21"><span class='ocrx_word' id='word_1_55' title='bbox 221 1371 349 1433; x_wconf 92' lang='lat' dir='ltr'>tionem</span> <span class='ocrx_word' id='word_1_56' title='bbox 366 1370 445 1432; x_wconf 91' lang='lat' dir='ltr'>boni</span> <span class='ocrx_word' id='word_1_57' title='bbox 465 1378 501 1433; x_wconf 92' lang='lat' dir='ltr'>et</span> <span class='ocrx_word' id='word_1_58' title='bbox 517 1370 599 1443; x_wconf 90' lang='lat' dir='ltr'>veri,</span> <span class='ocrx_word' id='word_1_59' title='bbox 617 1379 653 1433; x_wconf 92' lang='lat' dir='ltr'>et</span> <span class='ocrx_word' id='word_1_60' title='bbox 670 1370 717 1432; x_wconf 91' lang='lat' dir='ltr'>sic</span> <span class='ocrx_word' id='word_1_61' title='bbox 734 1371 842 1433; x_wconf 90' lang='lat' dir='ltr'>vitam</span> <span class='ocrx_word' id='word_1_62' title='bbox 859 1381 1057 1448; x_wconf 90' lang='lat' dir='ltr'>aeternam;</span> <span class='ocrx_word' id='word_1_63' title='bbox 1081 1391 1168 1453; x_wconf 90' lang='lat' dir='ltr'>quae</span> <span class='ocrx_word' id='word_1_64' title='bbox 1185 1371 1345 1436; x_wconf 87' lang='lat' dir='ltr'>similiter</span> 
     </span>
     <span class='ocr_line' id='line_1_9' title="bbox 223 1459 1345 1545; baseline 0.001 -19"><span class='ocrx_word' id='word_1_65' title='bbox 223 1472 258 1526; x_wconf 95' lang='lat' dir='ltr'>ut</span> <span class='ocrx_word' id='word_1_66' title='bbox 282 1461 484 1545; x_wconf 89' lang='lat' dir='ltr'>disciplinae</span> <span class='ocrx_word' id='word_1_67' title='bbox 509 1459 558 1544; x_wconf 89' lang='lat' dir='ltr'>[e]</span> <span class='ocrx_word' id='word_1_68' title='bbox 583 1461 792 1544; x_wconf 88' lang='lat' dir='ltr'>parentibus,</span> <span class='ocrx_word' id='word_1_69' title='bbox 818 1463 1003 1544; x_wconf 68' lang='lat' dir='ltr'>magistris</span> <span class='ocrx_word' id='word_1_70' title='bbox 1029 1463 1345 1543; x_wconf 71' lang='lat' dir='ltr'>praedicationibus</span> 
     </span>
     <span class='ocr_line' id='line_1_10' title="bbox 222 1554 1343 1636; baseline 0.001 -19"><span class='ocrx_word' id='word_1_71' title='bbox 222 1565 256 1618; x_wconf 93' lang='lat' dir='ltr'>et</span> <span class='ocrx_word' id='word_1_72' title='bbox 274 1554 367 1618; x_wconf 90' lang='lat' dir='ltr'>libris</span> <span class='ocrx_word' id='word_1_73' title='bbox 383 1554 591 1628; x_wconf 91' lang='lat' dir='ltr'>hauriuntur,</span> <span class='ocrx_word' id='word_1_74' title='bbox 608 1564 643 1617; x_wconf 88' lang='lat' dir='ltr'>et</span> <span class='ocrx_word' id='word_1_75' title='bbox 660 1555 824 1636; x_wconf 85' lang='lat' dir='ltr'>imprimis</span> <span class='ocrx_word' id='word_1_76' title='bbox 841 1574 901 1635; x_wconf 91' lang='lat' dir='ltr'>per</span> <span class='ocrx_word' id='word_1_77' title='bbox 917 1554 1030 1617; x_wconf 91' lang='lat' dir='ltr'>studia</span> <span class='ocrx_word' id='word_1_78' title='bbox 1046 1556 1138 1618; x_wconf 90' lang='lat' dir='ltr'>vitae</span> <span class='ocrx_word' id='word_1_79' title='bbox 1155 1556 1343 1618; x_wconf 90' lang='lat' dir='ltr'>secundum</span> 
     </span>
     <span class='ocr_line' id='line_1_11' title="bbox 221 1643 1345 1729; baseline -0.001 -18"><span class='ocrx_word' id='word_1_80' title='bbox 221 1648 317 1711; x_wconf 91' lang='lat' dir='ltr'>illas:</span> <span class='ocrx_word' id='word_1_81' title='bbox 350 1648 383 1708; x_wconf 95' lang='lat' dir='ltr'>in</span> <span class='ocrx_word' id='word_1_82' title='bbox 408 1645 606 1711; x_wconf 90' lang='lat' dir='ltr'>Christiano</span> <span class='ocrx_word' id='word_1_83' title='bbox 625 1647 707 1710; x_wconf 90' lang='lat' dir='ltr'>orbe</span> <span class='ocrx_word' id='word_1_84' title='bbox 731 1667 790 1729; x_wconf 90' lang='lat' dir='ltr'>per</span> <span class='ocrx_word' id='word_1_85' title='bbox 809 1643 983 1710; x_wconf 72' lang='lat' dir='ltr'>dodtrinas</span> <span class='ocrx_word' id='word_1_86' title='bbox 1007 1655 1042 1709; x_wconf 89' lang='lat' dir='ltr'>et</span> <span class='ocrx_word' id='word_1_87' title='bbox 1066 1646 1345 1727; x_wconf 85' lang='lat' dir='ltr'>praedicationes</span> 
     </span>
     <span class='ocr_line' id='line_1_12' title="bbox 222 1737 1345 1820; baseline 0 -18"><span class='ocrx_word' id='word_1_88' title='bbox 222 1761 267 1802; x_wconf 83' lang='lat' dir='ltr'>ex</span> <span class='ocrx_word' id='word_1_89' title='bbox 291 1739 420 1814; x_wconf 91' lang='lat' dir='ltr'>Verbo,</span> <span class='ocrx_word' id='word_1_90' title='bbox 441 1749 477 1803; x_wconf 92' lang='lat' dir='ltr'>et</span> <span class='ocrx_word' id='word_1_91' title='bbox 500 1758 561 1820; x_wconf 91' lang='lat' dir='ltr'>per</span> <span class='ocrx_word' id='word_1_92' title='bbox 579 1738 733 1802; x_wconf 87' lang='lat' dir='ltr'>Verbum</span> <span class='ocrx_word' id='word_1_93' title='bbox 757 1760 801 1803; x_wconf 89' lang='lat' dir='ltr'>ex</span> <span class='ocrx_word' id='word_1_94' title='bbox 827 1740 986 1802; x_wconf 91' lang='lat' dir='ltr'>Domino.</span> <span class='ocrx_word' id='word_1_95' title='bbox 1032 1738 1181 1802; x_wconf 86' lang='lat' dir='ltr'>Possunt</span> <span class='ocrx_word' id='word_1_96' title='bbox 1204 1737 1238 1801; x_wconf 91' lang='lat' dir='ltr'>hi</span> <span class='ocrx_word' id='word_1_97' title='bbox 1262 1759 1345 1802; x_wconf 91' lang='lat' dir='ltr'>usus</span> 
     </span>
     <span class='ocr_line' id='line_1_13' title="bbox 222 1831 1344 1913; baseline -0.002 -17"><span class='ocrx_word' id='word_1_98' title='bbox 222 1835 256 1896; x_wconf 91' lang='lat' dir='ltr'>in</span> <span class='ocrx_word' id='word_1_99' title='bbox 275 1853 336 1894; x_wconf 90' lang='lat' dir='ltr'>sua</span> <span class='ocrx_word' id='word_1_100' title='bbox 358 1833 564 1896; x_wconf 87' lang='lat' dir='ltr'>extensione</span> <span class='ocrx_word' id='word_1_101' title='bbox 588 1851 648 1911; x_wconf 91' lang='lat' dir='ltr'>per</span> <span class='ocrx_word' id='word_1_102' title='bbox 667 1832 801 1905; x_wconf 86' lang='lat' dir='ltr'>similia,</span> <span class='ocrx_word' id='word_1_103' title='bbox 822 1851 881 1913; x_wconf 92' lang='lat' dir='ltr'>per</span> <span class='ocrx_word' id='word_1_104' title='bbox 900 1851 987 1912; x_wconf 88' lang='lat' dir='ltr'>quae</span> <span class='ocrx_word' id='word_1_105' title='bbox 1011 1850 1089 1894; x_wconf 90' lang='lat' dir='ltr'>usus</span> <span class='ocrx_word' id='word_1_106' title='bbox 1112 1831 1263 1912; x_wconf 89' lang='lat' dir='ltr'>corporis</span> <span class='ocrx_word' id='word_1_107' title='bbox 1282 1831 1344 1894; x_wconf 89' lang='lat' dir='ltr'>de·</span> 
     </span>
     <span class='ocr_line' id='line_1_14' title="bbox 222 1923 1343 2006; baseline -0.002 -18"><span class='ocrx_word' id='word_1_108' title='bbox 222 1925 343 2000; x_wconf 88' lang='lat' dir='ltr'>scribi;</span> <span class='ocrx_word' id='word_1_109' title='bbox 367 1934 404 1987; x_wconf 90' lang='lat' dir='ltr'>ut</span> <span class='ocrx_word' id='word_1_110' title='bbox 423 1943 484 2006; x_wconf 88' lang='lat' dir='ltr'>per</span> <span class='ocrx_word' id='word_1_111' title='bbox 503 1924 738 1998; x_wconf 86' lang='lat' dir='ltr'>nutritionem,</span> <span class='ocrx_word' id='word_1_112' title='bbox 756 1923 994 1997; x_wconf 89' lang='lat' dir='ltr'>induitionem,</span> <span class='ocrx_word' id='word_1_113' title='bbox 1012 1923 1272 1997; x_wconf 84' lang='lat' dir='ltr'>habitationem,</span> <span class='ocrx_word' id='word_1_114' title='bbox 1289 1943 1343 1986; x_wconf 87' lang='lat' dir='ltr'>re·</span> 
     </span>
     <span class='ocr_line' id='line_1_15' title="bbox 223 2012 1347 2091; baseline -0.001 -12"><span class='ocrx_word' id='word_1_115' title='bbox 223 2019 433 2080; x_wconf 87' lang='lat' dir='ltr'>creationem</span> <span class='ocrx_word' id='word_1_116' title='bbox 461 2025 498 2080; x_wconf 91' lang='lat' dir='ltr'>et</span> <span class='ocrx_word' id='word_1_117' title='bbox 527 2012 806 2088; x_wconf 67' lang='lat' dir='ltr'>delectationem,</span> <span class='ocrx_word' id='word_1_118' title='bbox 832 2016 1042 2079; x_wconf 91' lang='lat' dir='ltr'>tutationem</span> <span class='ocrx_word' id='word_1_119' title='bbox 1073 2027 1207 2091; x_wconf 88' lang='lat' dir='ltr'>status;</span> <span class='ocrx_word' id='word_1_120' title='bbox 1240 2015 1347 2078; x_wconf 90' lang='lat' dir='ltr'>modo</span> 
     </span>
     <span class='ocr_line' id='line_1_16' title="bbox 223 2107 1360 2191; baseline -0.003 -19"><span class='ocrx_word' id='word_1_121' title='bbox 223 2109 282 2172; x_wconf 88' lang='lat' dir='ltr'>fiat</span> <span class='ocrx_word' id='word_1_122' title='bbox 301 2109 488 2191; x_wconf 87' lang='lat' dir='ltr'>applicatio</span> <span class='ocrx_word' id='word_1_123' title='bbox 506 2109 549 2171; x_wconf 91' lang='lat' dir='ltr'>ad</span> <span class='ocrx_word' id='word_1_124' title='bbox 569 2110 729 2182; x_wconf 90' lang='lat' dir='ltr'>animam,</span> <span class='ocrx_word' id='word_1_125' title='bbox 747 2108 890 2172; x_wconf 90' lang='lat' dir='ltr'>nutritio</span> <span class='ocrx_word' id='word_1_126' title='bbox 909 2108 953 2170; x_wconf 96' lang='lat' dir='ltr'>ad</span> <span class='ocrx_word' id='word_1_127' title='bbox 973 2107 1064 2170; x_wconf 92' lang='lat' dir='ltr'>bona</span> <span class='ocrx_word' id='word_1_128' title='bbox 1081 2107 1215 2180; x_wconf 92' lang='lat' dir='ltr'>amoris,</span> <span class='ocrx_word' id='word_1_129' title='bbox 1232 2108 1360 2169; x_wconf 75' lang='lat' dir='ltr'>indui·&#39;</span> 
     </span>
     <span class='ocr_line' id='line_1_17' title="bbox 224 2199 1347 2282; baseline -0.001 -18"><span class='ocrx_word' id='word_1_130' title='bbox 224 2204 274 2264; x_wconf 91' lang='lat' dir='ltr'>tio</span> <span class='ocrx_word' id='word_1_131' title='bbox 296 2202 340 2264; x_wconf 92' lang='lat' dir='ltr'>ad</span> <span class='ocrx_word' id='word_1_132' title='bbox 361 2221 442 2264; x_wconf 89' lang='lat' dir='ltr'>vera</span> <span class='ocrx_word' id='word_1_133' title='bbox 464 2201 665 2282; x_wconf 88' lang='lat' dir='ltr'>sapientiae,</span> <span class='ocrx_word' id='word_1_134' title='bbox 685 2200 858 2264; x_wconf 89' lang='lat' dir='ltr'>habitatio</span> <span class='ocrx_word' id='word_1_135' title='bbox 880 2201 924 2263; x_wconf 93' lang='lat' dir='ltr'>ad</span> <span class='ocrx_word' id='word_1_136' title='bbox 949 2199 1093 2273; x_wconf 90' lang='lat' dir='ltr'>caelum,</span> <span class='ocrx_word' id='word_1_137' title='bbox 1118 2201 1285 2262; x_wconf 88' lang='lat' dir='ltr'>recreatio</span> <span class='ocrx_word' id='word_1_138' title='bbox 1308 2207 1347 2263; x_wconf 91' lang='lat' dir='ltr'>et</span> 
     </span>
     <span class='ocr_line' id='line_1_18' title="bbox 224 2289 1345 2374; baseline -0.003 -17"><span class='ocrx_word' id='word_1_139' title='bbox 224 2291 409 2357; x_wconf 73' lang='lat' dir='ltr'>delelStatio</span> <span class='ocrx_word' id='word_1_140' title='bbox 431 2293 475 2356; x_wconf 89' lang='lat' dir='ltr'>ad</span> <span class='ocrx_word' id='word_1_141' title='bbox 505 2292 706 2356; x_wconf 84' lang='lat' dir='ltr'>felicitatem</span> <span class='ocrx_word' id='word_1_142' title='bbox 730 2293 823 2356; x_wconf 92' lang='lat' dir='ltr'>vitae</span> <span class='ocrx_word' id='word_1_143' title='bbox 853 2301 889 2355; x_wconf 92' lang='lat' dir='ltr'>et</span> <span class='ocrx_word' id='word_1_144' title='bbox 919 2293 963 2355; x_wconf 91' lang='lat' dir='ltr'>ad</span> <span class='ocrx_word' id='word_1_145' title='bbox 993 2293 1156 2374; x_wconf 88' lang='lat' dir='ltr'>gaudium</span> <span class='ocrx_word' id='word_1_146' title='bbox 1180 2289 1345 2367; x_wconf 90' lang='lat' dir='ltr'>caeleste,</span> 
     </span>
     <span class='ocr_line' id='line_1_19' title="bbox 224 2382 1345 2458; baseline -0.004 -9"><span class='ocrx_word' id='word_1_147' title='bbox 224 2385 353 2449; x_wconf 88' lang='lat' dir='ltr'>tutatio</span> <span class='ocrx_word' id='word_1_148' title='bbox 369 2385 413 2448; x_wconf 90' lang='lat' dir='ltr'>ad</span> <span class='ocrx_word' id='word_1_149' title='bbox 430 2384 521 2448; x_wconf 87' lang='lat' dir='ltr'>mala</span> <span class='ocrx_word' id='word_1_150' title='bbox 537 2384 748 2458; x_wconf 89' lang='lat' dir='ltr'>infestantia,</span> <span class='ocrx_word' id='word_1_151' title='bbox 764 2393 799 2446; x_wconf 91' lang='lat' dir='ltr'>et</span> <span class='ocrx_word' id='word_1_152' title='bbox 815 2385 1034 2447; x_wconf 87' lang='lat' dir='ltr'>conservatio</span> <span class='ocrx_word' id='word_1_153' title='bbox 1047 2393 1160 2446; x_wconf 88' lang='lat' dir='ltr'>status</span> <span class='ocrx_word' id='word_1_154' title='bbox 1177 2382 1219 2444; x_wconf 88' lang='lat' dir='ltr'>ad</span> <span class='ocrx_word' id='word_1_155' title='bbox 1236 2383 1345 2446; x_wconf 87' lang='lat' dir='ltr'>vitam</span> 
     </span>
     <span class='ocr_line' id='line_1_20' title="bbox 224 2474 1346 2555; baseline -0.004 -14"><span class='ocrx_word' id='word_1_156' title='bbox 224 2487 411 2541; x_wconf 90' lang='lat' dir='ltr'>aeternam.</span> <span class='ocrx_word' id='word_1_157' title='bbox 459 2475 555 2539; x_wconf 89' lang='lat' dir='ltr'>Haec</span> <span class='ocrx_word' id='word_1_158' title='bbox 573 2477 688 2539; x_wconf 92' lang='lat' dir='ltr'>omnia</span> <span class='ocrx_word' id='word_1_159' title='bbox 706 2496 726 2538; x_wconf 92' lang='lat' dir='ltr'>a</span> <span class='ocrx_word' id='word_1_160' title='bbox 744 2476 894 2539; x_wconf 93' lang='lat' dir='ltr'>Domino</span> <span class='ocrx_word' id='word_1_161' title='bbox 906 2475 1031 2538; x_wconf 89' lang='lat' dir='ltr'>dantur</span> <span class='ocrx_word' id='word_1_162' title='bbox 1044 2474 1229 2537; x_wconf 89' lang='lat' dir='ltr'>secundum</span> <span class='ocrx_word' id='word_1_163' title='bbox 1247 2475 1346 2555; x_wconf 86' lang='lat' dir='ltr'>agni·</span> 
     </span>
     <span class='ocr_line' id='line_1_21' title="bbox 224 2566 1346 2651; baseline -0.004 -18"><span class='ocrx_word' id='word_1_164' title='bbox 224 2571 355 2633; x_wconf 91' lang='lat' dir='ltr'>tionem</span> <span class='ocrx_word' id='word_1_165' title='bbox 374 2570 466 2651; x_wconf 92' lang='lat' dir='ltr'>quod</span> <span class='ocrx_word' id='word_1_166' title='bbox 489 2570 604 2632; x_wconf 93' lang='lat' dir='ltr'>omnia</span> <span class='ocrx_word' id='word_1_167' title='bbox 627 2568 686 2631; x_wconf 91' lang='lat' dir='ltr'>illa</span> <span class='ocrx_word' id='word_1_168' title='bbox 709 2589 795 2650; x_wconf 88' lang='lat' dir='ltr'>quae</span> <span class='ocrx_word' id='word_1_169' title='bbox 815 2569 966 2649; x_wconf 93' lang='lat' dir='ltr'>corporis</span> <span class='ocrx_word' id='word_1_170' title='bbox 989 2577 1080 2640; x_wconf 90' lang='lat' dir='ltr'>sunt,</span> <span class='ocrx_word' id='word_1_171' title='bbox 1100 2568 1204 2629; x_wconf 89' lang='lat' dir='ltr'>etiam</span> <span class='ocrx_word' id='word_1_172' title='bbox 1228 2587 1247 2628; x_wconf 96' lang='lat' dir='ltr'>a</span> <span class='ocrx_word' id='word_1_173' title='bbox 1271 2566 1346 2629; x_wconf 92' lang='lat' dir='ltr'>Do·</span> 
     </span>
     <span class='ocr_line' id='line_1_22' title="bbox 225 2658 1346 2744; baseline -0.001 -19"><span class='ocrx_word' id='word_1_174' title='bbox 225 2663 318 2725; x_wconf 92' lang='lat' dir='ltr'>mino</span> <span class='ocrx_word' id='word_1_175' title='bbox 330 2662 410 2736; x_wconf 90' lang='lat' dir='ltr'>sint,</span> <span class='ocrx_word' id='word_1_176' title='bbox 425 2672 461 2725; x_wconf 91' lang='lat' dir='ltr'>et</span> <span class='ocrx_word' id='word_1_177' title='bbox 477 2661 567 2744; x_wconf 93' lang='lat' dir='ltr'>quod</span> <span class='ocrx_word' id='word_1_178' title='bbox 581 2661 685 2724; x_wconf 93' lang='lat' dir='ltr'>homo</span> <span class='ocrx_word' id='word_1_179' title='bbox 698 2662 743 2724; x_wconf 92' lang='lat' dir='ltr'>sit</span> <span class='ocrx_word' id='word_1_180' title='bbox 759 2660 863 2723; x_wconf 90' lang='lat' dir='ltr'>modo</span> <span class='ocrx_word' id='word_1_181' title='bbox 876 2661 963 2723; x_wconf 89' lang='lat' dir='ltr'>sicut</span> <span class='ocrx_word' id='word_1_182' title='bbox 975 2658 1121 2722; x_wconf 90' lang='lat' dir='ltr'>famulus</span> <span class='ocrx_word' id='word_1_183' title='bbox 1137 2668 1173 2720; x_wconf 89' lang='lat' dir='ltr'>et</span> <span class='ocrx_word' id='word_1_184' title='bbox 1190 2659 1346 2724; x_wconf 84' lang='lat' dir='ltr'>minister</span> 
     </span>
     <span class='ocr_line' id='line_1_23' title="bbox 225 2752 1132 2835; baseline -0.007 -17"><span class='ocrx_word' id='word_1_185' title='bbox 225 2774 434 2818; x_wconf 87' lang='lat' dir='ltr'>oeconomus</span> <span class='ocrx_word' id='word_1_186' title='bbox 453 2753 663 2835; x_wconf 90' lang='lat' dir='ltr'>superbona</span> <span class='ocrx_word' id='word_1_187' title='bbox 684 2752 822 2815; x_wconf 91' lang='lat' dir='ltr'>Domini</span> <span class='ocrx_word' id='word_1_188' title='bbox 841 2754 891 2815; x_wconf 91' lang='lat' dir='ltr'>sui</span> <span class='ocrx_word' id='word_1_189' title='bbox 911 2753 1132 2815; x_wconf 90' lang='lat' dir='ltr'>constitutus.</span> 
     </span>
    </p>

    <p class='ocr_par' dir='ltr' id='par_1_4' title="bbox 223 2842 1393 4125">
     <span class='ocr_line' id='line_1_24' title="bbox 287 2842 1346 2930; baseline -0.001 -20"><span class='ocrx_word' id='word_1_190' title='bbox 287 2861 387 2930; x_wconf 84' lang='grc'><strong>334.</strong></span> <span class='ocrx_word' id='word_1_191' title='bbox 418 2842 519 2926; x_wconf 89' lang='lat' dir='ltr'>Quod</span> <span class='ocrx_word' id='word_1_192' title='bbox 537 2845 621 2909; x_wconf 90' lang='lat' dir='ltr'>talia</span> <span class='ocrx_word' id='word_1_193' title='bbox 637 2845 720 2908; x_wconf 91' lang='lat' dir='ltr'>data</span> <span class='ocrx_word' id='word_1_194' title='bbox 736 2846 805 2907; x_wconf 91' lang='lat' dir='ltr'>sint</span> <span class='ocrx_word' id='word_1_195' title='bbox 824 2844 954 2907; x_wconf 93' lang='lat' dir='ltr'>homini</span> <span class='ocrx_word' id='word_1_196' title='bbox 973 2844 1017 2906; x_wconf 93' lang='lat' dir='ltr'>ad</span> <span class='ocrx_word' id='word_1_197' title='bbox 1037 2843 1289 2918; x_wconf 85' lang='lat' dir='ltr'>usufruendum,</span> <span class='ocrx_word' id='word_1_198' title='bbox 1307 2851 1346 2910; x_wconf 88' lang='lat' dir='ltr'>et</span> 
     </span>
     <span class='ocr_line' id='line_1_25' title="bbox 224 2935 1346 3021; baseline -0.002 -20"><span class='ocrx_word' id='word_1_199' title='bbox 224 2939 315 3021; x_wconf 90' lang='lat' dir='ltr'>quod</span> <span class='ocrx_word' id='word_1_200' title='bbox 334 2938 403 3001; x_wconf 92' lang='lat' dir='ltr'>sint</span> <span class='ocrx_word' id='word_1_201' title='bbox 420 2938 512 3000; x_wconf 92' lang='lat' dir='ltr'>dona</span> <span class='ocrx_word' id='word_1_202' title='bbox 529 2938 692 3019; x_wconf 91' lang='lat' dir='ltr'>gratuita,</span> <span class='ocrx_word' id='word_1_203' title='bbox 710 2935 891 3000; x_wconf 92' lang='lat' dir='ltr'>manifeste</span> <span class='ocrx_word' id='word_1_204' title='bbox 908 2946 1005 3018; x_wconf 90' lang='lat' dir='ltr'>patet</span> <span class='ocrx_word' id='word_1_205' title='bbox 1025 2957 1070 2998; x_wconf 86' lang='lat' dir='ltr'>ex</span> <span class='ocrx_word' id='word_1_206' title='bbox 1089 2946 1183 2999; x_wconf 92' lang='lat' dir='ltr'>statu</span> <span class='ocrx_word' id='word_1_207' title='bbox 1200 2935 1346 3017; x_wconf 89' lang='lat' dir='ltr'>angelo·</span> 
     </span>
     <span class='ocr_line' id='line_1_26' title="bbox 224 3027 1393 3112; baseline -0.007 -18"><span class='ocrx_word' id='word_1_208' title='bbox 224 3049 298 3094; x_wconf 92' lang='lat' dir='ltr'>rum</span> <span class='ocrx_word' id='word_1_209' title='bbox 328 3031 361 3092; x_wconf 93' lang='lat' dir='ltr'>in</span> <span class='ocrx_word' id='word_1_210' title='bbox 397 3028 512 3104; x_wconf 89' lang='lat' dir='ltr'>caelis,</span> <span class='ocrx_word' id='word_1_211' title='bbox 537 3029 659 3112; x_wconf 93' lang='lat' dir='ltr'>quibus</span> <span class='ocrx_word' id='word_1_212' title='bbox 683 3029 839 3092; x_wconf 88' lang='lat' dir='ltr'>similiter</span> <span class='ocrx_word' id='word_1_213' title='bbox 868 3039 922 3092; x_wconf 88' lang='lat' dir='ltr'>est</span> <span class='ocrx_word' id='word_1_214' title='bbox 953 3048 1086 3109; x_wconf 90' lang='lat' dir='ltr'>corpus,</span> <span class='ocrx_word' id='word_1_215' title='bbox 1111 3027 1278 3090; x_wconf 91' lang='lat' dir='ltr'>rationale</span> <span class='ocrx_word' id='word_1_216' title='bbox 1307 3037 1344 3092; x_wconf 91' lang='lat' dir='ltr'>et</span> <span class='ocrx_word' id='word_1_217' title='bbox 1389 3061 1393 3086; x_wconf 64' lang='grc' dir='ltr'>ι</span> 
     </span>
     <span class='ocr_line' id='line_1_27' title="bbox 225 3118 1342 3204; baseline -0.004 -18"><span class='ocrx_word' id='word_1_218' title='bbox 225 3119 412 3204; x_wconf 88' lang='lat' dir='ltr'>spirituale,</span> <span class='ocrx_word' id='word_1_219' title='bbox 430 3123 519 3185; x_wconf 90' lang='lat' dir='ltr'>sicut</span> <span class='ocrx_word' id='word_1_220' title='bbox 539 3131 593 3184; x_wconf 90' lang='lat' dir='ltr'>est</span> <span class='ocrx_word' id='word_1_221' title='bbox 612 3120 805 3184; x_wconf 90' lang='lat' dir='ltr'>hominibus</span> <span class='ocrx_word' id='word_1_222' title='bbox 822 3119 954 3184; x_wconf 91' lang='lat' dir='ltr'>telluris</span> <span class='ocrx_word' id='word_1_223' title='bbox 969 3142 976 3198; x_wconf 92' lang='lat'>;</span> <span class='ocrx_word' id='word_1_224' title='bbox 994 3118 1245 3182; x_wconf 90' lang='lat' dir='ltr'>illinutriuntur</span> <span class='ocrx_word' id='word_1_225' title='bbox 1263 3139 1342 3201; x_wconf 87' lang='lat' dir='ltr'>gra·</span> 
     </span>
     <span class='ocr_line' id='line_1_28' title="bbox 225 3211 1346 3292; baseline -0.005 -14"><span class='ocrx_word' id='word_1_226' title='bbox 225 3217 281 3290; x_wconf 91' lang='lat' dir='ltr'>tis,</span> <span class='ocrx_word' id='word_1_227' title='bbox 306 3233 384 3278; x_wconf 91' lang='lat' dir='ltr'>nam</span> <span class='ocrx_word' id='word_1_228' title='bbox 409 3213 553 3278; x_wconf 90' lang='lat' dir='ltr'>cottidie</span> <span class='ocrx_word' id='word_1_229' title='bbox 584 3212 651 3276; x_wconf 91' lang='lat' dir='ltr'>illis</span> <span class='ocrx_word' id='word_1_230' title='bbox 678 3214 780 3276; x_wconf 91' lang='lat' dir='ltr'>datur</span> <span class='ocrx_word' id='word_1_231' title='bbox 802 3212 907 3286; x_wconf 88' lang='lat' dir='ltr'>cibus,</span> <span class='ocrx_word' id='word_1_232' title='bbox 928 3211 1112 3274; x_wconf 91' lang='lat' dir='ltr'>induuntur</span> <span class='ocrx_word' id='word_1_233' title='bbox 1134 3212 1241 3292; x_wconf 87' lang='lat' dir='ltr'>gratis</span> <span class='ocrx_word' id='word_1_234' title='bbox 1266 3211 1346 3292; x_wconf 92' lang='lat' dir='ltr'>quia</span> 
     </span>
     <span class='ocr_line' id='line_1_29' title="bbox 224 3302 1345 3386; baseline -0.005 -16"><span class='ocrx_word' id='word_1_235' title='bbox 224 3306 292 3370; x_wconf 91' lang='lat' dir='ltr'>illis</span> <span class='ocrx_word' id='word_1_236' title='bbox 308 3306 434 3370; x_wconf 91' lang='lat' dir='ltr'>dantur</span> <span class='ocrx_word' id='word_1_237' title='bbox 449 3315 576 3380; x_wconf 90' lang='lat' dir='ltr'>vestes,</span> <span class='ocrx_word' id='word_1_238' title='bbox 590 3305 749 3368; x_wconf 90' lang='lat' dir='ltr'>habitant</span> <span class='ocrx_word' id='word_1_239' title='bbox 766 3305 874 3386; x_wconf 88' lang='lat' dir='ltr'>gratis</span> <span class='ocrx_word' id='word_1_240' title='bbox 893 3305 972 3385; x_wconf 90' lang='lat' dir='ltr'>quia</span> <span class='ocrx_word' id='word_1_241' title='bbox 987 3302 1054 3365; x_wconf 91' lang='lat' dir='ltr'>illis</span> <span class='ocrx_word' id='word_1_242' title='bbox 1070 3303 1192 3365; x_wconf 90' lang='lat' dir='ltr'>dantur</span> <span class='ocrx_word' id='word_1_243' title='bbox 1208 3302 1345 3378; x_wconf 89' lang='lat' dir='ltr'>domus,</span> 
     </span>
     <span class='ocr_line' id='line_1_30' title="bbox 226 3394 1342 3476; baseline -0.005 -14"><span class='ocrx_word' id='word_1_244' title='bbox 226 3419 288 3462; x_wconf 91' lang='lat' dir='ltr'>nec</span> <span class='ocrx_word' id='word_1_245' title='bbox 318 3398 423 3461; x_wconf 90' lang='lat' dir='ltr'>ullam</span> <span class='ocrx_word' id='word_1_246' title='bbox 454 3398 605 3461; x_wconf 91' lang='lat' dir='ltr'>omnium</span> <span class='ocrx_word' id='word_1_247' title='bbox 635 3397 770 3460; x_wconf 93' lang='lat' dir='ltr'>illorum</span> <span class='ocrx_word' id='word_1_248' title='bbox 801 3415 916 3458; x_wconf 89' lang='lat' dir='ltr'>curam</span> <span class='ocrx_word' id='word_1_249' title='bbox 946 3394 1087 3466; x_wconf 89' lang='lat' dir='ltr'>habent,</span> <span class='ocrx_word' id='word_1_250' title='bbox 1112 3403 1147 3456; x_wconf 94' lang='lat' dir='ltr'>et</span> <span class='ocrx_word' id='word_1_251' title='bbox 1178 3404 1342 3476; x_wconf 86' lang='lat' dir='ltr'>quantum</span> 
     </span>
     <span class='ocr_line' id='line_1_31' title="bbox 224 3483 1346 3572; baseline -0.005 -18"><span class='ocrx_word' id='word_1_252' title='bbox 224 3490 412 3555; x_wconf 89' lang='lat' dir='ltr'>rationales</span> <span class='ocrx_word' id='word_1_253' title='bbox 431 3489 624 3572; x_wconf 88' lang='lat' dir='ltr'>spirituales</span> <span class='ocrx_word' id='word_1_254' title='bbox 644 3500 735 3564; x_wconf 90' lang='lat' dir='ltr'>sunt,</span> <span class='ocrx_word' id='word_1_255' title='bbox 755 3497 892 3550; x_wconf 91' lang='lat' dir='ltr'>tantum</span> <span class='ocrx_word' id='word_1_256' title='bbox 912 3485 979 3549; x_wconf 90' lang='lat' dir='ltr'>illis</span> <span class='ocrx_word' id='word_1_257' title='bbox 999 3483 1196 3560; x_wconf 78' lang='lat' dir='ltr'>deledtatio,</span> <span class='ocrx_word' id='word_1_258' title='bbox 1217 3486 1346 3548; x_wconf 89' lang='lat' dir='ltr'>tutatio</span> 
     </span>
     <span class='ocr_line' id='line_1_32' title="bbox 225 3577 1342 3660; baseline -0.006 -13"><span class='ocrx_word' id='word_1_259' title='bbox 225 3592 260 3647; x_wconf 90' lang='lat' dir='ltr'>et</span> <span class='ocrx_word' id='word_1_260' title='bbox 279 3583 498 3646; x_wconf 89' lang='lat' dir='ltr'>conservatio</span> <span class='ocrx_word' id='word_1_261' title='bbox 517 3590 629 3645; x_wconf 89' lang='lat' dir='ltr'>status</span> <span class='ocrx_word' id='word_1_262' title='bbox 649 3591 713 3643; x_wconf 92' lang='lat' dir='ltr'>est.</span> <span class='ocrx_word' id='word_1_263' title='bbox 759 3580 951 3642; x_wconf 89' lang='lat' dir='ltr'>Discrimen</span> <span class='ocrx_word' id='word_1_264' title='bbox 971 3587 1025 3640; x_wconf 92' lang='lat' dir='ltr'>est</span> <span class='ocrx_word' id='word_1_265' title='bbox 1046 3577 1136 3660; x_wconf 93' lang='lat' dir='ltr'>quod</span> <span class='ocrx_word' id='word_1_266' title='bbox 1156 3577 1270 3659; x_wconf 84' lang='lat' dir='ltr'>angeli</span> <span class='ocrx_word' id='word_1_267' title='bbox 1293 3578 1342 3640; x_wconf 88' lang='lat' dir='ltr'>vi·</span> 
     </span>
     <span class='ocr_line' id='line_1_33' title="bbox 224 3669 1343 3758; baseline -0.004 -20"><span class='ocrx_word' id='word_1_268' title='bbox 224 3675 330 3738; x_wconf 88' lang='lat' dir='ltr'>deant</span> <span class='ocrx_word' id='word_1_269' title='bbox 354 3674 445 3758; x_wconf 91' lang='lat' dir='ltr'>quod</span> <span class='ocrx_word' id='word_1_270' title='bbox 472 3671 531 3736; x_wconf 93' lang='lat' dir='ltr'>illa</span> <span class='ocrx_word' id='word_1_271' title='bbox 560 3692 580 3735; x_wconf 91' lang='lat' dir='ltr'>a</span> <span class='ocrx_word' id='word_1_272' title='bbox 610 3673 762 3736; x_wconf 92' lang='lat' dir='ltr'>Domino</span> <span class='ocrx_word' id='word_1_273' title='bbox 792 3672 872 3745; x_wconf 92' lang='lat' dir='ltr'>sint,</span> <span class='ocrx_word' id='word_1_274' title='bbox 892 3671 971 3753; x_wconf 92' lang='lat' dir='ltr'>quia</span> <span class='ocrx_word' id='word_1_275' title='bbox 1001 3669 1188 3734; x_wconf 90' lang='lat' dir='ltr'>secundum</span> <span class='ocrx_word' id='word_1_276' title='bbox 1212 3679 1343 3733; x_wconf 92' lang='lat' dir='ltr'>statum</span> 
     </span>
     <span class='ocr_line' id='line_1_34' title="bbox 224 3760 1344 3848; baseline -0.004 -18"><span class='ocrx_word' id='word_1_277' title='bbox 224 3767 349 3830; x_wconf 86' lang='lat' dir='ltr'>amoris</span> <span class='ocrx_word' id='word_1_278' title='bbox 366 3775 403 3829; x_wconf 89' lang='lat' dir='ltr'>et</span> <span class='ocrx_word' id='word_1_279' title='bbox 426 3765 615 3848; x_wconf 90' lang='lat' dir='ltr'>sapientiae</span> <span class='ocrx_word' id='word_1_280' title='bbox 634 3764 769 3827; x_wconf 90' lang='lat' dir='ltr'>illorum</span> <span class='ocrx_word' id='word_1_281' title='bbox 789 3773 958 3838; x_wconf 90' lang='lat' dir='ltr'>creantur,</span> <span class='ocrx_word' id='word_1_282' title='bbox 981 3760 1033 3844; x_wconf 91' lang='lat' dir='ltr'>(ut</span> <span class='ocrx_word' id='word_1_283' title='bbox 1057 3763 1089 3825; x_wconf 91' lang='lat' dir='ltr'>in</span> <span class='ocrx_word' id='word_1_284' title='bbox 1110 3762 1344 3826; x_wconf 85' lang='lat' dir='ltr'>antecedente</span> 
     </span>
     <span class='ocr_line' id='line_1_35' title="bbox 223 3853 1341 3938; baseline -0.005 -16"><span class='ocrx_word' id='word_1_285' title='bbox 223 3858 379 3933; x_wconf 91' lang='lat' dir='ltr'>articulo,</span> <span class='ocrx_word' id='word_1_286' title='bbox 394 3877 425 3920; x_wconf 93' lang='lat' dir='ltr'>n.</span> <span class='ocrx_word' id='word_1_287' title='bbox 444 3873 515 3938; x_wconf 84' lang='lat'>322,</span> <span class='ocrx_word' id='word_1_288' title='bbox 530 3868 708 3922; x_wconf 89' lang='lat' dir='ltr'>ostensum</span> <span class='ocrx_word' id='word_1_289' title='bbox 724 3853 807 3938; x_wconf 90' lang='lat' dir='ltr'>est,)</span> <span class='ocrx_word' id='word_1_290' title='bbox 825 3866 861 3921; x_wconf 90' lang='lat' dir='ltr'>et</span> <span class='ocrx_word' id='word_1_291' title='bbox 880 3855 972 3938; x_wconf 94' lang='lat' dir='ltr'>quod</span> <span class='ocrx_word' id='word_1_292' title='bbox 988 3855 1144 3918; x_wconf 90' lang='lat' dir='ltr'>homines</span> <span class='ocrx_word' id='word_1_293' title='bbox 1160 3875 1228 3918; x_wconf 91' lang='lat' dir='ltr'>non</span> <span class='ocrx_word' id='word_1_294' title='bbox 1246 3855 1341 3917; x_wconf 91' lang='lat' dir='ltr'>vide·</span> 
     </span>
     <span class='ocr_line' id='line_1_36' title="bbox 224 3947 1342 4033; baseline -0.004 -19"><span class='ocrx_word' id='word_1_295' title='bbox 224 3958 285 4014; x_wconf 88' lang='lat' dir='ltr'>ant</span> <span class='ocrx_word' id='word_1_296' title='bbox 307 3951 353 4025; x_wconf 92' lang='lat' dir='ltr'>id,</span> <span class='ocrx_word' id='word_1_297' title='bbox 374 3950 454 4033; x_wconf 90' lang='lat' dir='ltr'>quia</span> <span class='ocrx_word' id='word_1_298' title='bbox 476 3950 660 4032; x_wconf 91' lang='lat' dir='ltr'>quotannis</span> <span class='ocrx_word' id='word_1_299' title='bbox 679 3949 834 4021; x_wconf 90' lang='lat' dir='ltr'>redeunt,</span> <span class='ocrx_word' id='word_1_300' title='bbox 854 3957 891 4011; x_wconf 88' lang='lat' dir='ltr'>et</span> <span class='ocrx_word' id='word_1_301' title='bbox 914 3967 983 4011; x_wconf 95' lang='lat' dir='ltr'>non</span> <span class='ocrx_word' id='word_1_302' title='bbox 1006 3947 1191 4010; x_wconf 91' lang='lat' dir='ltr'>secundum</span> <span class='ocrx_word' id='word_1_303' title='bbox 1212 3957 1342 4010; x_wconf 89' lang='lat' dir='ltr'>statum</span> 
     </span>
     <span class='ocr_line' id='line_1_37' title="bbox 224 4039 1343 4125; baseline -0.005 -19"><span class='ocrx_word' id='word_1_304' title='bbox 224 4043 351 4106; x_wconf 86' lang='lat' dir='ltr'>amoris</span> <span class='ocrx_word' id='word_1_305' title='bbox 369 4052 405 4107; x_wconf 90' lang='lat' dir='ltr'>et</span> <span class='ocrx_word' id='word_1_306' title='bbox 428 4042 619 4125; x_wconf 90' lang='lat' dir='ltr'>sapientiae</span> <span class='ocrx_word' id='word_1_307' title='bbox 638 4059 766 4116; x_wconf 90' lang='lat' dir='ltr'>eorum,</span> <span class='ocrx_word' id='word_1_308' title='bbox 786 4041 847 4102; x_wconf 89' lang='lat' dir='ltr'>sed</span> <span class='ocrx_word' id='word_1_309' title='bbox 871 4039 1058 4102; x_wconf 88' lang='lat' dir='ltr'>secundum</span> <span class='ocrx_word' id='word_1_310' title='bbox 1078 4057 1192 4101; x_wconf 92' lang='lat' dir='ltr'>curam</span> <span class='ocrx_word' id='word_1_311' title='bbox 1212 4057 1343 4114; x_wconf 91' lang='lat' dir='ltr'>eorum,</span> 
     </span>
    </p>
   </div>
   <div class='ocr_carea' id='block_1_3' title="bbox 225 4139 392 4204">
    <p class='ocr_par' dir='ltr' id='par_1_5' title="bbox 225 4139 392 4204">
     <span class='ocr_line' id='line_1_38' title="bbox 225 4139 392 4204; baseline -0.012 0"><span class='ocrx_word' id='word_1_312' title='bbox 225 4139 392 4204; x_wconf 87' lang='lat' dir='ltr'>existunt.</span> 
     </span>
    </p>
   </div>
   <div class='ocr_carea' id='block_1_4' title="bbox 225 4228 1345 4690">
    <p class='ocr_par' dir='ltr' id='par_1_6' title="bbox 225 4228 1345 4690">
     <span class='ocr_line' id='line_1_39' title="bbox 287 4228 1343 4317; baseline -0.008 -18"><span class='ocrx_word' id='word_1_313' title='bbox 287 4248 387 4317; x_wconf 77' lang='grc'><strong>335.</strong></span> <span class='ocrx_word' id='word_1_314' title='bbox 416 4233 571 4298; x_wconf 89' lang='lat' dir='ltr'>Tametsi</span> <span class='ocrx_word' id='word_1_315' title='bbox 590 4232 714 4297; x_wconf 84' lang='lat' dir='ltr'>dicitur</span> <span class='ocrx_word' id='word_1_316' title='bbox 732 4232 823 4314; x_wconf 92' lang='lat' dir='ltr'>quod</span> <span class='ocrx_word' id='word_1_317' title='bbox 843 4251 923 4294; x_wconf 89' lang='lat' dir='ltr'>usus</span> <span class='ocrx_word' id='word_1_318' title='bbox 946 4231 1027 4304; x_wconf 87' lang='lat' dir='ltr'>sint,</span> <span class='ocrx_word' id='word_1_319' title='bbox 1048 4230 1125 4312; x_wconf 91' lang='lat' dir='ltr'>quia</span> <span class='ocrx_word' id='word_1_320' title='bbox 1149 4250 1208 4310; x_wconf 92' lang='lat' dir='ltr'>per</span> <span class='ocrx_word' id='word_1_321' title='bbox 1230 4228 1343 4291; x_wconf 89' lang='lat' dir='ltr'>homi·</span> 
     </span>
     <span class='ocr_line' id='line_1_40' title="bbox 225 4324 1341 4409; baseline -0.007 -15"><span class='ocrx_word' id='word_1_322' title='bbox 225 4349 304 4394; x_wconf 89' lang='lat' dir='ltr'>nem</span> <span class='ocrx_word' id='word_1_323' title='bbox 321 4349 357 4394; x_wconf 85' lang='lat' dir='ltr'>se</span> <span class='ocrx_word' id='word_1_324' title='bbox 376 4329 526 4395; x_wconf 88' lang='lat' dir='ltr'>referunt</span> <span class='ocrx_word' id='word_1_325' title='bbox 543 4330 586 4392; x_wconf 92' lang='lat' dir='ltr'>ad</span> <span class='ocrx_word' id='word_1_326' title='bbox 607 4328 803 4401; x_wconf 90' lang='lat' dir='ltr'>Dominum,</span> <span class='ocrx_word' id='word_1_327' title='bbox 822 4348 927 4409; x_wconf 91' lang='lat' dir='ltr'>usque</span> <span class='ocrx_word' id='word_1_328' title='bbox 944 4346 1011 4390; x_wconf 89' lang='lat' dir='ltr'>non</span> <span class='ocrx_word' id='word_1_329' title='bbox 1030 4325 1095 4388; x_wconf 89' lang='lat' dir='ltr'>dici</span> <span class='ocrx_word' id='word_1_330' title='bbox 1115 4334 1230 4406; x_wconf 89' lang='lat' dir='ltr'>potest</span> <span class='ocrx_word' id='word_1_331' title='bbox 1250 4324 1341 4405; x_wconf 90' lang='lat' dir='ltr'>quod</span> 
     </span>
     <span class='ocr_line' id='line_1_41' title="bbox 225 4419 1345 4505; baseline -0.005 -16"><span class='ocrx_word' id='word_1_332' title='bbox 225 4445 305 4489; x_wconf 85' lang='lat' dir='ltr'>usus</span> <span class='ocrx_word' id='word_1_333' title='bbox 327 4425 397 4489; x_wconf 91' lang='lat' dir='ltr'>sint</span> <span class='ocrx_word' id='word_1_334' title='bbox 427 4425 471 4489; x_wconf 92' lang='lat' dir='ltr'>ab</span> <span class='ocrx_word' id='word_1_335' title='bbox 500 4424 639 4488; x_wconf 87' lang='lat' dir='ltr'>homine</span> <span class='ocrx_word' id='word_1_336' title='bbox 669 4432 809 4505; x_wconf 90' lang='lat' dir='ltr'>propter</span> <span class='ocrx_word' id='word_1_337' title='bbox 832 4422 1027 4493; x_wconf 88' lang='lat' dir='ltr'>Dominum,</span> <span class='ocrx_word' id='word_1_338' title='bbox 1052 4422 1111 4483; x_wconf 86' lang='lat' dir='ltr'>sed</span> <span class='ocrx_word' id='word_1_339' title='bbox 1143 4441 1161 4483; x_wconf 93' lang='lat' dir='ltr'>a</span> <span class='ocrx_word' id='word_1_340' title='bbox 1192 4419 1345 4483; x_wconf 90' lang='lat' dir='ltr'>Domino</span> 
     </span>
     <span class='ocr_line' id='line_1_42' title="bbox 226 4515 1341 4602; baseline -0.006 -18"><span class='ocrx_word' id='word_1_341' title='bbox 226 4530 367 4602; x_wconf 84' lang='lat' dir='ltr'>propter</span> <span class='ocrx_word' id='word_1_342' title='bbox 384 4519 568 4594; x_wconf 87' lang='lat' dir='ltr'>hominem,</span> <span class='ocrx_word' id='word_1_343' title='bbox 589 4519 668 4601; x_wconf 90' lang='lat' dir='ltr'>quia</span> <span class='ocrx_word' id='word_1_344' title='bbox 689 4537 810 4580; x_wconf 89' lang='lat' dir='ltr'>omnes</span> <span class='ocrx_word' id='word_1_345' title='bbox 833 4537 912 4578; x_wconf 89' lang='lat' dir='ltr'>usus</span> <span class='ocrx_word' id='word_1_346' title='bbox 931 4515 1063 4577; x_wconf 85' lang='lat' dir='ltr'>infinite</span> <span class='ocrx_word' id='word_1_347' title='bbox 1082 4534 1183 4576; x_wconf 93' lang='lat' dir='ltr'>unum</span> <span class='ocrx_word' id='word_1_348' title='bbox 1205 4523 1283 4576; x_wconf 87' lang='lat' dir='ltr'>sunt</span> <span class='ocrx_word' id='word_1_349' title='bbox 1307 4515 1341 4577; x_wconf 91' lang='lat' dir='ltr'>in</span> 
     </span>
     <span class='ocr_line' id='line_1_43' title="bbox 227 4609 1343 4690; baseline -0.006 -11"><span class='ocrx_word' id='word_1_350' title='bbox 227 4614 388 4690; x_wconf 91' lang='lat' dir='ltr'>Domino,</span> <span class='ocrx_word' id='word_1_351' title='bbox 408 4624 444 4678; x_wconf 90' lang='lat' dir='ltr'>et</span> <span class='ocrx_word' id='word_1_352' title='bbox 469 4613 552 4677; x_wconf 92' lang='lat' dir='ltr'>nulli</span> <span class='ocrx_word' id='word_1_353' title='bbox 583 4615 615 4677; x_wconf 95' lang='lat' dir='ltr'>in</span> <span class='ocrx_word' id='word_1_354' title='bbox 638 4611 777 4676; x_wconf 90' lang='lat' dir='ltr'>homine</span> <span class='ocrx_word' id='word_1_355' title='bbox 801 4613 864 4673; x_wconf 90' lang='lat' dir='ltr'>nisi</span> <span class='ocrx_word' id='word_1_356' title='bbox 893 4632 913 4673; x_wconf 93' lang='lat' dir='ltr'>a</span> <span class='ocrx_word' id='word_1_357' title='bbox 943 4610 1102 4684; x_wconf 91' lang='lat' dir='ltr'>Domino,</span> <span class='ocrx_word' id='word_1_358' title='bbox 1123 4609 1228 4672; x_wconf 92' lang='lat' dir='ltr'>homo</span> <span class='ocrx_word' id='word_1_359' title='bbox 1251 4610 1343 4672; x_wconf 91' lang='lat' dir='ltr'>enim</span> 
     </span>
    </p>
   </div>
   <div class='ocr_carea' id='block_1_5' title="bbox 0 0 1689 5374">
    <p class='ocr_par' dir='ltr' id='par_1_7' title="bbox 0 0 1689 5374">
     <span class='ocr_line' id='line_1_44' title="bbox 0 0 1689 5374; baseline 0 0"><span class='ocrx_word' id='word_1_360' title='bbox 0 0 1689 5374; x_wconf 95' lang='lat' dir='ltr'> </span> 
     </span>
    </p>
   </div>
  </div>
 </body>
</html>
