3422 5380
295 707 359 787 258
638 717 843 768 samaurm
865 717 1063 768 nucamca

292 909 390 955 meas
407 887 618 968 affectiones,
639 911 708 956 non
729 891 890 956 volentes
912 891 946 955 in
967 891 1211 976 cogitationes,
1232 910 1316 973 quas
1335 889 1429 953 dex·

292 997 346 1050 tre
374 988 575 1065 evitabant;
604 997 641 1051 et
668 986 866 1053 affectiones
889 1005 984 1051 meas
1007 987 1189 1052 variabant
1214 1005 1316 1049 unam
1344 995 1427 1068 post

292 1079 451 1158 alteram,
476 1084 592 1146 animo
616 1081 776 1148 flectendi
800 1083 878 1147 illas
901 1083 1151 1148 insensibiliter
1172 1081 1207 1145 in
1231 1081 1424 1165 oppositas,

292 1199 381 1263 quae
401 1189 481 1244 sunt
500 1181 804 1263 concupiscentiae
824 1179 926 1258 mali;
958 1190 994 1245 et
1018 1182 1097 1265 quia
1120 1177 1206 1243 nihil
1229 1177 1424 1260 tangebant

291 1276 540 1358 cogitationes,
552 1274 768 1340 inflexissent
779 1287 814 1340 et
828 1275 1053 1340 invertissent
1065 1275 1154 1351 illas,
1165 1293 1221 1338 me
1234 1271 1423 1347 nesciente,

293 1371 359 1434 nisi
383 1370 553 1434 Dominus
576 1373 771 1436 avertisset.
817 1377 876 1439 lud
908 1369 1012 1435 Fiunt
1035 1370 1137 1447 tales,
1157 1370 1213 1453 qui
1237 1369 1271 1432 in
1295 1367 1425 1432 mundo

293 1485 365 1530 non
397 1466 542 1530 credunt
571 1466 645 1530 dari
674 1466 802 1550 aliquid
833 1464 979 1530 Divinae
1010 1464 1263 1541 Providentiae,
1288 1473 1325 1529 et
1355 1482 1424 1526 non

292 1561 387 1626 aliud
416 1561 605 1644 explorant
635 1562 725 1646 apud
756 1561 854 1638 alios,
879 1581 981 1645 quam
1011 1579 1129 1626 eorum
1153 1559 1362 1642 cupiditates
1388 1566 1424 1622 et

292 1657 483 1736 desideria;
507 1667 544 1722 et
560 1657 609 1724 sic
623 1657 754 1723 ducunt
769 1657 848 1722 illos
864 1677 970 1741 usque
987 1658 1069 1722 dum
1085 1657 1309 1721 dominantur
1324 1673 1426 1738 super

293 1751 385 1817 illos.
432 1751 480 1817 Et
507 1755 587 1839 quia
614 1754 648 1817 id
676 1763 748 1818 tam
773 1752 991 1818 clandestine
1015 1762 1051 1817 et
1081 1761 1198 1818 astute
1221 1750 1362 1826 faciunt,
1388 1759 1425 1814 ut

293 1847 386 1914 alter
408 1868 479 1913 non
502 1850 602 1925 sciat,
628 1859 663 1914 et
694 1850 758 1913 sibi
788 1847 916 1912 similes
939 1846 1025 1913 fiunt
1048 1857 1129 1932 post
1160 1856 1322 1922 mortem,
1345 1845 1426 1909 ideo

294 1943 428 2019 statim,
449 1944 530 2007 dum
550 1945 583 2008 in
608 1945 772 2008 mundum
796 1942 1011 2026 spiritualem
1031 1943 1185 2018 veniunt,
1210 1943 1244 2006 in
1269 1942 1353 2006 illud
1372 1941 1425 2006 in·

294 2036 429 2101 sernum
454 2038 668 2119 dejiciuntur.
716 2037 792 2102 Visi
824 2040 857 2102 in
886 2037 963 2102 luce
987 2037 1073 2103 caeli
1098 2047 1268 2122 apparent
1293 2039 1425 2120 absque

295 2153 403 2212 naso;
430 2142 467 2197 et
487 2135 578 2216 quod
602 2136 735 2208 mirum,
756 2143 822 2210 est,
847 2134 951 2217 quod,
972 2135 1111 2199 tametsi
1135 2135 1182 2198 ita
1205 2134 1315 2199 astuti
1331 2143 1424 2213 sunt,

295 2249 404 2312 usque
423 2229 493 2293 sint
511 2230 688 2294 sensuales
708 2251 788 2313 prae
805 2230 955 2313 reliquis.
1002 2229 1174 2313 Quoniam
1195 2231 1327 2315 antiqui
1346 2251 1425 2295 sen·

295 2323 429 2387 sualem
458 2325 634 2388 hominem
664 2334 877 2389 vocaverunt
905 2336 1117 2409 serpentem,
1147 2335 1183 2390 et
1214 2325 1294 2390 talis
1320 2325 1427 2391 homo

296 2420 453 2496 callidus,
473 2431 611 2485 astutus
633 2430 670 2485 et
693 2421 921 2485 ratiocinator
939 2421 1140 2504 ingeniosus
1158 2429 1213 2486 est
1237 2442 1320 2506 prae
1338 2420 1426 2499 aliis,

297 2516 376 2580 ideo
395 2517 530 2592 dicitur,

381 2652 459 2716 Quod
472 2667 585 2716 serpens
597 2649 685 2704 ladius
697 2653 733 2703 sit
744 2661 851 2704 astutus
863 2666 929 2718 prae
941 2653 1016 2704 omui
1028 2651 1087 2704 iera
1098 2654 1157 2718 agri
1170 2651 1244 2716 (Gen.
1257 2653 1294 2705 lii.
1309 2652 1341 2716 1).

296 2777 336 2832 et
354 2767 438 2831 dicit
459 2768 638 2846 Dominus,

349 2883 364 2905 ¹·
373 2880 473 3009 Estoltg)
480 2883 627 2944 prudentes
644 2893 674 2933 ut
691 2893 841 2948 serpentes,
856 2895 883 2935 et
900 2885 1040 2949 simplices
1058 2893 1088 2935 ut
1104 2883 1267 2935 columbae”
1278 2881 1386 2948 (Marti.
1399 2897 1425 2936 x.

297 3075 336 3130 et
353 3087 487 3150 quoque
506 3066 623 3140 draco,
643 3067 699 3148 qui
718 3069 824 3130 etiam
837 3077 981 3131 vocatur
997 3085 1140 3150 serpens
1156 3067 1330 3148 antiquus,
1350 3067 1427 3131 dia·

298 3164 399 3228 bolus
418 3175 453 3227 et
475 3175 628 3238 satanas,
649 3164 864 3239 describitur,

351 3279 430 3344 Quod
445 3281 555 3328 haberet
570 3279 658 3340 capita
670 3287 783 3340 septem,
796 3287 823 3326 er
835 3293 936 3328 cornua
945 3279 1046 3338 decem,
1059 3288 1087 3328 et
1096 3293 1178 3342 super
1190 3279 1323 3342 capitibus
1335 3279 1428 3329 diade·

433 3357 506 3396 mata
517 3357 620 3407 septem
634 3345 719 3407 (Apoc.
732 3344 776 3392 xii.
790 3355 813 3404 3,
826 3343 867 3406 9);

300 3497 361 3560 per
383 3477 528 3557 “capita
544 3483 678 3555 septem
690 3471 705 3497 ’'
721 3470 935 3554 significatur
953 3474 1094 3547 astutia,
1113 3494 1172 3554 per
1190 3479 1348 3536 “cornua
1367 3474 1427 3538 de·

299 3571 400 3634 cem”
413 3569 625 3652 significatur
640 3571 799 3650 potentia
816 3568 1044 3651 persuadendi
1062 3589 1122 3648 per
1137 3568 1302 3644 fallacias,
1317 3579 1352 3632 et
1370 3589 1430 3651 per

301 3670 534 3733 “diademata
553 3676 686 3748 septem
697 3666 712 3690 ”
731 3665 966 3748 significantur
985 3663 1105 3730 saneta
1125 3665 1232 3729 Verbi
1256 3677 1290 3728 et
1315 3665 1428 3730 eccle-

300 3766 372 3828 siae
393 3763 585 3848 profanata.

365 3873 458 3940 311.
489 3856 546 3921 Ex
570 3857 800 3940 descriptione
820 3857 976 3940 propriae
997 3856 1211 3937 prudentiae,
1232 3867 1268 3919 et
1294 3856 1430 3920 illorum

300 3955 359 4038 qui
378 3955 412 4016 in
432 3954 490 4016 illa
503 3962 595 4029 sunt,
613 3953 720 4016 videri
738 3963 856 4035 potest
871 3952 980 4034 qualis
997 3963 1051 4015 est
1069 3952 1249 4033 prudentia
1267 3973 1333 4014 non
1352 3973 1429 4033 pro·

301 4048 387 4130 pria,
405 4058 441 4112 et
461 4048 580 4133 quales
599 4048 648 4112 illi
667 4049 723 4131 qui
747 4049 781 4111 in
806 4069 847 4110 ea
866 4057 966 4124 sunt;
991 4047 1082 4130 quod
1102 4047 1227 4128 nempe
1247 4047 1433 4129 prudentia

302 4162 374 4206 non
391 4144 528 4226 propria
544 4143 589 4208 sit
609 4144 793 4225 prudentia
809 4143 899 4225 apud
920 4142 999 4206 illos
1014 4142 1071 4225 qui
1090 4161 1160 4206 non
1178 4143 1269 4225 apud
1290 4163 1326 4205 se
1346 4163 1431 4206 con·

301 4235 441 4302 firmant
464 4239 556 4322 quod
580 4239 813 4320 intelligentia
842 4248 879 4302 et
909 4239 1081 4319 sapientia
1107 4237 1177 4302 sint
1204 4259 1249 4301 ex
1279 4237 1430 4311 homine,

301 4335 462 4398 dicentes
477 4333 692 4417 “Quomodo
708 4336 783 4418 quis
800 4345 918 4418 potest
936 4354 1056 4418 sapere
1072 4355 1118 4398 ex
1135 4356 1184 4411 se,
1201 4344 1237 4398 et
1257 4333 1434 4418 quomodo

301 4430 380 4512 quis
400 4438 516 4512 potest
540 4429 668 4494 bonum
687 4428 800 4494 iacere
827 4452 873 4494 ex
901 4427 978 4493 se?''
1023 4427 1071 4494 Et
1100 4429 1167 4494 hoc
1196 4450 1274 4494 cum
1298 4430 1431 4502 dicunt,

301 4524 425 4588 vident
442 4525 477 4589 in
501 4545 538 4589 se
556 4523 649 4610 quod
667 4525 718 4588 ita
736 4525 792 4602 sit,
813 4526 973 4608 cogitant
992 4525 1083 4589 enim
1103 4525 1266 4604 interius;
1291 4535 1327 4588 et
1346 4544 1433 4606 quo-

302 4637 371 4700 que
391 4618 547 4696 credunt,
566 4621 657 4704 quod
677 4619 734 4684 alii
753 4620 910 4684 similiter
925 4620 1093 4703 cogitent,
1111 4619 1277 4703 imprimis
1297 4617 1433 4693 eruditi,

304 4713 384 4796 quia
409 4732 477 4777 non
506 4715 619 4780 sciunt
643 4714 736 4800 quod
759 4715 880 4800 aliquis
899 4715 1012 4781 solum
1031 4717 1186 4781 exterius
1205 4715 1314 4799 possit
1336 4713 1436 4794 cogi·
