3426 5382
326 664 365 733 52
673 652 875 706 snttssuttt
899 649 1096 701 ANGELICA

323 853 364 897 ac
383 832 516 896 interea
535 827 698 892 continue
716 824 798 889 facit
817 821 901 889 illud
922 821 955 885 in
975 842 1036 884 suo
1056 817 1186 902 spiritu.
1232 815 1301 883 Sed
1319 817 1362 882 de
1381 816 1448 882 hac

324 950 360 993 re
384 928 543 991 videatur
565 925 599 987 in
622 921 788 986 Datirina
819 918 915 984 Vitae
931 928 997 1000 pra
1019 916 1118 979 Nava
1140 912 1374 996 Hierosolyma
1398 912 1448 998 (n.

329 1020 555 1202 10832103iiv.)
579 1114 678 1196 Quod
688 1113 784 1176 hama
794 1122 859 1194 per
871 1111 967 1174 binas
979 1108 1060 1173 illas
1069 1107 1257 1189 facultates
1269 1126 1292 1169 a
1305 1103 1450 1169 Domina

325 1215 527 1297 reformetur
543 1222 575 1276 et
597 1218 808 1294 regeneretur
815 1231 830 1282 ,·
859 1215 892 1269 et
913 1204 1003 1289 quad
1017 1204 1143 1287 absque
1159 1201 1230 1268 illes
1254 1222 1318 1265 nan
1334 1201 1450 1285 possit

324 1309 513 1394 reformari
527 1318 560 1372 et
577 1303 996 1391 regenerari-Dominus
1015 1301 1132 1377 docet,

376 1453 521 1532 Quod'pisi
533 1453 604 1580 quis)
611 1458 758 1514 generetur
771 1448 869 1506 denuo,
882 1460 937 1496 non
955 1445 1042 1510 possit
1059 1444 1151 1494 videre
1166 1441 1291 1506 Regnum
1304 1441 1356 1492 Dei
1372 1441 1450 1508 (Jok.

457 1534 494 1570 tu.
507 1531 530 1581 3,
543 1531 565 1581 5,
580 1527 611 1578 7.

326 1671 396 1739 Sed
413 1672 495 1756 quid
511 1671 556 1735 sit
577 1669 734 1753 generari
752 1669 865 1733 denuo
884 1689 944 1732 seu
963 1667 1170 1748 regenerari,
1190 1667 1308 1750 paucis
1327 1675 1448 1730 notum

326 1779 401 1834 est:
428 1787 532 1833 eausa
546 1776 612 1842 est,
625 1767 705 1849 quia
721 1785 790 1829 non
807 1774 928 1828 notum
944 1763 1007 1828 suit
1022 1763 1103 1845 quid
1121 1782 1219 1826 amor
1234 1773 1270 1826 et
1286 1763 1449 1835 charitas,

326 1874 363 1929 et
386 1864 466 1927 inde
496 1881 559 1926 nec
578 1862 658 1944 quid
688 1860 795 1940 fides;
820 1860 976 1942 namqui
1006 1879 1075 1922 non
1102 1861 1168 1924 scit
1190 1859 1270 1942 quid
1292 1878 1388 1924 arnor
1413 1867 1450 1922 et

327 1962 490 2036 charitas,
511 1980 580 2024 non
599 1962 685 2025 scire
705 1968 821 2042 potest
844 1959 924 2041 quid
948 1957 1043 2035 fides,
1064 1959 1224 2041 quoniam
1245 1955 1396 2020 charitas
1415 1964 1451 2019 et

328 2053 413 2120 fides
429 2075 532 2119 unum
548 2056 689 2132 saciunt,
709 2055 797 2119 sicut
812 2055 940 2119 bonurn
957 2065 993 2119 et
1009 2073 1138 2128 verum,
1154 2063 1191 2117 et
1208 2053 1296 2117 sicut
1314 2048 1451 2116 affectio

327 2173 416 2237 quae
446 2152 637 2216 voluntatis
666 2161 702 2216 et
733 2151 903 2234 cogitatio
934 2171 1023 2235 quae
1053 2146 1275 2216 intellectus:
1310 2149 1353 2213 de
1383 2167 1451 2231 qua

329 2251 454 2314 unione
484 2249 517 2312 in
545 2245 780 2312 transactione
805 2247 857 2310 De
880 2246 1005 2311 Deoina
1029 2244 1156 2309 Amare
1179 2255 1212 2311 et
1232 2245 1361 2310 Deirina
1383 2244 1448 2309 Sa·

324 2347 455 2428 psentia
473 2344 520 2428 (n.
535 2343 698 2428 427-431)
714 2365 721 2406 :
746 2354 819 2408 tum
835 2344 870 2406 in
886 2342 1051 2406 Datirina
1068 2342 1186 2406 Navae
1201 2340 1453 2424 Hr'erasalymar

332 2444 379 2529 (n.
401 2444 540 2526 13-24):
565 2452 603 2507 at
622 2461 724 2523 supra
742 2438 789 2523 (n.
808 2439 905 2520 3—20)
923 2441 1089 2504 videatur.

393 2541 465 2625 83·
495 2537 608 2604 Causa
630 2536 721 2621 quod
748 2555 851 2600 nemo
872 2536 989 2600 venire
1012 2537 1122 2619 possit
1145 2537 1179 2601 in
1205 2557 1350 2620 regnum
1372 2537 1449 2614 Dei,

330 2637 393 2700 nisi
417 2636 531 2698 denuo
550 2643 734 2716 generatus
757 2633 813 2708 sit,
834 2642 888 2695 est
908 2633 984 2714 quia
1007 2631 1111 2696 homo
1135 2653 1179 2696 ex
1199 2632 1408 2698 hereditario
1430 2654 1451 2697 a

330 2731 530 2815 parentibus
553 2731 705 2794 nascitur
723 2731 756 2792 in
780 2730 891 2792 omnis
909 2730 1046 2812 generis
1065 2729 1167 2804 mala,
1188 2749 1265 2792 curn
1284 2728 1451 2795 facultate

329 2827 421 2911 quod
442 2845 502 2909 per
521 2825 750 2889 remotionem
770 2824 937 2889 malorum
960 2825 1103 2889 istorum
1128 2826 1238 2907 possit
1261 2824 1330 2889 fieri
1353 2827 1451 2909 spiri·

330 2921 446 2997 tualis‚
461 2931 497 2986 et
516 2922 579 2985 nisi
598 2920 657 2984 fiat
677 2920 874 3003 spiritualis,
889 2941 957 2984 non
975 2931 1094 3003 potest
1109 2923 1224 2986 venire
1240 2922 1274 2986 in
1294 2923 1452 3002 caelum;

331 3039 352 3084 a
370 3017 515 3082 naturali
536 3016 606 3082 fieri
625 3017 811 3100 spiritualis
835 3026 889 3082 est
912 3017 1045 3081 renasci
1067 3038 1127 3081 seu
1149 3020 1356 3100 regenerari.
1400 3017 1452 3084 Ut

331 3125 447 3180 autem
465 3115 603 3190 sciatur,
622 3113 796 3197 quomodo
812 3112 917 3178 homo
932 3123 1167 3195 regeneratur,
1184 3113 1270 3178 haec
1287 3116 1353 3180 tria
1369 3135 1453 3181 con·

331 3211 514 3276 sideranda
544 3220 645 3274 sunt:
679 3209 789 3293 qualis
818 3209 890 3292 ejus
919 3219 1031 3274 status
1060 3211 1187 3293 primus
1214 3221 1280 3288 est,
1309 3213 1365 3295 qui
1398 3221 1454 3276 est

332 3317 446 3372 status
470 3307 725 3384 damnationis;
749 3305 859 3390 qualis
881 3305 953 3388 ejus
982 3314 1093 3369 status
1116 3308 1286 3371 secundus
1310 3318 1374 3385 est,
1398 3307 1456 3390 qui

332 3415 386 3470 est
404 3415 518 3468 status
536 3403 809 3483 reformationis3
833 3414 869 3469 et
887 3404 997 3489 qualis
1020 3403 1090 3485 ejus
1114 3415 1228 3471 status
1247 3407 1369 3471 tertius
1388 3415 1454 3482 est,

333 3503 390 3584 qui
405 3509 459 3565 est
475 3510 588 3564 status
604 3501 886 3582 regenerationis.
933 3514 991 3577 [2.]
1015 3500 1134 3564 Status
1151 3501 1295 3566 hominis
1306 3503 1454 3585 primus,

234 3585 245 3605 ⁸
333 3597 394 3680 qui
404 3606 456 3659 est
470 3605 582 3659 status
598 3595 836 3672 damnationes,
850 3607 905 3662 est
921 3597 1026 3662 cuivis
1041 3597 1171 3662 homini
1188 3621 1234 3662 ex
1246 3599 1456 3664 hereditario

333 3714 353 3756 a
371 3691 582 3774 parentibus,
595 3690 701 3755 homo
716 3692 807 3755 enim
824 3693 977 3758 nascitur
992 3693 1072 3758 inde
1085 3695 1117 3758 in
1135 3715 1286 3760 amorem
1303 3696 1354 3759 sui
1369 3706 1406 3761 et
1422 3697 1456 3760 in

333 3806 487 3850 amorem
505 3787 633 3862 mundi,
651 3795 746 3851 etex
766 3787 818 3852 his
838 3799 876 3855 ut
891 3789 1043 3854 tontibus
1062 3791 1095 3854 in
1115 3790 1206 3854 mala
1222 3793 1333 3856 omnis
1349 3813 1455 3876 gene·

333 3884 388 3947 ris.
433 3881 589 3965 Jucunda
608 3881 743 3947 illorum
764 3905 918 3949 amorum
935 3897 1015 3950 sunt
1034 3907 1079 3950 ex
1100 3889 1221 3971 quibus
1241 3890 1398 3971 ducitur;
1422 3900 1458 3956 et

329 3977 481 4062 jucunda
499 3979 639 4055 faciunt,
658 3989 694 4043 ut
712 3982 845 4046 nesciat
868 3982 959 4064 quod
980 3984 1013 4046 in
1033 3983 1132 4047 malis
1150 3984 1218 4064 sit;
1242 4005 1345 4051 omne
1363 3987 1457 4052 enirn

330 4077 518 4160 jucundum
542 4076 668 4141 amoris
692 4096 761 4140 non
781 4078 931 4142 sentitur
949 4078 1051 4143 aliter
1069 4100 1171 4163 quam
1192 4081 1280 4146 sicut
1304 4081 1457 4161 bonum;

335 4194 439 4256 quare
459 4173 562 4236 etiarn
585 4172 690 4237 homo
715 4173 777 4236 nisi
801 4185 1025 4256 regeneratur
1047 4195 1116 4240 non
1140 4177 1206 4242 scit
1229 4178 1332 4244 aliter
1354 4196 1457 4262 quarn

334 4270 427 4353 quod
456 4292 493 4334 se
523 4279 559 4334 et
586 4269 751 4333 mundum
784 4289 899 4334 amare
928 4290 1029 4352 super
1051 4272 1178 4348 omnia,
1199 4274 1243 4338 sit
1264 4275 1375 4358 ipsum
1393 4274 1456 4339 bo·

334 4384 438 4443 nurn3
460 4375 496 4430 et
513 4364 603 4449 quod
620 4364 788 4429 dominari
801 4385 903 4448 super
918 4384 1049 4441 omnes,
1063 4376 1099 4431 et
1116 4369 1292 4450 possidere
1304 4369 1457 4436 omnium

334 4459 479 4525 aliorum
498 4481 592 4544 opes,
609 4461 655 4526 sit
678 4479 847 4524 summum
866 4461 1005 4527 bonurn.
1052 4460 1137 4528 Inde
1156 4464 1262 4529 etiam
1282 4476 1336 4531 est
1354 4486 1459 4531 omne

335 4557 483 4634 malum3
508 4575 588 4620 narn
604 4557 733 4619 nullum
750 4555 853 4621 alium
871 4555 1005 4641 spectat
1021 4578 1211 4635 examore,
1229 4581 1331 4645 quam
1348 4583 1384 4626 se
1400 4581 1458 4627 so·

334 4649 406 4715 lurn
420 4672 428 4730 ;
448 4662 485 4716 et
497 4651 526 4715 si
537 4649 671 4735 spectat
685 4651 788 4717 alium
801 4674 846 4717 ex
860 4672 987 4732 amore,
1001 4665 1057 4720 est
1069 4656 1157 4720 sicut
1169 4656 1326 4723 diabolus
1338 4653 1461 4723 diabo-
