3418 5370
514 652 564 702 DE
589 651 727 702 DIVINA
750 649 1198 719 PROVIDENTIA.—N:215.
1357 652 1419 722 223

281 821 413 906 aliquid
439 832 631 906 praeterea,
657 823 729 886 sive
755 823 800 887 sit
823 841 944 886 verum
967 823 1039 886 sive
1062 822 1215 887 bonum?
1260 821 1313 886 De
1337 842 1420 887 vero

281 917 378 993 dicit,
406 916 487 998 quid
519 934 638 980 verum
669 916 732 980 nisi
763 917 854 999 quod
885 914 988 980 fidem
1014 915 1111 980 illam
1135 914 1342 995 confirmat;
1376 917 1420 982 de

283 1013 377 1076 bono
401 1010 497 1088 dicit,
526 1008 648 1093 “Quid
675 1011 816 1086 bonum,
842 1010 905 1074 nisi
934 1010 969 1074 id
1000 1011 1092 1094 quod
1123 1031 1168 1074 ex
1199 1011 1265 1076 fide
1296 1011 1357 1076 illa
1385 1012 1420 1076 in

282 1127 339 1174 me
359 1107 438 1173 est?
485 1103 555 1171 Sed
580 1116 616 1170 ut
638 1107 672 1170 in
692 1126 746 1170 me
766 1107 822 1182 sit,
843 1127 912 1170 non
930 1106 1055 1170 faciam
1074 1105 1159 1170 illud
1178 1109 1267 1171 sicut
1286 1129 1332 1172 ex
1351 1128 1419 1185 me,

281 1204 448 1288 quoniam
466 1202 500 1267 id
520 1212 574 1266 est
596 1201 825 1280 meritorium;
849 1210 884 1264 et
901 1201 1031 1265 bonum
1048 1203 1260 1266 meritorium
1277 1223 1346 1266 non
1365 1213 1421 1268 est

284 1297 441 1363 bonum.”
486 1297 543 1362 Ita
563 1298 696 1362 omittit
717 1297 832 1360 omnia
848 1317 954 1380 usque
974 1296 1056 1360 dum
1072 1317 1141 1360 non
1161 1299 1228 1361 scit
1247 1298 1328 1380 quid
1346 1318 1419 1362 ma-

284 1394 375 1473 lum;
403 1393 485 1479 quid
509 1403 591 1459 tunc
617 1394 708 1476 apud
739 1411 777 1457 se
800 1393 999 1474 explorabit
1022 1403 1058 1456 et
1089 1392 1243 1457 videbit?
1288 1391 1419 1455 Annon

283 1499 367 1554 tunc
391 1499 506 1554 status
529 1488 602 1572 ejus
633 1487 683 1566 fit,
705 1487 798 1572 quod
828 1489 918 1571 ignis
946 1487 1314 1571 concupiscentiarium
1339 1487 1421 1550 mali

283 1584 436 1649 inclusus
459 1586 625 1650 interiora
651 1586 778 1649 mentis
802 1584 873 1667 ejus
896 1593 1149 1659 consumatae
1173 1586 1336 1648 devastet
1359 1583 1421 1647 illa

186 1714 189 1718 ·
256 1704 393 1767 ¹usque
416 1681 462 1748 ad
492 1681 653 1766 portam?
703 1681 803 1746 Hanc
829 1681 941 1746 solam
964 1680 1119 1747 custodit
1149 1703 1193 1746 ne
1223 1681 1419 1745 incendium

283 1788 474 1862 appareat;
498 1777 560 1843 sed
581 1779 733 1862 aperitur
753 1787 832 1860 post
849 1778 993 1853 obitum,
1013 1787 1050 1842 et
1069 1788 1151 1842 tunc
1172 1797 1288 1842 coram
1307 1777 1419 1841 omni·

286 1875 349 1938 bus
367 1883 522 1956 apparet.
570 1880 627 1940 [3.]
661 1873 839 1938 Tertium:
864 1873 915 1936 De
930 1871 1002 1937 illis
1020 1872 1082 1957 qui
1091 1883 1233 1956 propter
1248 1873 1421 1937 mundana

284 1991 349 2032 non
371 1968 519 2052 cogitant
541 1968 582 2033 de
598 1970 752 2050 peccatis,
773 1979 806 2033 ct
827 1968 905 2033 inde
926 1968 988 2032 illa
1010 1989 1074 2031 non
1092 1969 1208 2032 sciunt.
1255 1967 1343 2033 Sunt
1361 1967 1419 2052 qui

285 2067 451 2130 mundum
467 2086 569 2150 super
586 2067 701 2130 omnia
717 2076 849 2142 amant,
860 2078 895 2129 et
913 2085 983 2129 non
999 2066 1190 2131 admittunt
1205 2064 1345 2150 aliquod
1357 2087 1417 2130 ve·

286 2181 359 2226 rum
377 2163 468 2246 quod
486 2163 530 2225 ab
547 2162 662 2244 aliquo
678 2161 766 2225 salso
782 2163 958 2245 religionis
974 2181 1093 2226 eorum
1109 2162 1279 2240 abducat;
1299 2160 1418 2226 dicen·

286 2267 341 2320 tes
357 2276 485 2333 secum,
501 2255 626 2340 “Quid
644 2258 726 2320 mihi
745 2258 838 2322 hoc?
883 2257 965 2322 Non
978 2276 1076 2322 meae
1092 2258 1319 2338 cogitationis
1334 2256 1419 2322 est.’'

287 2353 342 2417 lta
360 2353 516 2435 rejiciunt
537 2354 571 2417 id
592 2353 685 2417 illico
705 2373 784 2419 cum
807 2355 963 2428 audiunt,
984 2365 1020 2418 et
1040 2355 1068 2417 si
1086 2355 1239 2428 audiunt,
1260 2355 1294 2416 id
1314 2352 1417 2418 suffo-

285 2459 378 2513 cant.
424 2448 534 2513 Iidem
554 2468 665 2533 paene
685 2450 844 2513 similiter
865 2450 994 2514 faciunt
1016 2466 1094 2513 cum
1117 2450 1261 2514 audiunt
1280 2450 1416 2532 praedi·

285 2545 464 2621 cationes;
500 2565 546 2608 ex
570 2544 636 2608 illis
661 2564 730 2608 non
750 2545 827 2629 plus
846 2547 998 2609 retinent
1022 2563 1124 2628 quam
1147 2545 1280 2628 aliquas
1298 2565 1416 2622 voces,

284 2649 322 2702 et
350 2659 418 2703 non
449 2639 599 2722 aliquam
634 2659 716 2705 rem.
764 2639 854 2722 Quia
880 2642 930 2704 ita
960 2661 1038 2706 cum
1061 2642 1149 2704 veris
1173 2641 1314 2716 faciunt,
1339 2643 1418 2705 ideo

286 2755 356 2798 non
380 2736 492 2800 sciunt
517 2735 597 2819 quid
621 2736 763 2812 bonum,
789 2756 894 2801 unum
922 2737 1014 2801 enim
1045 2745 1166 2819 agunt,
1190 2746 1227 2800 et
1253 2757 1299 2800 ex
1322 2737 1417 2801 bono

284 2831 378 2913 quod
409 2850 478 2893 non
502 2841 556 2895 est
580 2851 626 2894 ex
651 2853 743 2908 vero,
769 2852 838 2897 non
870 2833 1095 2914 cognoscitur
1118 2833 1258 2908 malum,
1283 2834 1347 2896 nisi
1378 2841 1417 2898 ut

284 2947 422 3011 quoque
445 2927 582 2991 dicatur
606 2927 745 3003 bonum,
770 2928 863 3012 quod
887 2927 924 2991 fit
948 2949 1009 3010 per
1038 2929 1220 2993 ratiocinia
1242 2951 1288 2994 ex
1311 2929 1415 2994 salsis.

288 3020 334 3084 Hi
350 3031 430 3086 sunt
448 3025 503 3107 qui
521 3022 765 3105 intelliguntur
781 3045 841 3107 per
857 3025 989 3087 semina
1005 3044 1093 3108 quae
1109 3025 1309 3089 ceciderunt
1326 3025 1417 3088 inter

284 3117 413 3200 spinas,
435 3116 479 3181 de
499 3117 620 3201 quibus
639 3119 689 3182 ita
708 3118 896 3182 Dominus:

336 3256 351 3278 ¹⁶
359 3253 433 3304 Alia.
445 3254 563 3304 ¹semina
574 3253 729 3304 ceciderunt
741 3254 811 3304 inter
820 3255 929 3316 spinas;
946 3263 974 3303 et
985 3255 1166 3305 ascenderunt
1177 3256 1281 3317 spinae,
1293 3263 1320 3304 et
1333 3255 1416 3304 suffo-

419 3329 515 3370 carunt
533 3320 587 3370 illa.
702 3319 739 3371 Hi
757 3331 821 3370 sunt
838 3321 883 3384 qui
896 3319 1015 3369 Verbum
1033 3322 1154 3378 audiunt,
1167 3322 1215 3370 sed
1233 3335 1298 3370 cura
1314 3320 1415 3370 saeculi

418 3385 499 3448 hujus
517 3395 545 3435 et
562 3385 637 3436 fraus
652 3387 808 3436 divitiarum
823 3385 938 3436 suffocat
951 3384 1079 3444 Verbum,
1094 3396 1124 3435 ut
1140 3386 1330 3449 infrugiferum
1346 3385 1415 3436 fiat''

418 3451 524 3506 (Matth.
538 3453 592 3502 xiii.
606 3463 628 3512 7,
642 3463 691 3512 πη
710 3453 796 3502 Marc.
809 3453 844 3502 iv.
860 3450 973 3514 7,1¹119;
990 3452 1054 3502 Luc.
1066 3452 1122 3502 viii.
1133 3464 1155 3513 7,
1170 3453 1217 3515 14).

285 3589 346 3650 [4.]
378 3583 569 3668 Quartum:
603 3585 656 3649 De
680 3585 762 3663 illis,
787 3583 850 3668 qui
865 3585 993 3666 favent
1012 3586 1168 3668 peccatis,
1193 3596 1227 3651 et
1251 3585 1322 3650 ideo
1351 3609 1415 3649 non

280 3687 428 3759 possunt
442 3681 530 3744 scire
543 3680 613 3746 illa.
662 3680 707 3744 Hi
724 3691 803 3745 sunt
820 3681 877 3764 qui
893 3691 1088 3762 agnoscunt
1106 3681 1229 3758 Deum,
1247 3691 1281 3745 et
1297 3681 1414 3763 Ipsum

287 3776 476 3841 secundum
500 3777 585 3840 ritus
609 3776 770 3840 solennes
798 3776 930 3854 colunt,
954 3786 990 3840 et
1014 3777 1103 3859 apud
1131 3799 1168 3841 se
1196 3776 1413 3852 confirmant,

283 3871 379 3953 ¹quod
402 3871 542 3958 aliquod
566 3872 706 3948 malum,
728 3872 821 3956 quod
844 3881 899 3937 est
923 3881 1115 3955 peccatum,
1133 3893 1202 3936 non
1226 3873 1271 3935 sit
1290 3893 1414 3956 pecca·

284 3975 383 4045 tum;
406 3967 560 4032 insucant
578 3969 670 4033 enim
689 3968 723 4033 id
743 3990 803 4052 per
822 3968 977 4032 fallacias
999 3975 1036 4032 et
1056 3967 1289 4050 appetentias,
1310 3978 1346 4032 et
1366 3970 1414 4034 sic

282 4064 532 4128 enormitatem
551 4061 623 4147 ejus
641 4065 882 4142 abscondunt;
906 4063 999 4148 quod
1018 4083 1096 4128 cum
1114 4064 1280 4139 iecerunt,
1297 4064 1415 4129 favent

282 4159 327 4234 ei,
348 4179 388 4224 ac
407 4160 442 4224 id
462 4159 526 4224 sibi
548 4161 696 4225 amicum
720 4170 757 4226 et
779 4161 945 4225 familiare
963 4160 1123 4225 reddunt.
1169 4159 1305 4224 Dicitur
1322 4161 1414 4243 quod

282 4253 334 4318 illi
353 4255 419 4321 hoc
436 4256 577 4332 saciant,
595 4258 651 4341 qui
668 4257 780 4321 Deum
796 4266 1003 4339 agnoscunt,
1020 4257 1100 4340 quia
1114 4255 1172 4320 alii
1188 4276 1258 4321 non
1274 4256 1415 4341 aliquod

283 4351 415 4418 malum
438 4373 502 4436 pro
526 4363 673 4435 peccato
695 4363 870 4436 reputant,
896 4372 999 4417 omne
1029 4353 1122 4415 enim
1152 4363 1335 4434 peccatum
1358 4366 1414 4419 est

282 4458 410 4514 contra
426 4448 549 4513 Deum.
594 4447 663 4514 Sed
682 4448 846 4532 exempla
863 4447 1049 4513 illustrent.
1091 4445 1226 4512 Malum
1245 4470 1316 4514 non
1332 4471 1413 4534 pec·

281 4555 403 4611 catum
426 4543 510 4609 facit
532 4544 616 4609 lucri
636 4545 789 4628 cupidus,
808 4547 865 4628 qui
889 4544 1020 4628 aliquas
1043 4544 1312 4610 defraudationis
1335 4567 1414 4628 spe·

279 4638 365 4720 cies,
379 4661 426 4706 ex
441 4640 643 4719 rationibus,
660 4659 745 4724 quas
761 4641 955 4723 excogitat,
970 4640 1083 4704 licitas
1098 4640 1232 4706 reddit:
1256 4639 1415 4707 similiter
