3422 5380
509 637 560 689 na
583 637 722 688 nrvrnn
745 637 1102 689 momolenus-n.
1121 625 1194 706 289.
1355 639 1416 706 235

283 810 422 892 cogitat
441 817 477 873 et
496 807 582 884 vult,
600 818 636 873 et
655 808 735 872 inde
756 808 908 892 loquitur
923 818 960 874 et
976 810 1070 886 facit,
1088 809 1134 874 sit
1150 831 1196 873 ex
1213 809 1364 889 influxu;
1388 809 1417 874 si

286 907 414 969 bonum
431 913 497 980 est,
514 923 560 968 ex
579 903 709 968 influxu
727 925 746 968 e
767 903 877 980 caelo,
896 913 932 969 et
951 905 979 968 si
999 905 1140 982 malum,
1160 924 1207 969 ex
1225 904 1355 968 influxu
1372 905 1418 969 ab

283 1000 441 1078 inferno;
465 1019 526 1064 seu
555 999 648 1082 quod
677 1000 780 1074 idem,
807 999 900 1083 quod
928 1001 1058 1064 bonum
1086 1000 1132 1066 sit
1160 1021 1208 1064 ex
1237 999 1367 1064 influxu
1396 1021 1419 1065 a

288 1097 458 1174 Domino;
484 1105 519 1160 et
539 1094 670 1160 malum
693 1115 740 1159 ex
763 1097 902 1178 proprio
924 1095 1086 1160 hominis.
1130 1094 1200 1160 Sed
1223 1098 1306 1172 scio,
1324 1097 1418 1180 quod

287 1193 372 1257 haec
391 1210 497 1273 aegre
513 1192 648 1276 possint
663 1191 922 1275 comprehendi,
939 1193 1019 1277 quia
1033 1191 1260 1274 distinguitur
1277 1194 1367 1256 inter
1381 1194 1418 1256 id

284 1287 379 1373 quod
397 1287 507 1351 influit
526 1308 547 1353 e
565 1287 665 1352 caelo
683 1309 744 1352 seu
762 1309 783 1352 a
802 1287 965 1364 Domino,
982 1297 1018 1352 et
1037 1289 1128 1352 inter
1143 1287 1177 1351 id
1197 1288 1289 1371 quod
1308 1288 1418 1354 influit

284 1405 332 1448 ex
356 1384 488 1448 inferno
511 1403 572 1448 seu
589 1403 611 1448 a
629 1385 767 1469 proprio
789 1383 959 1463 hominis;
982 1394 1019 1448 et
1043 1405 1149 1468 usque
1172 1383 1306 1458 dicitur,
1324 1385 1418 1467 quod

289 1481 413 1544 Divina
437 1479 660 1544 Providentia
681 1481 727 1544 sit
749 1481 783 1544 in
803 1479 1084 1562 singularissimis
1101 1480 1356 1562 cogitationum
1379 1489 1417 1544 et

284 1573 506 1640 aflebtionum
536 1574 698 1654 hominis,
730 1597 837 1660 usque
866 1576 967 1652 adeo,
995 1586 1033 1640 ut
1060 1575 1166 1640 homo
1192 1575 1277 1638 nihil
1304 1576 1416 1657 possit

285 1673 443 1753 cogitare
463 1678 501 1734 et
520 1669 611 1734 velle
630 1691 651 1734 a
669 1691 725 1734 se:
750 1671 811 1734 sed
830 1672 911 1755 quia
928 1671 1053 1734 dicitur
1069 1671 1162 1754 quod
1180 1672 1285 1736 etiam
1305 1671 1415 1752 possit

284 1768 332 1830 ab
353 1765 497 1842 inferno,
523 1774 598 1830 tum
621 1785 643 1830 a
664 1767 802 1850 proprio
831 1787 905 1843 suo,
929 1775 1074 1850 apparet
1097 1767 1132 1830 id
1162 1767 1251 1832 sicut
1277 1777 1415 1828 contra-

284 1859 480 1937 didtorium,
504 1869 542 1927 at
565 1881 672 1944 usque
695 1881 764 1925 non
787 1872 863 1926 est:
891 1861 983 1945 quod
1007 1881 1077 1926 non
1106 1863 1163 1938 sit,
1185 1861 1359 1926 videbitur
1380 1862 1416 1926 in

284 1959 522 2041 sequentibus,
547 1966 734 2040 postquam
761 1957 949 2039 praemissa
972 1966 1053 2020 sunt
1079 1957 1204 2040 aliqua,
1228 1977 1316 2040 quae
1341 1975 1416 2022 rem

284 2051 519 2117 illustrabunt.

351 2147 449 2214 288.
482 2145 588 2230 Quod
603 2147 717 2212 nullus
734 2149 891 2230 cogitare
914 2149 1025 2231 possit
1050 2169 1070 2212 a
1091 2169 1140 2226 se,
1166 2150 1227 2214 sed
1249 2169 1271 2213 a
1292 2147 1416 2212 Domi·

287 2265 345 2321 no,
364 2243 518 2308 latentur
543 2262 664 2308 omnes
690 2244 806 2327 angeli
828 2243 939 2324 caeli;
966 2255 1002 2308 at
1021 2245 1115 2328 quod
1137 2244 1249 2308 nullus
1270 2245 1415 2325 cogitari

287 2340 399 2423 possit
422 2339 467 2402 ab
489 2337 560 2404 alio
587 2358 690 2423 quam
714 2360 735 2402 a
753 2361 800 2414 se,
825 2339 944 2404 dicunt
974 2359 1095 2404 omnes
1122 2341 1261 2421 spiritus
1283 2338 1415 2404 inferni.

288 2434 416 2499 Athis
439 2433 623 2518 aliquoties
647 2443 826 2498 ostensum
849 2446 916 2511 est,
939 2435 1032 2517 quod
1056 2453 1126 2497 non
1152 2433 1274 2516 aliquis
1296 2453 1415 2498 eorum

285 2531 423 2612 cogitet
437 2551 484 2595 ex
503 2551 552 2606 se,
570 2550 634 2595 nec
652 2531 774 2616 possit,
788 2530 849 2592 sed
866 2529 958 2613 quod
974 2527 1114 2607 influat;
1136 2547 1254 2592 verum
1270 2528 1395 2592 frustra
1405 2551 1414 2610 ;
1477 2531 1480 2538 '

287 2645 358 2690 non
373 2625 558 2691 voluerunt
575 2627 737 2708 recipere.
778 2623 847 2690 Sed
860 2624 1078 2706 experientia
1093 2623 1244 2699 docebit,
1258 2625 1414 2707 primum,

285 2721 380 2806 quod
399 2741 501 2788 omne
522 2723 749 2805 cogitationis
765 2731 801 2785 et
824 2720 1013 2785 affectionis
1036 2721 1142 2784 etiam
1162 2720 1252 2803 apud
1276 2722 1416 2802 spiritus

285 2818 408 2883 inferni
424 2818 542 2883 influat
559 2839 578 2884 e
594 2819 706 2895 caelo,
723 2819 785 2882 sed
805 2819 895 2901 quod
919 2819 1047 2882 bonum
1070 2816 1214 2880 influens
1236 2817 1282 2881 ibi
1299 2827 1415 2882 verta·

286 2925 344 2978 tur
362 2915 396 2978 in
413 2915 552 2990 malum,
570 2923 606 2978 et
622 2915 715 2999 quod
735 2935 853 2978 verum
869 2916 904 2979 in
920 2914 1054 2989 falsum,
1071 2914 1120 2977 ita
1135 2931 1239 2977 omne
1254 2914 1289 2977 in
1304 2935 1416 2998 oppo·
1448 2961 1450 2966 -

284 3011 401 3074 situm.
449 3009 526 3074 Hoc
548 3020 727 3075 ostensum
747 3019 800 3074 est
820 3012 891 3074 ita:
916 3011 1103 3074 demissum
1122 3019 1176 3073 est
1195 3030 1215 3075 e
1232 3009 1331 3073 caelo
1353 3011 1415 3075 ali·

285 3106 380 3190 quod
403 3125 521 3170 verum
546 3129 592 3170 ex
612 3105 743 3182 Verb0,
764 3115 800 3170 et
823 3106 889 3169 hoc
913 3116 1101 3188 exceptum
1124 3114 1179 3169 est
1201 3105 1246 3169 ab
1268 3105 1336 3168 illis
1358 3108 1416 3191 qui

285 3223 390 3283 supra
408 3202 443 3264 in
462 3202 593 3265 inferno
613 3212 723 3276 erant,
744 3212 781 3265 et
797 3203 841 3264 ab
860 3201 913 3265 his
929 3202 1115 3264 demissum
1131 3210 1186 3264 est
1205 3200 1238 3262 in
1257 3200 1416 3265 inferiora

286 3315 395 3378 usque
418 3295 462 3358 ad
481 3295 657 3374 infimum;
682 3316 722 3359 ac
746 3294 780 3357 id
805 3297 838 3358 in
857 3295 913 3358 via
931 3295 1124 3360 successive
1142 3313 1279 3357 versum
1303 3305 1357 3357 est
1380 3297 1415 3360 in

283 3391 421 3467 salsum,
442 3400 478 3456 et
502 3393 645 3456 tandem
670 3394 703 3456 in
727 3392 849 3456 salsum
874 3411 1012 3474 prorsus
1034 3391 1232 3472 oppositum
1251 3409 1355 3468 vero;
1379 3401 1415 3456 et

283 3487 336 3550 illi
359 3486 450 3570 apud
473 3508 558 3571 quos
580 3491 788 3564 vertebatur,
810 3489 1014 3569 cogitabant
1037 3485 1162 3550 falsum
1184 3485 1273 3549 sicut
1296 3506 1341 3549 ex
1365 3506 1414 3563 se,

283 3593 323 3646 et
346 3602 415 3647 non
446 3585 603 3648 sciebant
627 3584 738 3656 aliter.
768 3602 845 3647 cum
874 3593 992 3647 tamen
1020 3591 1096 3646 erat
1121 3599 1240 3646 verum
1267 3602 1287 3645 e
1317 3581 1415 3645 caelo

283 3679 451 3756 defluens,
476 3679 511 3744 in
534 3683 591 3743 via
614 3679 658 3744 ad
680 3679 834 3743 infimum
858 3679 1037 3754 infernum,
1060 3677 1111 3742 ita
1135 3675 1355 3741 falsificatum
1378 3688 1415 3742 et

285 3793 495 3856 perversum.
553 3774 655 3858 Quod
692 3775 741 3839 ita
776 3771 914 3848 fadtum,
949 3785 1003 3838 ter
1039 3784 1099 3838 aut
1134 3784 1257 3858 quater
1289 3775 1413 3838 audivi.

283 3871 404 3936 Simile
434 3871 472 3937 fit
500 3891 576 3935 cum
605 3874 717 3949 bono;
749 3871 815 3935 hoc
843 3869 998 3934 defluens
1023 3891 1043 3936 e
1069 3870 1169 3935 caelo
1196 3870 1414 3952 progressive

283 3969 432 4030 vertitur
456 3966 490 4030 in
515 3967 645 4030 malum
673 3967 765 4028 bono
793 3966 1004 4048 oppositum.
1058 3965 1144 4029 Inde
1171 3965 1292 4047 patuit,
1321 3963 1413 4047 quod

284 4083 403 4126 verum
427 4071 462 4126 et
486 4062 614 4126 bonum
638 4084 659 4125 a
684 4062 831 4125 Domino
855 4062 1045 4144 procedens
1068 4071 1256 4142 exceptum
1280 4061 1324 4123 ab
1346 4060 1413 4123 illis

276 4159 341 4242 qui
361 4161 394 4222 in
413 4159 501 4223 salso
524 4167 560 4222 et
584 4159 619 4222 in
639 4159 731 4222 malo
755 4168 846 4232 sunt,
868 4167 1093 4240 permutetur,
1111 4167 1146 4220 et
1166 4157 1199 4219 in
1219 4156 1321 4218 aliam
1344 4155 1412 4219 sor-

281 4273 375 4318 mam
392 4263 557 4329 transeat,
575 4275 680 4337 usque
696 4265 732 4317 ut
750 4255 858 4336 prima
873 4253 982 4316 sorma
996 4273 1065 4315 non
1081 4261 1257 4333 appareat.
1296 4249 1412 4315 Simile

280 4348 322 4413 flt
338 4351 428 4434 apud
447 4369 585 4413 omnem
602 4349 776 4413 hominem
794 4348 934 4422 malum,
954 4367 1034 4411 nam
1050 4346 1108 4411 ille
1124 4348 1237 4430 quoad
1254 4347 1412 4429 spiritum

280 4465 381 4510 suum
401 4454 455 4509 est
478 4446 513 4508 in
534 4444 675 4508 inferno.

347 4540 447 4622 289.
480 4538 582 4622 Quod
603 4559 665 4602 nec
689 4539 810 4621 aliquis
833 4540 866 4602 in
886 4539 1019 4601 inferno
1035 4539 1169 4620 cogitet
1186 4559 1206 4602 a
1224 4559 1261 4602 se
1281 4536 1343 4600 sed
1365 4558 1412 4601 ex

276 4637 356 4700 aliis
374 4636 501 4698 circum
517 4656 565 4709 se,
584 4654 646 4698 nec
663 4633 698 4697 hi
717 4634 773 4697 alii
790 4654 810 4697 a
826 4655 874 4710 se,
893 4635 954 4696 sed
974 4634 1079 4697 etiam
1098 4654 1144 4697 ex
1163 4634 1250 4710 aliis,
1267 4641 1303 4696 et
1319 4632 1413 4716 quod
