3418 5370
286 705 289 710 ’
318 701 379 764 228
668 711 870 763 SAPIENTIA
895 709 1090 762 ANGELICA

316 881 512 958 merabiles,
534 891 570 946 et
595 883 753 947 similiter
777 881 889 957 libras,
910 893 946 946 et
966 883 1057 966 quod
1083 881 1165 946 nihil
1190 901 1261 945 non
1280 879 1326 946 ibi
1345 901 1451 964 orga-

316 981 469 1042 nizatum
504 977 570 1056 sit;
613 978 693 1061 quid
728 999 814 1060 opus
848 989 901 1041 est
935 977 1003 1041 alia
1037 977 1311 1052 confirmatione,
1345 996 1450 1060 quam

315 1072 445 1138 oculari
466 1072 551 1137 illai
597 1077 655 1138 [7.]
686 1072 755 1137 Sed
772 1075 957 1157 quaeritur,
979 1072 1070 1154 Quid
1091 1075 1135 1137 ibi
1156 1071 1292 1138 affedtio
1310 1080 1348 1137 et
1366 1073 1450 1156 quid

309 1168 513 1252 cogitatio?
561 1167 640 1232 Hoc
664 1168 823 1232 concludi
854 1179 972 1250 potest
996 1169 1040 1231 ab
1063 1168 1221 1232 omnibus
1244 1177 1280 1233 et
1303 1167 1451 1250 singulis

316 1285 404 1350 quae
431 1267 465 1328 in
490 1284 658 1347 corpore;
693 1265 738 1327 ibi
766 1274 847 1328 sunt
875 1262 972 1347 plura
996 1265 1138 1339 viscera,
1164 1264 1300 1347 singula
1325 1264 1359 1327 in
1386 1283 1450 1326 sua

317 1363 399 1426 sede
415 1360 497 1437 lixa,
515 1371 550 1425 et
571 1381 651 1424 suas
671 1356 864 1425 sundiiones
881 1381 942 1444 per
958 1360 1170 1423 mutationes
1186 1371 1221 1423 et
1238 1360 1449 1424 variationes

316 1468 430 1522 status
453 1468 489 1522 et
512 1457 641 1521 formae
672 1464 882 1538 operantur;
917 1457 1009 1540 quod
1033 1457 1066 1518 in
1094 1455 1355 1538 operationibus
1378 1455 1448 1518 suis

316 1555 398 1630 sint,
428 1564 548 1618 notum
579 1562 651 1630 est;
689 1549 901 1616 ventriculus
930 1551 965 1615 in
995 1553 1075 1627 suis,
1107 1552 1274 1615 intestina
1302 1551 1336 1613 in
1364 1552 1446 1626 suis,

315 1669 417 1713 renes
444 1651 477 1712 in
505 1650 585 1724 suis,
607 1647 725 1732 hepar,
747 1668 914 1732 pancreas
942 1655 978 1711 et
1006 1647 1074 1710 lien
1102 1647 1136 1710 in
1163 1648 1243 1722 suis,
1263 1666 1303 1710 ac
1328 1665 1389 1710 cor
1409 1656 1447 1711 et

315 1745 435 1830 pulmo
459 1746 493 1809 in
518 1745 605 1823 suis;
640 1754 676 1809 et
706 1763 828 1808 omnes
851 1742 932 1807 illae
956 1761 1082 1824 operae
1106 1742 1217 1807 solum
1240 1742 1448 1806 intrinsecus

315 1852 511 1918 moventur,
535 1861 575 1904 ac
603 1840 811 1904 intrinsecus
843 1839 975 1904 moveri
1001 1848 1054 1903 est
1083 1859 1143 1921 per
1169 1839 1379 1902 mutationes
1409 1845 1446 1900 et

313 1939 525 2002 variationes
544 1945 656 2000 status
673 1945 709 2000 et
729 1937 868 2001 formae.
917 1935 1003 1999 Inde
1024 1947 1184 1999 constare
1205 1944 1333 2016 potest,
1353 1934 1445 2017 quod

311 2037 589 2100 substantiarum
609 2053 692 2115 pure
719 2033 960 2116 organicorum
985 2033 1110 2095 mentis
1134 2031 1353 2112 operationes
1376 2050 1445 2092 non

310 2131 407 2196 aliud
425 2132 506 2204 sint,
524 2149 601 2192 curn
618 2126 811 2191 differentia
828 2129 921 2210 quod
938 2128 1159 2209 operationes
1175 2127 1445 2189 substantiarum

311 2225 557 2310 organicarum
574 2225 725 2306 corporis
743 2225 812 2288 sint
829 2224 1016 2297 naturales,
1037 2233 1072 2288 at
1093 2224 1219 2287 mentis
1238 2220 1445 2305 spirituales,

315 2333 354 2387 et
373 2319 465 2404 quod
492 2317 557 2382 hae
581 2328 617 2383 et
642 2317 723 2382 illae
743 2338 847 2382 unum
873 2319 1000 2382 saciant
1024 2339 1085 2400 per
1110 2316 1446 2398 correspondentias.

318 2421 376 2484 [fid
408 2415 487 2478 Non
511 2423 629 2495 potest
650 2416 694 2477 ad
715 2414 852 2477 oculum
878 2415 1073 2488 monstrari,
1094 2413 1213 2497 quales
1232 2421 1312 2475 sunt
1332 2419 1448 2474 status

319 2520 353 2576 et
367 2512 497 2576 formae
513 2512 725 2574 mutationes
743 2521 779 2574 et
796 2511 1004 2574 variationes
1020 2509 1290 2573 substantiarum
1307 2507 1446 2589 organi·

316 2627 435 2672 carum
460 2607 599 2682 mentis,
621 2616 806 2690 quaesunt
831 2603 1030 2669 affectiones
1050 2616 1085 2668 et
1106 2606 1356 2687 cogitationes;
1383 2604 1446 2668 sed

317 2724 425 2787 usque
448 2712 594 2784 possunt
628 2703 717 2766 sicut
740 2703 773 2765 in
798 2701 940 2785 speculo
963 2702 1072 2765 videri
1094 2722 1114 2764 a
1137 2699 1387 2764 mutationibus
1408 2710 1446 2764 et

316 2799 564 2862 variationibus
589 2806 702 2861 status
728 2797 899 2881 pulmonis
930 2799 964 2860 in
997 2797 1134 2881 loquela
1165 2806 1201 2861 et
1229 2808 1353 2874 cantu;
1391 2807 1446 2860 est

315 2895 420 2958 etiam
443 2895 771 2976 correspondentia;
802 2914 880 2958 nam
901 2913 1004 2956 sonus
1024 2892 1182 2976 loquelae
1199 2902 1236 2956 et
1255 2902 1389 2967 cantus,
1409 2901 1446 2958 et

316 3011 452 3074 quoque
475 2990 736 3055 articulationes
764 2991 850 3065 soni,
876 3011 963 3074 quae
991 2998 1069 3052 sunt
1093 3009 1197 3053 voces
1228 2988 1386 3072 loquelae
1408 2997 1446 3053 et

317 3085 552 3150 modulamina
578 3096 712 3162 cantus,
733 3085 818 3149 fiunt
838 3106 898 3169 per
919 3085 1127 3167 pulmonem,
1148 3104 1188 3147 ac
1208 3104 1313 3147 sonus
1330 3104 1445 3148 corre·

317 3182 470 3265 spondet
501 3179 682 3257 affectioni,
709 3191 745 3246 et
776 3181 914 3266 loquela
946 3181 1160 3264 cogitationi.
1210 3179 1447 3244 Producuntur

318 3279 425 3343 etiam
447 3299 493 3343 ex
520 3278 598 3353 illis,
624 3288 659 3342 et
683 3279 748 3343 hoc
780 3277 817 3341 fit
847 3298 908 3360 per
941 3277 1150 3340 mutationes
1177 3283 1212 3340 et
1238 3276 1445 3339 variationes

318 3383 432 3439 status
455 3385 490 3439 et
514 3374 643 3439 formae
666 3374 934 3437 substantiarum
959 3373 1198 3454 organicarum
1217 3371 1252 3435 in
1271 3371 1445 3455 pulmone,

317 3479 355 3535 et
385 3493 430 3536 ex
461 3470 625 3553 pulmone
656 3489 716 3553 per
747 3468 916 3532 trachiam
949 3489 1008 3533 seu
1039 3488 1196 3552 asperam
1224 3469 1384 3533 arteriam
1411 3468 1447 3532 in

318 3565 464 3650 larynge
491 3577 528 3631 et
555 3565 718 3650 glottide,
740 3574 776 3628 et
806 3574 931 3648 postea
963 3567 995 3629 in
1027 3565 1155 3649 lingua,
1180 3575 1217 3630 et
1243 3565 1381 3629 demum
1411 3563 1446 3628 in

318 3661 422 3727 labris
447 3662 525 3726 oris.
577 3661 789 3725 Mutationes
813 3670 849 3726 et
874 3663 1083 3727 variationes
1106 3671 1220 3728 status
1251 3673 1287 3729 et
1315 3662 1447 3727 formae

317 3759 396 3823 soni
418 3759 548 3842 primae
571 3756 657 3822 fiunt
689 3757 722 3821 in
756 3759 928 3840 pulmone,
953 3758 1084 3824 alterae
1114 3759 1149 3822 in
1172 3759 1307 3825 trachia
1328 3767 1364 3822 et
1394 3756 1446 3821 la·

316 3875 440 3938 rynge,
457 3855 582 3920 tertiae
600 3855 635 3917 in
654 3854 808 3938 glottide
826 3878 887 3940 per
905 3857 1016 3921 varias
1033 3867 1212 3941 aperturas
1228 3855 1299 3940 ejus
1318 3853 1447 3931 orificii,

317 3962 463 4036 quartae
482 3951 516 4016 in
535 3950 654 4034 lingua
670 3972 730 4036 per
746 3954 857 4018 varias
877 3953 948 4037 ejus
965 3954 1216 4038 applicationes
1231 3955 1274 4018 ad
1291 3951 1447 4038 palatum

319 4057 355 4112 et
381 4047 518 4124 dentes,
542 4049 683 4132 quintae
707 4049 740 4112 in
766 4049 870 4115 labris
893 4053 961 4115 oris
984 4073 1045 4134 per
1067 4051 1178 4114 varias
1207 4049 1343 4114 formas.
1387 4045 1446 4112 Ex

317 4142 372 4209 his
391 4153 552 4209 constare
569 4153 697 4225 potest,
716 4145 808 4230 quod
829 4165 943 4210 merae
960 4146 1169 4210 mutationes
1187 4154 1224 4209 et
1239 4145 1447 4209 variationes

318 4248 433 4305 status
448 4240 632 4307 formarum
650 4242 888 4324 organicarum
905 4243 1097 4306 successive
1114 4240 1349 4314 continuatae,
1366 4259 1446 4322 pro·

320 4335 448 4400 ducant
465 4358 569 4403 sonos
588 4346 624 4402 et
644 4337 781 4402 illorum
800 4337 1066 4412 articulationes‚
1082 4355 1171 4420 quae
1189 4344 1269 4399 sunt
1288 4333 1446 4418 loquelae

320 4441 356 4496 et
376 4444 509 4498 cantus.
555 4432 656 4497 Nunc
675 4435 754 4516 quia
774 4453 878 4497 sonus
901 4442 937 4497 et
961 4430 1098 4515 loquela
1121 4451 1190 4494 non
1209 4428 1347 4495 aliunde
1365 4450 1445 4513 pro·

319 4528 492 4594 ducuntur
516 4546 618 4614 quam
637 4528 682 4592 ab
700 4524 935 4594 affectionibus
953 4537 990 4593 et
1009 4527 1283 4609 cogitationibus
1305 4525 1444 4602 mentis,

320 4643 401 4690 nam
424 4644 471 4689 ex
493 4624 546 4690 his
569 4623 629 4688 illa
651 4623 821 4700 existunt,
845 4633 880 4688 et
902 4640 1070 4706 nusquam
1093 4622 1222 4710 absque
1244 4620 1323 4696 illis,
1345 4629 1446 4712 patet

320 4719 414 4810 quod
433 4717 631 4788 affed'tiones
649 4719 841 4786 voluntatis
859 4719 929 4784 sint
951 4717 1163 4784 mutationes
1180 4725 1218 4782 et
1236 4715 1447 4782 variationes
