3410 5382
335 635 382 704 90
691 631 895 686 SAPIENTIA
918 633 1115 688 ANGELICA

337 801 460 886 dejecit
484 803 518 868 in
541 803 708 870 infernum
731 815 929 890 separatum
962 806 1008 871 ab
1036 807 1176 873 insemis
1204 807 1361 876 aliorum.
1406 811 1474 876 Ex

337 901 391 965 his
414 911 525 984 patet,
545 903 637 987 quod
661 923 730 968 non
753 903 876 988 aliquis
900 924 960 986 per
978 906 1129 971 visiones
1148 906 1234 971 alias
1256 928 1359 992 quam
1378 929 1475 994 quae

336 998 370 1060 in
395 996 514 1062 Verbo
546 1007 638 1075 sunt,
669 997 845 1064 reformari
874 1000 995 1084 possit.
1040 998 1130 1066 Sunt
1160 1023 1296 1087 quoque
1322 1003 1468 1070 visiones

331 1091 583 1174 phantasticae,
609 1094 671 1159 sed
698 1094 779 1160 illae
806 1105 887 1161 sunt
920 1114 1035 1161 merae
1060 1095 1316 1164 ludificationes
1338 1101 1475 1166 mentis

336 1187 544 1254 abstrad'tae.

402 1283 556 1371 134[b].
589 1282 692 1367 Quod
723 1305 786 1351 nec
809 1286 933 1372 aliquis
960 1309 1020 1371 per
1043 1288 1200 1374 loquelas
1223 1310 1301 1356 cum
1323 1291 1465 1357 defunc·

335 1381 382 1445 tis
412 1381 624 1457 reformetur,
652 1390 795 1446 constat
829 1404 874 1446 ex
911 1383 1050 1448 Domini
1077 1386 1193 1451 verbis
1226 1387 1270 1451 de
1300 1387 1406 1452 divite
1432 1389 1473 1453 in

335 1475 478 1554 inferno,
514 1485 550 1542 et
584 1475 629 1542 de
662 1475 796 1542 Lazaro
828 1477 864 1543 in
890 1479 967 1544 sinu
993 1477 1188 1547 Abrahami
1202 1501 1211 1562 ;
1247 1481 1340 1549 dixit
1373 1485 1473 1548 enim

337 1572 447 1650 dives,

391 1717 494 1782 “Rogo
511 1726 546 1776 te,
564 1717 660 1780 pater’'
679 1718 826 1777 Abrabam,
844 1721 896 1768 “ut
914 1720 1005 1770 mittas
1013 1720 1026 1740 ”
1046 1720 1176 1772 laurum
1189 1723 1240 1772 “in
1255 1723 1366 1773 domum
1379 1726 1472 1788 patris-

473 1784 533 1842 mei,
546 1782 633 1832 habeo
647 1785 719 1832 enirn
735 1785 852 1848 quinque
866 1785 972 1844 fratres,
984 1797 1014 1835 ut
1028 1796 1195 1838 contestetur
1208 1789 1269 1850 illis,
1282 1803 1316 1839 oe
1330 1791 1411 1840 etiam
1425 1791 1467 1840 illi

472 1849 583 1898 veniant
604 1850 630 1898 in
652 1849 739 1898 locum
760 1850 831 1900 hunc
851 1851 992 1901 cruciatus.
1027 1851 1102 1902 Dixit
1123 1854 1160 1902 ilii
1184 1854 1331 1914 Abraham,
1354 1855 1473 1906 Habent

474 1914 572 1964 Mosen
593 1925 620 1964 et
642 1915 800 1978 Prophetas,
820 1917 951 1966 audiunto
974 1917 1043 1968 illos.
1079 1917 1106 1967 ls
1124 1934 1189 1969 vero
1206 1920 1282 1979 dixit,
1304 1921 1366 1971 Non
1388 1932 1472 1984 patre-

472 1979 619 2038 Abrabam,
632 1981 680 2031 sed
692 1983 714 2030 si
727 1983 832 2046 quises
845 1984 958 2032 mortuis
972 1985 1047 2032 venit
1060 1985 1094 2032 ad
1110 1985 1178 2044 illos,
1192 1987 1386 2048 paenitentiam
1398 2004 1460 2051 age-

471 2055 540 2095 rent.
576 2045 727 2109 Respondit
739 2085 745 2096 .
756 2085 762 2096 .
774 2048 819 2106 illi,
834 2048 861 2097 Si
881 2047 979 2098 Mosen
997 2059 1025 2098 et
1044 2049 1194 2113 Prophetas
1209 2067 1263 2100 non
1282 2053 1402 2112 audiunt,
1417 2069 1471 2104 ne·-

471 2124 523 2175 que
546 2113 643 2175 siquis
663 2127 697 2162 ex
714 2115 827 2163 mortuis
845 2116 1029 2174 resurrexerit,
1048 2117 1282 2179 persuadebuntur
1290 2117 1304 2138 ''
1322 2120 1395 2180 (Luc.
1410 2119 1470 2171 xri.

472 2178 571 2240 ψει).
677 2193 680 2200 ’

339 2345 496 2432 Loquela
514 2366 592 2412 cum
612 2347 755 2411 mortuis
779 2346 925 2410 similem
948 2346 1106 2412 eifeitum
1125 2349 1257 2424 ederet,
1278 2371 1379 2433 quern
1399 2353 1472 2415 mi·

339 2444 466 2520 racula,
487 2444 670 2528 dequibus
690 2463 773 2506 mox
793 2462 914 2525 supra;
939 2445 1030 2526 quod
1055 2465 1179 2528 nempe
1199 2446 1304 2509 homo
1323 2466 1465 2529 persua·

339 2539 478 2605 deretur
496 2560 536 2604 ac
556 2539 751 2621 adigeretur
770 2538 814 2600 ad
830 2539 961 2602 cultum
979 2560 1040 2620 per
1058 2559 1202 2620 paucum
1222 2549 1359 2624 tempus
1373 2541 1472 2620 ;·sed

338 2635 505 2718 quiahoc
529 2635 630 2698 orbat
652 2633 825 2698 hominem
859 2635 1107 2710 rationalitate,
1132 2645 1169 2699 et
1192 2635 1293 2699 simul
1317 2636 1470 2702 includit

339 2729 441 2806 mala,
461 2741 499 2793 ut
518 2750 621 2813 supra
639 2727 768 2793 didium
787 2740 852 2806 est,
872 2731 1018 2794 solvitur
1036 2730 1101 2794 hoc
1122 2731 1287 2796 fascinum
1307 2753 1368 2797 seu
1388 2735 1470 2796 vin·-

288 2871 294 2876 -
338 2824 452 2889 culum
471 2825 653 2900 internum,
674 2847 713 2890 ac
733 2837 915 2910 erumpunt
935 2827 1026 2889 mala
1044 2827 1187 2901 inclusa,
1204 2847 1282 2891 cum
1301 2827 1469 2911 blasphe-

338 2923 406 2986 mia
430 2934 465 2986 et
490 2923 750 3005 profanatione:
777 2924 837 2986 sed
861 2923 926 2988 hoc
950 2923 988 2987 lit
1016 2925 1126 2988 solum
1157 2927 1295 3009 quando
1324 2929 1472 3010 spiritus

338 3019 504 3083 inducunt
527 3018 664 3102 aliquod
692 3020 928 3101 dogmaticum
956 3019 1151 3104 religionis;
1181 3024 1274 3106 quod
1293 3043 1469 3107 nusquam

338 3115 376 3182 fit
396 3117 439 3180 ab
456 3116 570 3199 aliquo
587 3115 708 3198 spiritu
725 3115 828 3190 bono,
847 3116 957 3179 minus
975 3117 1020 3180 ab
1036 3119 1151 3200 aliquo
1169 3118 1297 3201 angelo
1311 3119 1411 3184 caeli.

402 3231 497 3300 135.
528 3211 579 3277 At
599 3232 705 3295 usque
724 3211 824 3276 datur
844 3211 981 3295 loquela
999 3233 1076 3277 cum
1095 3215 1279 3297 spiritibus,
1300 3216 1361 3279 sed
1385 3235 1473 3280 raro

337 3333 414 3378 cum
434 3313 567 3395 angelis
587 3313 742 3388 caeliae
762 3313 846 3376 data
869 3323 922 3376 est
942 3312 1060 3378 multis
1079 3333 1099 3376 a
1118 3312 1264 3376 saeculis
1284 3320 1400 3389 retro;
1424 3321 1468 3376 at

337 3429 414 3473 cum
435 3408 546 3484 datur,
569 3410 754 3492 loquuntur
775 3428 853 3472 cum
876 3408 1016 3472 homine
1035 3410 1069 3472 in
1092 3407 1163 3490 ejus
1182 3407 1378 3484 vernacula,
1399 3409 1468 3473 sed

336 3507 446 3570 solum
467 3528 592 3589 paucas
608 3526 731 3571 voces:
756 3507 816 3569 sed
833 3504 881 3568 illi
898 3505 953 3586 qui
972 3503 1157 3586 loquuntur
1173 3525 1218 3568 ex
1238 3505 1470 3587 permissione·

337 3601 488 3675 Domini,
514 3623 680 3684 nusquam
709 3601 896 3685 loquuntur
924 3599 1050 3682 aliquid
1079 3600 1170 3682 quod
1198 3598 1291 3663 tollit
1316 3598 1467 3663 liberum

336 3699 492 3773 rationis,
513 3719 577 3763 nec
605 3699 753 3777 docent;
784 3699 877 3764 solus
904 3701 995 3764 enim
1023 3700 1192 3762 Dominus
1219 3697 1324 3761 docet
1347 3697 1461 3760 homi·

335 3813 425 3868 nem,
457 3795 518 3858 sed
550 3796 700 3859 mediate
730 3816 791 3878 per
816 3794 969 3859 Verbum
996 3797 1030 3858 in
1053 3793 1296 3867 illustratione,
1325 3793 1368 3856 de
1394 3813 1470 3876 qua

334 3888 369 3953 in
390 3890 622 3974 sequentibus.
668 3889 770 3974 Quod
789 3893 838 3956 ita
857 3892 913 3965 sit,
934 3913 979 3956 ex
1003 3891 1139 3974 propria
1162 3888 1379 3970 experientia
1398 3890 1463 3952 da·

335 3999 409 4052 tum
432 3999 486 4054 est
510 3990 607 4053 scire,
652 3986 807 4070 Loquela
830 3988 911 4052 mihi
934 3988 995 4051 fuit
1018 4006 1096 4051 cum
1123 3984 1295 4069 spiritibus
1322 3994 1358 4048 et
1381 4003 1460 4051 cum

335 4084 469 4167 angelis
489 4104 577 4149 nunc
603 4105 663 4167 per
686 4083 800 4165 plures
818 4104 948 4154 annos:
974 4103 1037 4146 nec
1056 4103 1158 4146 ausus
1176 4090 1230 4145 est
1250 4079 1373 4162 aliquis
1390 4082 1466 4162 spi·

334 4182 429 4256 ritus
455 4203 517 4245 nec
543 4181 652 4244 voluit
682 4180 803 4263 aliquis
832 4180 987 4260 angelus,
1012 4177 1094 4241 mihi
1124 4177 1305 4259 quicquam
1332 4175 1465 4254 dicere,

334 4278 444 4340 minus
463 4279 630 4341 instruere
650 4277 693 4340 de
712 4275 880 4360 aliquibus
897 4277 929 4338 in
950 4273 1079 4348 Verbo,
1100 4283 1160 4336 aut
1179 4273 1222 4335 de
1240 4271 1356 4354 aliquo
1374 4271 1460 4335 doc·

333 4373 447 4436 trinali
466 4395 512 4436 ex
532 4371 672 4450 Verbo;
696 4374 757 4437 sed
778 4373 895 4436 docuit
914 4391 968 4435 me
989 4369 1082 4433 solus
1102 4368 1283 4440 Dominus
1304 4367 1360 4449 qui
1377 4366 1466 4432 mihi

332 4467 507 4532 revelatus
530 4478 596 4541 est,
617 4477 653 4532 et
678 4477 800 4551 postea
822 4477 860 4533 ut
883 4464 943 4529 Sol
967 4466 1000 4529 in
1025 4486 1092 4548 quo
1116 4464 1206 4546 Ipse,
1231 4472 1315 4527 ante
1339 4461 1466 4526 oculos

334 4581 431 4627 meos
450 4561 613 4627 continue
632 4565 789 4647 apparuit
808 4573 843 4629 et
866 4570 1022 4646 apparet,
1040 4559 1331 4644 quemadmodum
1350 4576 1464 4641 appa·

332 4668 386 4722 ret
403 4657 547 4740 angelis
566 4669 600 4722 et
617 4657 814 4723 illustravit.
