3410 5382
358 637 404 718 46
713 648 918 701 SAPIENTIA
940 649 1139 702 ANGELICA

359 823 440 888 riori
459 843 519 888 seu
538 823 702 907 superiori
723 841 841 887 amore
859 820 941 904 ejus.
988 821 1065 888 Hoc
1085 823 1228 888 liberum
1247 843 1318 889 non
1340 831 1485 909 apparet

359 919 394 982 in
413 919 581 1001 principio
599 929 637 982 ut
653 918 809 994 liberum,
829 918 890 981 sed
910 939 1017 1001 usque
1033 928 1107 983 est:
1130 928 1166 983 at
1186 927 1310 1003 postea
1328 929 1483 1003 apparet,

359 1025 397 1078 et
428 1023 510 1077 tunc
541 1035 586 1076 ex
614 1014 689 1097 ipso
708 1012 817 1078 libero
847 1015 1035 1078 secundum
1062 1016 1171 1097 ipsam
1201 1016 1371 1078 rationem
1400 1015 1483 1097 agit,

358 1111 560 1192 cogitando,
581 1109 743 1185 volendo,
757 1109 931 1194 loquendo
943 1119 978 1175 et
990 1110 1147 1175 faciendo
1163 1109 1291 1174 bonum
1303 1120 1339 1176 et
1355 1131 1482 1178 verum.

361 1208 438 1272 Hoc
456 1208 599 1272 liberum
616 1207 751 1280 crescit,
769 1207 856 1270 sicut
875 1204 1018 1270 liberum
1035 1205 1191 1270 naturale
1210 1207 1379 1271 decrescit
1392 1216 1429 1271 et
1446 1205 1483 1271 fit

357 1324 507 1381 servum,
525 1313 560 1367 et
578 1301 755 1385 conjungit
772 1321 809 1365 se
826 1321 903 1365 cum
921 1300 1029 1366 libero
1046 1300 1218 1377 rationali,
1236 1313 1272 1366 et
1289 1303 1353 1366 hoc
1371 1301 1482 1386 purifi-

357 1411 425 1464 cat.
465 1414 523 1474 [7.]
547 1397 700 1481 Quisque
716 1399 751 1461 in
767 1397 832 1461 hoc
850 1397 993 1462 liberum
1006 1399 1122 1461 venire
1138 1407 1268 1481 potest,
1282 1397 1387 1461 modo
1399 1398 1482 1463 velit

356 1497 515 1578 cogitare
539 1495 630 1577 quod
647 1495 718 1556 vita
741 1503 883 1558 aeterna
901 1494 957 1568 sit,
975 1502 1011 1558 et
1027 1495 1119 1577 quod
1138 1492 1325 1576 jucundum
1341 1503 1378 1558 et
1401 1493 1481 1558 bea·

357 1604 431 1656 tum
451 1593 543 1656 vitae
563 1592 596 1655 in
617 1602 774 1671 tempore
794 1589 837 1652 ad
857 1598 1004 1671 tempus,
1026 1610 1094 1652 non
1111 1590 1155 1652 sit
1171 1590 1236 1652 nisi
1255 1591 1344 1653 sieut
1363 1590 1482 1654 umbra

357 1689 593 1770 pertransiens
616 1686 660 1750 ad
683 1685 867 1766 jucundum
887 1696 923 1748 et
944 1686 1083 1748 beatum
1108 1687 1201 1749 vitae
1223 1686 1256 1749 in
1280 1695 1425 1750 aeterno
1448 1688 1479 1749 in

355 1797 559 1860 aeternum;
590 1793 625 1846 et
652 1780 857 1864 hoc'potest
883 1780 988 1844 homo
1013 1781 1168 1862 cogitare
1194 1781 1221 1844 si
1246 1780 1332 1855 vult,
1349 1781 1428 1864 quia
1450 1783 1481 1846 ei

355 1879 575 1943 rationalitas
594 1889 630 1942 et
646 1878 789 1941 libertas
809 1887 873 1950 est,
891 1886 927 1939 et
943 1877 1022 1958 quia
1039 1875 1218 1952 Dominus,
1235 1896 1281 1939 ex
1297 1896 1365 1961 quo
1381 1875 1480 1941 binae

355 1975 422 2038 hae
438 1975 624 2039 facultates
643 1982 735 2046 sunt,
753 1973 914 2035 continue
931 1973 992 2035 dat
1009 1982 1046 2035 ut
1063 1973 1182 2055 possit.

419 2085 488 2156 74.
520 2069 582 2152 (ii.)
617 2068 714 2147 Quod
735 2067 895 2150 quicquid
912 2067 1009 2131 homo
1030 2089 1073 2131 ex
1098 2067 1200 2131 libera
1216 2067 1319 2148 facit,
1343 2067 1417 2132 sive
1435 2067 1482 2133 sit

354 2166 499 2229 rationis
515 2167 587 2229 sive
601 2186 664 2228 nan
680 2165 835 2236 rationis,
853 2164 947 2228 modo
962 2164 1010 2228 sit
1026 2164 1203 2227 secundum
1220 2165 1289 2248 ejus
1305 2164 1477 2242 ratz'anem,

352 2263 411 2325 illi
433 2271 602 2344 appareat
626 2270 663 2324 ut
687 2258 904 2344 ejice—Quid
929 2259 1147 2323 rationalitas
1170 2268 1206 2323 et
1226 2260 1305 2341 quid
1325 2259 1477 2337 libertas,

352 2380 441 2440 quae
465 2358 595 2422 homini
618 2357 775 2440 propriae
794 2366 886 2429 sunt,
905 2375 972 2419 non
993 2366 1110 2438 potest
1127 2357 1251 2419 clarius
1266 2356 1355 2430 sciri,
1377 2375 1477 2438 quam

352 2475 416 2537 per
434 2455 729 2537 comparationem
753 2453 930 2516 hominum
954 2472 1031 2515 cum
1055 2452 1198 2530 bestiis;
1221 2451 1274 2514 his
1293 2453 1384 2514 enim
1409 2472 1477 2515 non

351 2562 409 2614 est
424 2551 537 2632 aliqua
552 2549 772 2614 rationalitas
791 2569 850 2611 seu
866 2547 1013 2611 facultas
1032 2548 1260 2630 intelligendi,
1278 2567 1340 2611 nec
1364 2548 1478 2631 aliqua

353 2645 497 2708 libertas
520 2666 581 2708 seu
603 2643 749 2709 facultas
772 2643 878 2706 libere
902 2644 1066 2721 volendi;
1090 2653 1125 2707 et
1146 2644 1224 2706 inde
1242 2642 1310 2705 illis
1330 2663 1398 2706 non
1422 2653 1477 2708 est

351 2739 551 2804 intellectus
574 2750 611 2804 et
634 2739 807 2814 voluntas,
825 2740 886 2803 sed
907 2759 969 2823 pro
991 2736 1171 2804 intellectu
1187 2748 1241 2802 est
1265 2739 1420 2813 scientia,
1440 2749 1475 2804 et

351 2855 415 2918 pro
444 2836 629 2899 voluntate
658 2844 712 2898 est
745 2831 891 2908 affectio,
920 2845 1065 2918 utraque
1092 2834 1268 2898 naturalis.
1321 2833 1368 2897 Et
1398 2836 1476 2917 quia

351 2933 453 2997 binae
468 2931 549 2995 illae
564 2930 747 2995 facultates
763 2950 832 2994 non
851 2930 919 2994 illis
935 2942 1026 3006 sunt,
1043 2931 1122 2995 ideo
1141 2931 1209 2994 illis
1228 2950 1290 2993 nec
1307 2939 1362 2992 est
1378 2930 1473 3013 cogi·

350 3030 452 3104 tatio,
481 3027 541 3091 sed
571 3045 633 3109 pro
662 3027 878 3108 cogitatione
908 3036 962 3091 est
985 3028 1078 3090 visus
1100 3027 1265 3101 internus,
1290 3025 1347 3107 qui
1370 3045 1473 3090 unum

349 3125 432 3188 facit
449 3143 527 3188 cum
542 3123 616 3186 visu
632 3123 766 3186 illarum
783 3132 933 3186 externo
949 3142 1009 3204 per
1024 3123 1375 3206 correspondentiam.
1416 3134 1472 3198 [2.]

350 3218 572 3302 Unaquaevis
587 3216 722 3283 affectio
735 3239 831 3282 suam
843 3239 1040 3300 comparem
1054 3220 1142 3282 sicut
1158 3217 1340 3300 conjugem
1354 3215 1471 3293 habet,

348 3312 485 3380 affectio
508 3315 636 3379 amoris
660 3315 825 3378 naturalis
848 3313 954 3379 habet
978 3316 1169 3389 scientiam,
1190 3311 1324 3378 affectio
1347 3312 1473 3376 amoris

347 3411 536 3493 spiritualis
560 3411 841 3493 intelligentiam,
865 3423 900 3474 et
927 3409 1062 3475 affectio
1082 3411 1207 3474 amoris
1228 3409 1390 3474 caelestis
1416 3429 1471 3472 sa·

349 3509 535 3589 pientiam:
561 3528 640 3571 nam
660 3505 795 3572 affeciio
813 3506 941 3589 absque
961 3527 1023 3570 sua
1037 3526 1198 3589 compare
1217 3508 1306 3570 sicut
1325 3504 1471 3588 conjuge

348 3623 420 3665 non
443 3613 498 3666 est
521 3603 662 3685 aliquid,
685 3613 739 3666 est
763 3603 854 3666 enim
877 3603 966 3666 sicut
993 3623 1068 3665 esse
1090 3602 1220 3685 absque
1244 3601 1407 3676 existere,
1430 3619 1470 3665 ac

346 3699 437 3760 sicut
456 3697 653 3760 substantia
669 3697 797 3780 absque
812 3697 931 3772 forma,
949 3698 992 3762 de
1007 3699 1129 3781 quibus
1144 3717 1212 3761 non
1229 3695 1356 3780 aliquid
1373 3716 1471 3778 prae·

346 3793 454 3856 dicari
476 3802 605 3875 potest.
651 3793 737 3856 Inde
758 3803 824 3866 est,
851 3793 943 3877 quod
969 3794 1062 3856 omni
1084 3801 1202 3858 creato
1226 3793 1306 3856 insit
1330 3791 1469 3875 aliquid,

346 3888 439 3972 quod
468 3888 511 3951 ad
535 3887 732 3969 conjugium
759 3889 839 3952 boni
863 3899 899 3953 et
922 3891 992 3953 veri
1015 3889 1130 3954 referri
1154 3899 1282 3972 potest,
1307 3898 1345 3952 ut
1368 3908 1470 3972 supra

346 3983 467 4047 multis
483 3993 662 4049 ostensum
682 3995 747 4049 est.
793 3984 834 4049 In
852 3984 972 4048 bestiis
991 3996 1045 4050 est
1065 3985 1259 4068 conjugium
1279 3980 1471 4049 affeciionis

345 4090 383 4144 et
403 4081 591 4159 scientiae;
614 4079 749 4144 affectio
765 4080 810 4144 ibi
826 4090 879 4144 est
899 4081 980 4144 boni
996 4082 1172 4157 naturalia,
1193 4091 1229 4145 et
1248 4079 1392 4144 scientia
1414 4088 1469 4145 est

345 4178 417 4239 veri
434 4177 611 4240 naturalis.
645 4189 702 4248 [3.]
727 4175 826 4241 Nunc
839 4177 917 4259 quia
933 4174 1066 4241 affefiiio
1081 4189 1115 4240 et
1128 4178 1274 4241 scientia
1285 4175 1375 4260 apud
1392 4175 1468 4241 illas

344 4292 485 4355 prorsus
502 4291 605 4335 unum
624 4282 744 4353 agunt,
762 4283 798 4336 et
818 4292 887 4335 non
908 4283 1024 4354 potest
1041 4270 1175 4337 affectio
1191 4272 1325 4337 illarum
1341 4270 1469 4336 elevari

343 4389 447 4449 supra
464 4369 644 4431 scientiam
660 4366 805 4442 illarum,
824 4387 887 4431 nec
904 4378 1022 4452 potest
1039 4369 1183 4433 scientia
1199 4389 1301 4452 supra
1315 4363 1467 4432 affectio·

345 4481 437 4537 nem,
455 4472 490 4525 et
510 4464 538 4526 si
557 4463 748 4537 elevantur,
766 4463 922 4528 elevatur
941 4473 1082 4548 utraque
1102 4462 1201 4527 simul
1218 4485 1226 4541 ;
1249 4474 1286 4529 et
1304 4463 1382 4548 quia
1400 4461 1468 4527 illis

344 4577 415 4620 non
432 4568 486 4621 est
499 4557 612 4641 aliqua
624 4578 723 4623 mens
738 4559 935 4641 spiritualia,
949 4561 982 4623 in
999 4579 1101 4642 quam
1119 4581 1178 4623 seu
1194 4559 1227 4622 in
1244 4557 1338 4642 cujus
1354 4557 1466 4622 lucem

340 4663 381 4717 et
411 4652 560 4716 calorem
591 4653 717 4718 elevari
748 4664 917 4730 possunt;
941 4655 1020 4719 ideo
1049 4675 1117 4718 non
1145 4654 1214 4718 illis
1237 4664 1292 4719 est
1319 4651 1467 4719 facultas
