3418 5370
293 647 357 714 240
641 642 845 697 SAPIENTIA
869 639 1068 694 ANGELICA

293 835 429 900 quoque
447 815 568 892 credit,
586 815 809 900 consequitur
823 813 917 901 quod
932 815 1007 899 ipse
1022 815 1057 880 in
1073 811 1176 900 culpa
1190 815 1247 893 sit,
1264 835 1327 881 nec
1343 824 1422 900 pot·

293 920 347 975 est
366 909 506 991 rejicere
525 911 620 975 illam
639 932 659 975 a
678 933 727 988 se,
746 913 909 996 quamdiu
928 922 1022 977 amat
1039 913 1195 995 cogitare
1213 913 1305 997 quod
1325 913 1422 995 cogi-

294 1013 368 1084 tat;
393 1015 430 1068 at
447 1006 474 1068 si
493 1005 528 1069 id
545 1026 615 1071 non
632 1016 738 1082 amat,
756 1007 910 1072 exsolvit
927 1029 964 1071 se
980 1028 1001 1071 a
1016 1028 1109 1071 nexu
1126 1007 1297 1072 cumillis.
1343 1008 1423 1072 Hoc

294 1099 344 1176 fit,
362 1118 439 1164 cum
459 1101 524 1165 scit
548 1103 639 1185 quod
660 1102 788 1166 malum
811 1103 866 1180 sit,
885 1123 925 1168 ac
948 1104 1028 1167 ideo
1050 1102 1125 1167 vult
1141 1103 1260 1187 sugere
1278 1103 1361 1167 illud
1384 1112 1424 1168 et

293 1198 463 1264 desistere
482 1199 527 1263 ab
549 1198 621 1264 illo.
666 1199 765 1264 Tunc
785 1201 891 1265 etiam
909 1200 969 1266 ille
996 1221 1016 1265 a
1041 1199 1192 1265 Domino
1215 1202 1380 1265 eximitur
1401 1221 1425 1264 a
1457 1205 1461 1211 '

293 1295 473 1372 societate,
494 1315 582 1380 quae
602 1297 635 1359 in
655 1295 715 1359 illo
734 1295 827 1360 malo
843 1306 909 1372 est,
930 1306 966 1361 et
990 1296 1196 1360 transfertur
1218 1297 1253 1360 in
1272 1297 1423 1360 societa-

293 1399 375 1467 tem,
392 1391 427 1454 in
443 1411 510 1475 qua
525 1391 560 1456 id
579 1411 647 1455 non
665 1401 729 1456 est.
775 1389 810 1455 Si
826 1401 944 1456 autem
960 1393 1025 1456 scit
1042 1392 1182 1469 malum,
1199 1401 1234 1456 et
1252 1411 1320 1455 non
1336 1391 1426 1474 sugit

293 1485 389 1562 illud,
421 1495 505 1552 tunc
534 1488 725 1570 imputatur
754 1488 785 1550 ei
816 1487 927 1571 culpa,
960 1500 996 1551 et
1030 1486 1068 1550 fit
1103 1487 1194 1551 illius
1224 1487 1305 1550 mali
1334 1507 1424 1550 reus.

294 1579 467 1666 Quicquid
490 1603 576 1666 ergo
598 1583 703 1647 homo
726 1603 772 1646 ex
796 1603 833 1646 se
857 1583 967 1648 credit
989 1583 1111 1657 iacere,
1132 1582 1198 1648 hoc
1222 1583 1347 1647 dicitur
1375 1603 1423 1646 ex

293 1675 433 1740 homine
450 1676 532 1753 fieri,
551 1687 586 1743 et
602 1698 671 1742 non
692 1699 712 1742 a
731 1677 893 1741 Domino.
941 1685 998 1745 [8.]
1021 1676 1239 1742 Secundum:
1267 1676 1365 1756 Quod
1374 1677 1426 1741 sic

293 1771 462 1849 videatur,
480 1773 572 1855 quod
582 1773 707 1837 malum
722 1774 770 1837 sit
787 1795 809 1838 a
824 1773 974 1837 Domino.
1020 1772 1099 1837 Hoc
1115 1775 1203 1838 sicut
1220 1773 1423 1837 conclusum

292 1876 411 1950 potest
430 1870 576 1951 cogitari
598 1890 644 1934 ex
667 1868 746 1943 illis,
766 1890 854 1952 quae
874 1890 977 1953 supra
998 1869 1045 1951 (n.
1067 1867 1144 1952 288)
1164 1879 1309 1934 ostensa
1327 1881 1422 1946 sunt,

292 1983 380 2046 quae
396 1973 488 2040 sunt,
506 1965 598 2048 quod
614 1964 744 2029 bonum
760 1965 905 2029 influens
921 1987 941 2028 a
958 1965 1109 2028 Domino
1125 1975 1281 2029 vertatur
1296 1964 1330 2028 in
1347 1984 1422 2028 ma·

293 2056 374 2132 lum,
391 2077 431 2122 ac
448 2077 567 2122 verum
583 2059 617 2122 in
640 2059 765 2124 salsum
789 2061 823 2124 in
842 2060 985 2124 inferno.
1031 2058 1100 2124 Sed
1121 2061 1195 2143 quis
1214 2080 1284 2124 non
1301 2068 1424 2143 potest

292 2153 421 2229 videre,
439 2154 530 2236 quod
547 2154 675 2218 malum
691 2165 727 2219 et
743 2155 866 2220 salsum
883 2175 951 2219 non
968 2157 1039 2219 sint
1057 2175 1078 2218 a
1097 2155 1189 2220 bono
1206 2165 1242 2220 et
1261 2176 1354 2229 vero,
1371 2156 1425 2218 ita

292 2269 313 2312 a
332 2247 494 2326 Domino,
515 2249 577 2314 sed
603 2271 625 2313 a
651 2249 805 2332 subjetto
832 2260 868 2316 et
893 2248 1030 2332 objedio
1052 2251 1252 2332 recipiente,
1272 2250 1363 2335 quod
1385 2250 1423 2314 in

292 2343 386 2407 malo
416 2355 452 2409 et
481 2345 569 2409 salso
591 2354 658 2423 est,
679 2367 720 2411 ac
748 2347 781 2410 id
805 2347 973 2430 pervertit
999 2355 1035 2410 et
1062 2346 1229 2410 invertit?
1256 2355 1293 2410 ut
1318 2345 1424 2429 plene

292 2441 399 2504 etiam
421 2450 598 2506 ostensum
622 2451 676 2506 est
700 2463 802 2525 supra
827 2441 874 2526 (n.
894 2440 984 2526 292).
1030 2440 1135 2506 Unde
1154 2450 1272 2506 autem
1292 2441 1424 2506 malum

292 2544 329 2600 et
359 2535 481 2601 falsum
504 2546 559 2602 est
586 2538 677 2619 apud
704 2537 891 2614 hominem,
915 2537 950 2601 in
981 2537 1270 2620 praecedentibus
1293 2537 1423 2620 pluries

292 2641 472 2696 ostensum
489 2642 554 2696 est.
600 2629 709 2696 Facta
725 2634 831 2697 etiam
846 2643 902 2697 est
918 2633 1136 2716 experientia
1154 2633 1188 2695 in
1206 2633 1334 2696 mundo
1350 2633 1422 2714 spi·

292 2725 406 2789 rituali
426 2747 502 2790 cum
522 2725 601 2804 illis,
621 2729 678 2811 qui
698 2728 929 2803 crediderunt,
950 2727 1041 2811 quod
1062 2727 1232 2790 Dominus
1250 2728 1426 2810 potuisset

292 2821 383 2903 apud
401 2822 512 2885 malos
528 2843 706 2886 removere
720 2823 821 2898 mala,
835 2832 872 2888 et
889 2823 968 2887 loco
983 2822 1119 2886 illorum
1132 2822 1255 2888 inferre
1268 2823 1370 2899 bona,
1384 2833 1425 2888 et

291 2917 340 2978 sic
359 2916 544 2980 transferre
557 2928 672 2981 totum
686 2918 853 2982 infernum
869 2919 903 2982 in
920 2917 1064 2990 caelum,
1079 2929 1115 2982 et
1132 2917 1266 2982 salvare
1279 2939 1401 2982 omnes
1414 2941 1424 2999 ;

293 3012 355 3075 sed
374 3013 465 3095 quod
489 3013 523 3077 id
548 3015 761 3097 impossibiie
781 3015 837 3088 sit,
857 3014 901 3077 ad
924 3012 1027 3077 finem
1046 3012 1145 3095 hujus
1165 3011 1424 3092 transadtionis,

293 3107 350 3171 ubi
372 3107 416 3173 de
440 3119 687 3174 momentanea
710 3110 915 3187 salvatione,
936 3120 973 3174 et
996 3110 1039 3174 de
1062 3109 1264 3174 immediata
1287 3109 1424 3174 Miseri·

293 3203 421 3280 cordia,
446 3205 620 3288 agendum
647 3214 710 3280 est,
731 3205 913 3269 videbitur.
960 3211 1018 3273 [6.]
1038 3203 1217 3268 Tertium:
1241 3203 1339 3283 Quod
1357 3227 1424 3269 non

292 3299 583 3382 comprehendant,
601 3302 693 3385 quod
703 3301 866 3365 Dominus
881 3300 973 3365 solus
988 3301 1101 3382 possit
1109 3301 1238 3380 facere,
1256 3311 1294 3364 ut
1309 3323 1425 3366 omnes

293 3406 363 3459 tom
377 3394 601 3460 diversimode
613 3397 762 3480 cogitent.
809 3396 875 3459 Est
895 3397 1039 3459 Divinus
1058 3395 1170 3460 Amor
1187 3395 1326 3460 Domini
1344 3395 1422 3460 infi-

293 3493 397 3568 nitus,
417 3511 457 3555 ac
478 3491 604 3556 Divina
622 3491 797 3576 Sapientia
817 3491 927 3574 Ipsius
946 3490 1089 3567 infinita,
1109 3511 1149 3557 ac
1173 3491 1306 3558 infinita
1323 3513 1423 3559 amo·

293 3589 338 3652 ris
369 3595 405 3650 et
434 3584 571 3650 infinita
600 3588 793 3672 sapientiae
823 3607 844 3650 a
875 3587 1025 3651 Domino
1060 3589 1265 3670 procedunt,
1296 3597 1332 3652 et
1362 3589 1425 3653 illa

292 3681 438 3746 influunt
465 3683 557 3764 apud
584 3703 706 3748 omnes
733 3684 766 3746 in
801 3681 911 3759 caelo,
938 3691 976 3747 et
1005 3683 1086 3746 inde
1116 3682 1208 3766 apud
1235 3703 1356 3747 omnes
1386 3686 1423 3749 in

293 3777 438 3853 inferno,
456 3786 492 3841 et
516 3778 561 3842 ab
576 3789 722 3862 utroque
742 3778 832 3862 apud
848 3796 970 3842 omnes
991 3779 1025 3842 in
1048 3778 1199 3860 mundo;
1231 3799 1335 3862 quare
1351 3801 1423 3846 non

293 3882 409 3954 potest
433 3872 536 3936 alicui
562 3873 685 3938 deesse
711 3873 803 3957 quod
830 3873 964 3955 cogitet
991 3881 1027 3938 et
1056 3873 1153 3949 velit,
1182 3894 1262 3939 nam
1288 3875 1425 3941 infinita

293 3979 373 4033 sunt
396 3967 530 4033 infinite
549 3970 676 4034 omnia.
721 3967 862 4033 Infinita
883 3969 954 4047 ilia,
974 3990 1062 4054 quae
1084 3990 1106 4034 a
1127 3968 1280 4036 Domino
1299 3992 1423 4055 proce·

293 4065 392 4141 dunt,
410 4085 480 4129 non
500 4064 612 4130 solum
631 4065 872 4130 universaliter
887 4065 1041 4144 influunt,
1058 4066 1120 4130 sed
1139 4067 1247 4131 etiam
1266 4067 1422 4150 singula·

292 4161 447 4241 rissime;
478 4180 558 4226 nam
582 4161 745 4226 Divinum
768 4170 823 4225 est
846 4161 1039 4227 universale
1061 4183 1107 4225 ex
1130 4161 1422 4245 singularissimis,

273 4247 274 4250 ¹
293 4266 330 4321 et
355 4257 481 4320 Divina
503 4257 777 4340 singularissima
799 4266 879 4321 sunt
902 4278 989 4340 quae
1012 4267 1183 4322 vocantur
1202 4257 1422 4336 Universale,

294 4362 331 4417 ut
348 4373 450 4436 supra
465 4362 645 4417 ostensum
662 4362 716 4417 est
730 4374 738 4432 ;
762 4363 799 4417 et
816 4353 978 4416 Divinum
990 4352 1299 4434 singularissimum
1314 4355 1423 4419 etiam

293 4448 465 4513 infinitum
484 4458 548 4513 est.
593 4449 651 4513 Ex
669 4449 723 4512 his
742 4457 904 4512 constare
923 4458 1055 4531 potest,
1075 4449 1168 4531 quod
1187 4448 1280 4513 solus
1298 4449 1421 4514 Domi·

295 4567 358 4609 nus
377 4545 481 4609 saciat
500 4545 760 4628 unumquemvis
778 4546 933 4627 cogitare
953 4553 988 4608 et
1006 4543 1096 4608 velle
1112 4546 1301 4609 secundum
1319 4544 1423 4628 quale

296 4641 378 4722 ejus,
398 4649 434 4705 et
457 4641 645 4702 secundum
666 4639 763 4721 leges
787 4661 866 4703 suae
886 4639 1137 4703 Providentiae.
1184 4637 1286 4720 Quod
1305 4640 1424 4704 omnia
