3426 5382
517 698 568 751 nu
591 697 730 752 urvnm
754 697 1111 750 momorum-u.
1130 685 1183 768 78.
1368 703 1414 768 49

281 892 363 939 suae
385 871 510 949 iacere,
531 871 638 936 modo
659 869 767 935 velit?
811 870 1048 935 Rationaiitas
1070 870 1102 935 ei
1124 879 1190 949 est,
1210 879 1246 936 et
1269 869 1412 936 libertas

282 970 313 1034 ei
328 977 406 1048 est;
430 978 466 1033 et
482 977 621 1033 tantum
643 965 715 1048 ejus
733 966 952 1031 rationalitas
968 977 1004 1030 et
1023 966 1164 1032 libertas
1177 967 1336 1044 nudatur,
1350 987 1411 1051 ap·

282 1074 392 1146 paret,
409 1064 607 1128 moderatur
622 1071 659 1126 et
675 1061 737 1125 dat
753 1063 928 1144 percipere
947 1073 983 1126 et
1003 1082 1116 1144 posse,
1133 1072 1301 1145 quantum
1320 1063 1413 1126 mala

280 1160 342 1225 illa
360 1160 450 1242 apud
468 1180 505 1224 se
525 1168 708 1242 propterea
726 1157 835 1238 iugit;
856 1168 892 1222 et
906 1168 1071 1241 quantum
1087 1157 1152 1223 hoc
1165 1158 1259 1236 facit,
1273 1168 1411 1223 tantum

283 1256 375 1321 bona
402 1254 470 1330 illa,
491 1265 529 1319 ut
556 1254 686 1318 amicus
713 1254 856 1330 amicos,
881 1251 1027 1336 spectat.
1073 1267 1130 1329 [2.]
1164 1253 1222 1317 Ex
1248 1253 1301 1318 his
1331 1254 1410 1344 dein

282 1360 401 1434 potest
424 1351 529 1415 homo
550 1371 596 1414 ex
619 1348 788 1414 facultate
807 1369 879 1425 sua,
899 1370 987 1432 quae
1009 1359 1155 1414 vocatur
1178 1349 1409 1426 rationalitas,

283 1445 491 1510 concludere
502 1446 546 1509 ad
566 1444 657 1508 bona
676 1464 765 1525 quae
784 1443 883 1508 utilia
899 1445 1072 1507 communi
1091 1445 1223 1508 suntin
1243 1443 1411 1526 spirituali

284 1541 423 1616 mundo,
437 1550 474 1605 et
493 1540 537 1604 ad
556 1538 648 1602 mala
666 1559 752 1621 quae
772 1538 817 1601 ibi
837 1539 942 1604 noxia
953 1549 1046 1616 sunt,
1060 1538 1088 1603 si
1107 1540 1211 1603 modo
1230 1560 1293 1623 pro
1310 1539 1410 1603 malis

283 1637 452 1721 percipiat
468 1643 621 1718 peccata,
639 1643 675 1697 et
692 1654 753 1716 pro
763 1633 864 1698 bonis
882 1653 987 1715 opera
1000 1634 1191 1698 charitatis.
1226 1633 1303 1699 Hoc
1323 1655 1409 1717 quo·

283 1753 350 1816 que
366 1743 484 1815 potest
496 1729 602 1794 homo
621 1730 764 1794 rationis
778 1750 860 1793 suae
879 1730 1003 1805 facere,
1017 1731 1124 1794 modo
1143 1729 1236 1806 velit,
1247 1732 1409 1813 quoniam

283 1825 502 1891 rationalitas
514 1835 551 1889 et
570 1824 713 1888 libertas
726 1825 757 1887 ei
770 1835 869 1903 sunt;
890 1834 1077 1889 ettantum
1097 1825 1168 1908 ejus
1191 1825 1409 1890 rationalitas

283 1931 320 1988 et
339 1922 480 1986 libertas
499 1919 683 1995 nudantur,
700 1930 881 2004 apparent,
899 1919 1122 1985 moderantur
1140 1930 1176 1985 et
1195 1920 1280 1985 dant
1300 1923 1409 2004 perci·

284 2039 366 2101 pere
395 2027 431 2081 et
459 2035 572 2099 posse,
603 2025 769 2098 quantum
798 2014 890 2079 maia
921 2015 981 2078 ilia
1004 2026 1042 2080 ut
1064 2025 1207 2098 peccata
1230 2016 1341 2098 fugit;
1371 2027 1408 2081 et

283 2123 449 2197 quantum
473 2111 539 2175 hoc
564 2111 656 2187 iacit,
676 2120 814 2176 tantum
837 2112 930 2176 bona
952 2112 1142 2188 charitatis,
1163 2121 1201 2176 ut
1230 2113 1408 2194 proximus

284 2209 480 2292 proximum
503 2227 549 2270 ex
573 2225 690 2270 amore
718 2207 889 2289 utrinque,
918 2204 1066 2288 spectat.
1113 2218 1171 2284 [3.]
1202 2205 1301 2270 Nunc
1329 2209 1410 2290 quia

284 2302 453 2368 Dominus
477 2311 618 2385 propter
641 2302 878 2385 receptionem
901 2312 937 2366 et
961 2299 1249 2384 conjunctionem,
1267 2301 1351 2379 vuit,
1370 2312 1409 2368 ut

283 2398 443 2482 quicquid
465 2397 571 2460 homo
593 2396 699 2460 libere
722 2397 804 2462 iacit
827 2397 1015 2461 secundum
1038 2396 1221 2474 rationem,
1241 2407 1408 2480 appareat

282 2493 332 2558 ilii
355 2495 444 2558 sicut
467 2492 548 2576 ejus,
572 2502 609 2556 et
631 2491 697 2555 hoc
722 2501 776 2556 est
800 2493 989 2556 secundum
1012 2493 1121 2576 ipsam
1145 2494 1328 2569 rationem,
1352 2515 1406 2558 se·

282 2590 397 2672 quitur
411 2588 503 2672 quod
525 2587 631 2650 homo
654 2588 765 2669 possit
785 2608 830 2650 ex
847 2589 993 2663 ratione,
1012 2589 1091 2670 quia
1106 2598 1160 2652 est
1177 2587 1248 2671 ejus
1264 2598 1408 2654 aeterna

282 2684 439 2759 felicitas
464 2683 567 2760 veile,
586 2692 623 2747 et
646 2703 691 2746 ex
710 2682 896 2766 implorata
918 2683 1045 2747 Divina
1068 2682 1209 2748 Domini
1235 2687 1405 2768 potentia,

280 2779 317 2843 id
332 2780 454 2844 iacere.

345 2875 415 2958 78·
445 2871 520 2956 (iii.)
547 2871 645 2952 Quod
655 2871 816 2956 quicquid
829 2873 923 2936 homo
940 2895 983 2936 ex
1001 2873 1105 2938 libero
1115 2875 1292 2940 secundum
1309 2897 1408 2942 suam

280 2969 510 3052 cogitationem
522 2968 623 3048 facit,
644 2967 888 3050 approprietur
904 2967 938 3031 ei
957 2969 1045 3033 sicut
1066 2970 1142 3053 qiu,
1159 2980 1192 3033 et
1212 2983 1406 3048 remaneat,·

282 3085 387 3129 causa
409 3073 475 3139 est,
493 3065 574 3146 quia
596 3065 769 3146 proprium
792 3063 941 3127 hominis
967 3074 1003 3127 et
1031 3064 1175 3128 liberum
1202 3065 1274 3147 ejus
1301 3088 1405 3134 unum

281 3159 431 3238 iaciunt3
456 3159 627 3243 proprium
651 3158 798 3222 hominis
821 3168 875 3222 est
898 3160 992 3224 vitae
1016 3159 1097 3240 ejus,
1118 3171 1154 3224 et
1180 3160 1272 3244 quod
1299 3161 1405 3227 homo

281 3276 327 3320 ex
344 3255 417 3319 vita
439 3254 521 3318 facit
546 3254 612 3317 hoc
636 3273 681 3317 ex
706 3253 814 3317 iibero
837 3253 943 3334 facit3
967 3262 1039 3318 tum
1063 3255 1236 3337 proprium
1256 3253 1405 3320 hominis

279 3359 336 3414 est
359 3349 451 3432 quod
473 3358 528 3413 est
552 3349 677 3412 amoris
700 3346 781 3429 ejus,
806 3368 886 3413 nam
909 3369 1006 3413 amor
1028 3359 1083 3414 est
1102 3350 1175 3413 vita
1193 3349 1351 3431 cujusvis,
1367 3361 1405 3417 et

280 3445 374 3529 quod
396 3445 501 3508 homo
517 3465 562 3508 ex
579 3462 695 3507 amore
710 3444 801 3508 vitae
825 3465 906 3508 suae
929 3445 1024 3520 facit,
1040 3445 1107 3510 hoc
1124 3466 1169 3509 ex
1187 3444 1296 3509 libero
1310 3445 1404 3512 iacit.

281 3541 384 3626 Quod
406 3541 512 3607 homo
534 3561 580 3605 ex
604 3541 713 3605 libero
735 3541 841 3606 saciat
860 3542 1048 3607 secundum
1068 3544 1332 3627 cogitationem,
1349 3555 1404 3612 est

279 3658 394 3714 causa,
421 3639 501 3721 quia
527 3637 560 3700 id
589 3636 681 3719 quod
708 3637 800 3701 vitae
831 3659 892 3702 seu
922 3641 1047 3704 amoris
1073 3640 1215 3723 aiicujus
1241 3651 1308 3720 est,
1336 3642 1403 3708 hoc

278 3736 385 3800 etiam
408 3735 592 3816 cogitatur,
613 3741 649 3796 et
673 3733 887 3814 cogitatione
912 3736 1143 3813 confirmatur,
1161 3748 1197 3803 et
1221 3757 1299 3803 cum
1318 3759 1402 3804 con·

279 3829 450 3894 firmatum
478 3837 544 3900 est,
569 3836 651 3890 tunc
674 3848 721 3891 ex
745 3828 853 3894 libero
881 3833 1066 3896 secundum
1089 3835 1341 3917 cogitationem
1367 3835 1403 3898 id

277 3924 369 3989 facit.
415 3937 473 4000 [2.]
505 3921 594 3986 Nam
610 3924 770 4008 quicquid
787 3925 892 3989 homo
906 3927 997 4004 facit,
1015 3950 1060 3992 ex
1077 3930 1257 3996 voluntate
1274 3951 1334 4013 per
1348 3932 1400 3995 in·

278 4018 457 4084 tellecium
470 4018 567 4098 facit,
584 4038 624 4081 ac
645 4017 791 4083 liberum
811 4031 866 4085 est
882 4022 1085 4101 voluntatis,
1103 4035 1139 4090 et
1163 4028 1332 4109 cogitatio
1348 4037 1402 4091 est

277 4111 482 4180 intellectus.
527 4113 649 4177 Potest
667 4116 770 4178 etiam
786 4115 893 4180 homo
909 4139 954 4180 ex
972 4117 1079 4183 libero
1095 4132 1216 4185 contra
1231 4124 1402 4188 rationem

275 4231 392 4294 agere,
410 4220 483 4275 tum
507 4229 552 4272 ex
578 4229 647 4272 non
671 4210 780 4274 libero
804 4213 991 4276 secundum
1015 4216 1206 4296 rationem;
1230 4218 1291 4282 sed
1313 4217 1401 4283 haec

275 4326 345 4371 non
361 4304 626 4388 appropriantur
636 4304 767 4370 homini
779 4328 787 4386 ;
811 4316 892 4371 sunt
905 4309 1009 4371 modo
1021 4311 1088 4373 oris
1101 4320 1136 4375 et
1149 4314 1301 4395 corporis
1316 4313 1401 4395 ejus,

275 4411 312 4468 et
335 4421 403 4465 non
426 4400 566 4483 spiritus
589 4421 648 4464 seu
666 4402 780 4464 cordis
796 4401 891 4484 ejus;
914 4412 950 4466 at
973 4424 1060 4486 quae
1077 4407 1214 4487 spiritus
1237 4416 1271 4471 et
1287 4408 1405 4490 cordis!

273 4495 345 4578 ejus
361 4507 452 4570 sunt,
469 4496 550 4558 dum
566 4496 672 4559 etiam
689 4495 774 4560 fiunt
791 4498 857 4562 oris
874 4507 910 4562 et
926 4501 1088 4581 corporis,
1102 4501 1161 4564 illa
1176 4505 1400 4587 approprian-

272 4603 330 4658 tur
344 4593 484 4657 homini.
530 4589 633 4674 Quod
656 4592 707 4655 ita
722 4593 779 4668 sit,
798 4593 985 4676 permulta
1008 4594 1170 4660 illustrari
1193 4607 1320 4680 potest,
1337 4600 1400 4664 sed

270 4689 339 4754 hoc
356 4688 453 4771 hujus
470 4687 536 4750 ioci
553 4708 621 4750 non
639 4696 700 4750 est.
736 4703 794 4764 [3.]
823 4687 884 4751 Per
898 4693 1108 4772 appropriari
1123 4692 1253 4758 homini
1269 4695 1399 4760 intelli·
