3410 5382
319 651 362 713 80
667 651 872 704 SAPIENTIA
895 649 1096 704 ANGELICA

318 840 394 897 tate
417 838 540 895 tuaac
564 825 665 892 simul
687 823 851 890 libertate
875 823 1065 906 cogitandi,
1089 831 1126 888 et
1147 821 1239 888 hanc
1261 815 1456 892 veritatem*

318 928 352 991 in
383 945 444 990 sua
472 923 548 988 luce
570 921 723 1002 videbis;
758 922 820 985 sed
849 921 1000 984 admitte
1029 919 1131 1004 prius,
1157 918 1249 1004 quod
1272 920 1318 984 sit
1342 919 1451 998 Deus,

318 1022 478 1107 quodque
501 1020 547 1086 sit
571 1018 716 1094 caelum,
738 1025 774 1081 et
793 1016 885 1101 quod
904 1017 950 1080 sit
969 1017 1043 1080 vita
1059 1023 1212 1080 aeterna.
1257 1018 1317 1084 [3.]
1347 1013 1450 1081 Nunc

318 1119 397 1204 quia
427 1117 522 1182 Deus
552 1123 607 1178 est
637 1132 734 1189 unus,
763 1131 803 1176 ac
837 1110 943 1176 homo
975 1133 1022 1177 ex
1054 1111 1231 1176 creatione
1255 1107 1364 1175 faetus
1382 1115 1450 1178 ¹est

318 1217 434 1298 imago
462 1222 498 1278 et
524 1209 717 1276 similitudo
747 1207 868 1292 Ipsius,
897 1216 934 1272 et
963 1209 1043 1293 quia
1068 1228 1129 1291 per
1159 1225 1313 1272 amorem
1346 1207 1450 1272 infer·

319 1312 444 1384 nalem,
468 1330 509 1375 ac
540 1328 602 1392 per
632 1304 704 1389 ejus
735 1304 1048 1386 concupiscentias,
1071 1315 1108 1370 et
1138 1301 1259 1367 harum
1284 1302 1449 1386 jucunda,

317 1409 352 1471 in
382 1425 535 1471 amorem
565 1403 718 1468 omnium
750 1399 918 1464 malorum
945 1402 1053 1476 venit,
1082 1420 1123 1464 ac
1149 1400 1230 1464 inde
1260 1401 1450 1484 imaginem

318 1512 353 1567 et
385 1499 644 1565 similitudinem
677 1497 742 1561 Dei
769 1495 860 1580 apud
887 1517 925 1560 se
951 1495 1139 1572 destruxit,
1170 1496 1324 1579 sequitur
1357 1495 1450 1582 quod

318 1599 519 1661 continuum
557 1594 703 1658 Divinae
742 1593 984 1657 Providentiae
1023 1590 1162 1656 Domini
1195 1593 1252 1669 sit,
1289 1601 1328 1656 ut
1366 1613 1449 1658 con·

315 1693 438 1777 jungat
469 1692 646 1756 hominem
678 1688 749 1753 Sibi
783 1698 819 1752 et
853 1687 898 1752 Se
933 1688 1076 1764 homini,
1108 1698 1145 1753 et
1177 1687 1226 1752 sic
1261 1687 1376 1753 lacere
1412 1698 1449 1756 ut

319 1790 364 1852 sit
395 1790 512 1870 imago
540 1787 659 1870 Ipsius.
708 1782 812 1868 Quod
840 1783 907 1849 hoc
933 1784 979 1848 sit
1006 1784 1052 1848 ob
1074 1782 1188 1860 finem,
1214 1796 1252 1848 ut
1279 1783 1451 1850 Dominus

319 1883 449 1948 homini
472 1882 554 1946 dare
577 1890 683 1965 queat
705 1879 819 1945 felicia
841 1881 934 1945 vitae
956 1888 1132 1957 aeternae,
1152 1879 1259 1944 etiarn
1282 1883 1449 1965 sequitur,

320 1998 399 2043 nam
423 1977 569 2041 Divinus
592 1975 704 2040 Amor
727 1975 808 2040 talis
831 1986 893 2040 est.
941 1980 999 2042 [4.]
1031 1973 1133 2057 Quod
1157 1985 1271 2041 autem
1294 1974 1356 2039 illa
1379 1997 1450 2042 non

319 2074 429 2158 possit
452 2073 546 2148 dare,
571 2091 634 2135 nec
660 2071 773 2136 iacere
804 2071 901 2136 illum
932 2071 1119 2154 imaginem
1154 2069 1223 2149 Sui,
1248 2071 1312 2136 nisi
1342 2072 1450 2138 homo

319 2171 408 2235 sicut
427 2191 447 2234 a
466 2191 504 2233 se
522 2178 700 2233 removeat
724 2177 872 2250 peccata
894 2168 929 2231 in
952 2177 1104 2232 externo
1126 2166 1277 2246 homine,
1297 2179 1351 2233 est
1370 2171 1450 2254 quia

321 2266 489 2331 Dominus
509 2285 578 2329 non
598 2264 704 2327 modo
727 2273 781 2327 est
805 2262 949 2327 Divinus
973 2262 1096 2341 Amor,
1114 2264 1177 2327 sed
1196 2264 1303 2329 etiam
1323 2264 1450 2332 Divina

321 2361 510 2447 Sapientia,
530 2380 571 2426 ac
591 2359 736 2424 Divinus
755 2358 867 2423 Amor
886 2357 971 2423 nihil
990 2359 1073 2424 lacit
1096 2360 1160 2425 nisi
1178 2380 1224 2424 ex
1244 2359 1371 2424 Divina
1388 2381 1451 2426 sua

322 2457 511 2542 Sapientia,
535 2467 572 2522 et
602 2456 791 2521 secundum
821 2453 928 2518 illam.
974 2451 1077 2538 Quod
1107 2454 1213 2521 homo
1240 2475 1311 2520 non
1337 2458 1451 2540 possit

321 2555 391 2638 Ipsi
414 2552 587 2637 conjungi,
608 2561 643 2617 et
665 2552 712 2616 sic
737 2549 922 2625 reformari,
947 2551 1145 2632 regenerari
1167 2560 1204 2616 et
1227 2551 1365 2628 salvari,
1385 2552 1450 2617 nisi

320 2654 351 2716 ei
371 2651 477 2715 liceat
496 2671 542 2714 ex
563 2649 671 2713 libero
690 2645 879 2711 secundum
898 2645 1071 2710 rationem
1090 2665 1206 2728 agere,
1224 2666 1285 2729 per
1303 2648 1338 2712 id
1357 2650 1449 2714 enim

320 2747 427 2810 homo
449 2754 504 2810 est
527 2744 643 2818 homo,
664 2753 719 2806 est
750 2741 940 2806 secundum
969 2740 1131 2806 Divinam
1163 2742 1275 2824 Ipsius
1305 2741 1448 2828 Sapien-

320 2841 428 2919 tiam;
461 2849 498 2904 et
521 2837 680 2924 quicquid
704 2848 758 2900 est
781 2836 970 2900 secundum
995 2835 1155 2902 DivInam
1179 2838 1319 2902 Domini
1349 2838 1448 2923 Sapi-

310 2938 464 3012 entiam,
485 2935 551 2999 hoc
571 2953 707 3017 quoque
727 2941 781 2996 est
800 2931 912 3014 Ipsius
931 2929 1078 2997 Divinae
1097 2933 1349 2998 Providentiae.
1446 2975 1448 2978 -

384 3045 478 3114 124·
512 3028 575 3093 His
605 3027 763 3109 adjiciam
791 3028 860 3090 duo
885 3048 1012 3092 arcana
1035 3029 1227 3110 sapientiae
1256 3029 1449 3112 angelicae,

321 3149 366 3193 ex
397 3126 518 3211 quibus
545 3125 652 3189 videri
682 3133 801 3209 potest
831 3123 942 3208 qualis
973 3132 1028 3188 est
1055 3123 1181 3189 Divina
1207 3125 1447 3191 Proidventia:

322 3242 436 3297 unum,
455 3220 546 3305 quod
563 3219 731 3284 Dominus
747 3239 915 3303 nusquam
932 3229 1015 3300 agat
1034 3221 1068 3283 in
1088 3220 1226 3304 aliquod
1242 3222 1450 3305 particulare

321 3319 412 3404 apud
430 3317 606 3381 hominem
629 3315 843 3398 singillatim,
863 3315 927 3379 nisi
945 3316 979 3378 in
999 3317 1115 3382 omnia
1134 3317 1258 3397 simul;
1289 3317 1448 3396 alterum,

321 3416 413 3500 quod
434 3413 603 3478 Dominus
621 3423 705 3496 agat
724 3412 769 3477 ab
784 3412 914 3476 intimis
934 3421 969 3476 et
984 3411 1029 3476 ab
1047 3412 1177 3477 ultimis
1196 3414 1308 3478 simul.
1356 3413 1454 3493 Quod

321 3509 484 3576 Dominus
501 3530 666 3592 nusquam
684 3516 771 3590 agat
793 3506 828 3571 in
846 3505 987 3591 aliquod
999 3507 1210 3590 particulare
1231 3509 1325 3592 apud
1341 3509 1448 3574 laomi-

322 3627 394 3668 ncm
416 3604 634 3686 singillatim,
656 3603 726 3666 nisi
744 3602 780 3665 in
803 3601 913 3666 amnia
935 3603 1004 3685 ejus
1027 3603 1138 3680 simul,
1158 3615 1213 3670 est
1236 3607 1315 3689 quia
1333 3605 1451 3672 omnia

322 3699 470 3765 hominis
492 3699 526 3762 in
549 3697 611 3761 tali
631 3719 723 3763 nexu
747 3709 839 3776 sunt,
856 3709 892 3764 et
913 3720 973 3783 per
992 3721 1120 3765 nexum
1139 3702 1172 3766 in
1192 3702 1255 3766 tali
1270 3703 1391 3779 forma,
1412 3712 1450 3768 ut

322 3815 392 3858 non
408 3795 497 3858 sicut
517 3793 614 3876 plura
629 3794 690 3857 sed
707 3794 796 3858 sicut
813 3815 917 3860 unum
935 3806 1053 3880 agant.
1100 3796 1202 3878 Quod
1221 3801 1255 3862 in
1275 3800 1339 3863 tali
1356 3819 1450 3863 nexu

322 3901 357 3956 et
378 3911 438 3975 per
454 3907 582 3954 nexum
600 3891 634 3953 in
653 3889 713 3955 tali
728 3889 839 3956 forma
856 3892 902 3956 sit
921 3892 1027 3957 homo
1042 3894 1154 3978 quoad
1174 3915 1308 3978 corpus,
1327 3905 1449 3960 notum

322 3997 386 4054 est.
432 3986 472 4051 In
505 3983 608 4050 simili
641 3986 751 4051 forma
779 4011 824 4054 ex
858 4009 1019 4054 connexu
1048 3991 1200 4055 omnium
1229 4002 1283 4056 est
1313 4010 1449 4075 quoque

322 4104 420 4149 mens
439 4082 599 4157 humana,
617 4105 697 4149 nam
716 4106 814 4152 mens
829 4086 980 4152 humana
998 4097 1052 4152 est
1072 4087 1257 4171 spiritualis
1276 4087 1393 4162 homo,
1413 4094 1449 4151 et

322 4200 457 4264 quoque
490 4189 546 4244 est
584 4180 767 4249 altualiter
802 4185 917 4249 homo.
974 4183 1060 4249 Inde
1095 4192 1150 4248 est
1183 4183 1275 4267 quod
1309 4183 1448 4266 spiritus

322 4275 480 4351 hominis,
500 4277 558 4363 qui
576 4290 631 4344 est
654 4300 752 4346 mens
774 4279 845 4363 ejus
868 4279 901 4344 in
926 4300 1081 4363 corpore,
1101 4279 1147 4344 sit
1169 4278 1204 4343 in
1227 4279 1321 4343 omni
1339 4277 1449 4344 forma

321 4371 447 4450 homo;
485 4397 590 4460 quare
612 4377 718 4442 homo
741 4385 991 4459 postmortem
1015 4386 1069 4441 est
1091 4396 1201 4459 aeque
1223 4375 1330 4440 homo
1352 4383 1390 4439 ut
1412 4373 1447 4438 in

322 4472 462 4547 mundo,
487 4472 592 4537 modo
614 4491 691 4537 cum
715 4473 921 4548 discrimine,
946 4471 1038 4556 quod
1061 4473 1215 4548 exuvias,
1240 4493 1328 4556 quae
1357 4471 1448 4536 fece·

322 4578 401 4631 runt
436 4588 561 4652 corpus
590 4568 660 4650 ejus
694 4569 727 4632 in
762 4569 900 4644 mundo,
932 4567 1099 4650 rejecerit.
1146 4575 1204 4636 [2.]
1235 4568 1336 4634 Nunc
1370 4568 1448 4653 quia

321 4661 432 4729 forma
460 4664 610 4730 humana
639 4665 720 4730 talis
746 4677 812 4742 est,
838 4677 874 4732 ut
899 4687 1020 4731 omnes
1047 4677 1165 4750 partes
1197 4665 1325 4732 iaciant
1352 4685 1445 4732 com·
