3422 5380
295 675 358 744 ²7²
649 677 854 732 smmum
876 678 1072 732 nucnmcn

294 847 401 910 etiarn
426 847 470 912 sit
497 846 567 912 illis
591 847 648 932 qui
673 868 743 912 non
768 857 965 931 agnoscunt
984 848 1076 914 mala
1093 869 1171 914 esse
1189 860 1347 934 peccata,
1367 859 1422 917 est

294 944 373 1026 quia
392 942 427 1006 hi
443 943 602 1025 cogitant
618 965 663 1007 ex
680 945 823 1020 inferno,
841 954 876 1008 et
896 946 1038 1028 quisque
1054 945 1101 1008 ibi
1117 956 1218 1028 putat
1234 946 1325 1029 quod
1345 967 1365 1010 a
1383 967 1421 1011 se

294 1039 439 1120 cogitet.
487 1036 591 1119 Quod
607 1050 724 1104 autem
737 1039 900 1124 possibile
917 1041 962 1103 sit
978 1040 1046 1104 illis
1062 1043 1118 1123 qui
1133 1041 1203 1104 duo
1217 1041 1277 1105 illa
1293 1061 1422 1124 agnos·

294 1143 388 1211 cunt,
410 1145 571 1199 constare
590 1144 709 1217 potest
738 1157 782 1199 ex
807 1135 874 1198 illis
894 1157 981 1219 quae
1000 1156 1101 1218 supra
1128 1134 1175 1218 (n.
1195 1135 1358 1219 288-294)
1386 1137 1421 1200 in

294 1231 394 1314 copia
420 1229 531 1294 allata
558 1240 650 1295 sunt.
698 1245 755 1308 [7.]
788 1227 979 1311 Quartum:
1017 1229 1114 1308 Quod
1139 1230 1200 1313 qui
1228 1230 1263 1292 in
1290 1231 1422 1296 duabus

293 1326 364 1390 illis
381 1325 613 1408 agnitionibus
629 1336 719 1402 sunt,
736 1326 843 1390 solum
858 1325 1031 1411 refleiiant
1045 1337 1147 1408 super
1159 1325 1249 1388 mala
1263 1327 1359 1407 apud
1372 1347 1419 1404 se,

293 1421 412 1487 acilia
433 1421 485 1487 ad
508 1421 688 1502 infernum,
719 1423 805 1487 unde
822 1434 911 1499 sunt,
928 1423 1089 1507 rejiciant,
1113 1433 1275 1506 quantum
1298 1422 1360 1486 illa
1384 1431 1423 1488 ut

288 1527 425 1600 peccata
441 1518 590 1599 fugiunt
613 1527 647 1581 et
673 1517 1019 1600 aversantur-Quis
1049 1538 1118 1582 non
1145 1519 1223 1594 scit,
1249 1518 1304 1581 vel
1333 1519 1420 1584 scire

294 1624 421 1695 potest,
437 1613 528 1697 quod
542 1613 671 1676 malum
684 1615 730 1677 sit
747 1615 790 1677 ab
803 1615 944 1690 inferno,
959 1625 995 1678 et
1012 1614 1104 1697 quod
1118 1615 1246 1678 bonum
1263 1635 1281 1679 e
1298 1613 1420 1679 caelo?

294 1707 342 1772 Et
366 1712 443 1792 quis
467 1728 537 1772 non
555 1708 635 1772 inde
655 1711 742 1772 scire
761 1722 891 1792 potest,
910 1710 1003 1793 quod
1022 1719 1187 1793 quantum
1206 1710 1313 1774 homo
1332 1710 1420 1792 sugit

293 1815 331 1868 et
349 1816 528 1868 aversatur
544 1804 684 1880 malum,
699 1815 835 1868 tanturn
852 1805 960 1887 fugiat
976 1816 1013 1869 et
1031 1817 1210 1870 aversetur
1225 1804 1420 1870 infernum?

294 1899 342 1963 Et
361 1902 436 1983 quis
455 1900 534 1962 inde
556 1919 626 1963 non
644 1901 729 1964 scire
749 1910 878 1983 potest,
893 1902 997 1983 quod,
1014 1912 1181 1983 quantum
1200 1903 1275 1985 quis
1291 1901 1420 1964 malum

293 1995 436 2078 fugitet
456 2005 646 2070 aversatur,
667 2005 804 2059 tanturn
824 1996 908 2060 velit
927 2006 963 2060 et
987 2007 1080 2060 amet
1100 1998 1252 2076 bonum;
1276 1998 1420 2079 proinde

294 2091 386 2175 quod
403 2101 540 2155 tantum
556 2111 577 2152 a
596 2090 746 2154 Domino
762 2092 807 2155 ab
821 2091 954 2154 inferno
970 2093 1155 2166 eximatur,
1173 2102 1209 2157 et
1225 2093 1269 2156 ad
1286 2092 1420 2156 caelum

295 2187 462 2251 ducatur?
509 2185 606 2249 Haec
637 2187 749 2249 omnis
772 2187 951 2251 rationalis
970 2187 1086 2263 homo,
1107 2188 1212 2252 modo
1236 2189 1302 2251 scit
1327 2188 1421 2270 quod

294 2283 460 2346 infernum
480 2292 516 2345 et
536 2280 671 2345 caelum
691 2283 770 2356 sint,
788 2293 824 2346 et
843 2283 934 2365 quod
954 2283 1083 2346 malurn
1107 2284 1151 2347 sit
1171 2304 1191 2347 a
1210 2304 1271 2347 sua
1288 2283 1419 2364 origine

294 2389 331 2442 et
352 2379 481 2441 bonum
508 2397 529 2440 a
556 2396 629 2452 sua,
649 2378 764 2441 videre
788 2388 918 2460 potest.
963 2377 1062 2442 Nunc
1095 2380 1123 2442 si
1150 2379 1255 2442 homo
1274 2374 1420 2443 reflectit

295 2495 395 2556 super
412 2472 504 2535 mala
518 2472 610 2554 apud
627 2493 674 2546 se,
695 2469 802 2555 (quod
821 2473 912 2536 idem
931 2483 986 2542 est
1005 2492 1082 2537 cum
1099 2474 1282 2558 explorare
1298 2472 1363 2556 se,)
1383 2482 1420 2538 et

294 2569 379 2650 sugit
398 2569 469 2644 illa,
487 2577 570 2631 tunc
587 2568 718 2632 evolvit
737 2589 774 2631 se
793 2570 838 2632 ab
856 2568 999 2644 infern0‚
1017 2580 1054 2633 et
1072 2569 1138 2634 hoc
1159 2569 1267 2652 rejicit
1285 2570 1329 2634 ad
1348 2579 1419 2632 ter·

293 2683 398 2746 gum3
423 2683 463 2727 ac
482 2664 642 2727 immittit
664 2683 702 2726 se
725 2664 758 2726 in
782 2664 929 2739 caelum,
949 2673 985 2728 et
1009 2664 1055 2727 ibi
1079 2663 1265 2729 Dominum
1283 2662 1420 2746 spediat

293 2780 314 2822 a
336 2759 432 2822 facie.
478 2758 613 2822 Dicitur
630 2760 721 2842 quod
741 2758 847 2823 homo
865 2759 932 2822 hoc
951 2759 1067 2834 iaciat,
1088 2759 1148 2822 sed
1170 2760 1252 2823 iacit
1273 2761 1307 2824 id
1330 2761 1419 2825 sicut

294 2875 385 2930 ase,
406 2864 489 2918 tunc
512 2875 558 2918 ex
582 2853 743 2917 Domino.
790 2853 875 2918 Cum
897 2853 1005 2919 homo
1026 2855 1188 2936 agnoscit
1211 2855 1277 2918 hoc
1299 2874 1419 2920 verum

294 2972 338 3014 ex
355 2951 449 3014 bono
468 2950 571 3013 corde
591 2958 627 3012 et
650 2969 695 3012 ex
715 2951 771 3032 pia
790 2948 867 3024 fide,
887 2959 968 3013 tunc
988 2948 1077 3014 latet
1101 2951 1135 3014 id
1153 2951 1245 3014 intus
1268 2952 1302 3014 in
1326 2951 1420 3014 omni

293 3047 385 3130 quod
405 3056 528 3127 postea
546 3045 634 3108 sicut
652 3065 698 3108 ex
721 3067 759 3108 se
778 3047 912 3127 cogitat
935 3057 971 3110 et
993 3045 1097 3124 sacit;
1128 3047 1418 3129 quemadmodum

293 3140 483 3224 prolificum
506 3143 540 3205 in
564 3142 705 3216 semine,
726 3142 817 3224 quod
841 3143 935 3205 intus
953 3143 1141 3205 comitatur
1160 3163 1266 3226 usque
1288 3143 1332 3206 ad
1356 3162 1417 3205 no·

293 3257 373 3300 vum
397 3257 539 3315 semen;
570 3246 607 3301 et
630 3238 921 3320 quemadmodum
945 3237 1071 3320 volupe
1101 3239 1135 3302 in
1158 3238 1316 3321 appetitu
1338 3240 1417 3315 cibi,

293 3353 394 3416 quem
410 3332 518 3397 semel
534 3333 678 3414 agnovit
697 3333 760 3395 sibi
776 3332 988 3397 salutiferum
1005 3353 1102 3413 esse;
1125 3334 1242 3410 verbo,
1259 3343 1312 3398 est
1330 3335 1419 3400 sicut

293 3451 353 3493 cor
365 3439 401 3494 et
414 3431 529 3492 anima
540 3429 574 3491 in
588 3427 681 3490 omni
695 3427 787 3510 quod
799 3429 934 3510 cogitat
950 3439 987 3493 et
1003 3428 1095 3493 facit.
1141 3434 1199 3495 [8.]
1228 3427 1417 3510 Quintum:

296 3523 394 3604 Quod
412 3525 463 3588 sic
479 3522 608 3588 Divina
624 3521 847 3586 Providentia
870 3543 934 3586 non
955 3523 1156 3606 appropriet
1171 3523 1275 3586 alicui
1293 3524 1419 3588 malum

293 3641 349 3683 nec
370 3619 474 3684 alicui
493 3618 621 3692 bonum,
646 3617 709 3681 sed
727 3618 817 3700 quod
837 3618 985 3700 propria
1006 3617 1192 3699 prudentia
1217 3618 1420 3701 appropriet

293 3713 602 3796 utrumque-Hoc
624 3715 844 3795 consequitur
862 3735 908 3776 ex
932 3714 1091 3776 omnibus
1109 3734 1197 3797 quae
1217 3733 1306 3777 nunc
1325 3713 1418 3778 dieta

293 3821 383 3876 sunt.
431 3809 526 3873 Finis
546 3809 691 3873 Divinae
712 3809 953 3874 Providentiae
970 3817 1027 3874 est
1042 3809 1191 3888 bonum;
1214 3808 1281 3873 hoc
1300 3810 1418 3894 itaque

292 3908 326 3970 in
346 3907 440 3970 omni
457 3907 660 3988 operatione
676 3905 838 3970 intendit.
884 3903 1000 3988 Quare
1018 3924 1088 3968 non
1104 3906 1301 3987 appropriat
1317 3906 1424 3970 alicui

293 4005 433 4080 bonum,
458 4024 538 4067 nam
561 4003 609 4066 sic
637 4002 720 4066 illud
743 4002 840 4067 fieret
864 4003 1099 4081 meritorium;
1130 4023 1194 4066 nec
1218 4005 1418 4086 appropriat

292 4102 394 4166 alicui
410 4101 549 4172 malum,
564 4120 643 4163 nam
660 4101 707 4163 sic
724 4099 820 4163 illum
833 4120 928 4162 reum
942 4098 1022 4162 mali
1037 4098 1177 4163 iaceret.
1223 4099 1417 4183 Utrumque

293 4209 411 4262 tamen
430 4196 512 4261 facit
533 4196 637 4259 homo
657 4217 702 4257 ex
723 4196 870 4276 proprio,
891 4194 1053 4278 quiahoc
1074 4213 1143 4257 non
1163 4204 1217 4258 est
1234 4197 1296 4259 nisi
1315 4214 1417 4278 quarn

293 4293 421 4357 malum
434 4314 442 4371 ;
465 4292 641 4375 proprium
652 4290 843 4353 voluntatis
855 4289 925 4371 ejus
938 4298 992 4353 est
1005 4308 1102 4353 amor
1114 4291 1176 4364 sui,
1190 4311 1229 4353 ac
1243 4291 1417 4374 proprium

293 4387 491 4453 inteliedtus
514 4387 587 4470 ejus
609 4396 663 4451 est
685 4386 795 4449 fastus
819 4385 974 4469 propriae
996 4383 1276 4470 intelligentiae;
1306 4396 1344 4451 et
1370 4407 1417 4452 ex

292 4484 359 4548 hoc
380 4493 434 4548 est
451 4484 589 4567 propria
606 4481 800 4567 prudentia.
