3268 5380
342 587 402 655 128
690 597 893 650 sensum
915 599 1111 654 nuosmcs

400 783 497 854 ²⁹1·
526 768 621 836 Inter
646 767 707 834 illa
729 789 816 852 quae
838 767 873 833 in
896 767 997 835 Parte
1020 770 1182 839 Secunda
1203 781 1347 839 ostensa
1369 785 1461 856 sunt,

336 865 443 932 etiam
458 875 513 930 est
528 865 606 942 hoc,
620 864 713 949 qnod
730 861 789 930 Sol
806 864 865 930 ille
881 884 950 929 non
966 867 1011 932 sit
1029 866 1210 945 Dominus,
1227 869 1288 934 sed
1304 871 1398 955 quod
1414 874 1462 939 sit

336 959 531 1026 Procedens
543 981 590 1025 ex
600 959 727 1025 Divino
739 959 870 1025 Amore
882 969 919 1026 et
931 959 1113 1028 exDivina
1125 961 1463 1051 Sapientiawtpsius

336 1053 532 1121 Procedens
544 1056 681 1133 dicitur,
694 1056 773 1139 quia
785 1053 845 1120 Sol
861 1054 919 1120 ille
931 1075 978 1120 ex
1000 1055 1127 1122 Divino
1142 1056 1274 1124 Amore
1289 1069 1326 1126 et
1337 1080 1386 1125 ex
1399 1059 1462 1126 Di·

335 1151 415 1215 vina
425 1148 612 1234 Sapientia,
623 1169 710 1234 quae
723 1151 757 1214 in
770 1170 807 1215 se
822 1158 901 1216 sunt
914 1149 1113 1217 substantia
1127 1161 1165 1218 et
1180 1153 1300 1231 forma,
1313 1156 1463 1238 produc·

335 1255 393 1312 tus
415 1255 479 1322 est,
496 1255 534 1311 et
552 1245 714 1310 Divinum
730 1266 791 1328 per
808 1245 874 1309 hoc
891 1245 1061 1328 procedit.
1105 1244 1174 1311 Sed
1193 1249 1272 1332 quia
1289 1252 1379 1316 ratio
1398 1250 1462 1315 hu·

335 1360 438 1407 mana
448 1341 528 1406 talis
539 1352 603 1418 est,
614 1350 651 1404 ut
662 1361 730 1404 non
742 1342 949 1424 acquiescat,
960 1340 1026 1404 nisi
1035 1341 1153 1406 videat
1163 1362 1462 1424 remasuacausa,

335 1437 386 1501 ita
402 1437 468 1500 nisi
484 1437 591 1500 etiam
607 1437 774 1519 percipiat
791 1435 975 1518 quomodo,
993 1434 1048 1500 hic
1067 1439 1242 1519 quomodo
1262 1437 1322 1504 Sol
1341 1438 1462 1504 mundi

334 1530 530 1615 spiritualis,
540 1531 596 1614 qui
609 1541 744 1595 nonest
758 1530 935 1604 Dominus,
947 1531 1009 1593 sed
1022 1532 1213 1613 procedens
1223 1532 1268 1597 ab
1278 1533 1369 1615 Ipso,
1380 1554 1460 1617 pro·

335 1625 457 1690 ductus
472 1635 538 1701 est,
551 1646 655 1709 quare
668 1626 711 1690 de
726 1624 792 1690 hoc
809 1626 914 1689 etiam
931 1625 1060 1708 aliquid
1076 1626 1220 1692 dicetur.
1265 1628 1319 1692 De
1341 1629 1407 1693 hac
1423 1647 1461 1694 re

334 1740 412 1785 cum
422 1720 555 1803 angelis
569 1720 678 1784 multa
690 1721 825 1783 locutus
837 1739 932 1798 sum;
949 1721 1006 1803 qui
1016 1721 1190 1797 dixerunt,
1202 1724 1293 1806 quod
1303 1723 1370 1787 hoc
1381 1743 1460 1806 per·

334 1816 463 1899 cipiant
476 1815 567 1879 clare
579 1817 613 1880 in
624 1815 699 1879 luce
713 1836 774 1879 sua
789 1813 968 1897 spirituali,
983 1815 1044 1879 sed
1057 1817 1148 1899 quod
1165 1816 1199 1880 id
1215 1836 1320 1900 aegre
1336 1821 1461 1884 sistere

333 1913 468 1994 possint
484 1929 601 1975 coram
618 1910 757 1975 homine
775 1911 809 1973 in
828 1909 899 1991 ejus
918 1908 996 1974 luce
1013 1910 1172 1987 naturali,
1189 1912 1268 1995 quia
1284 1913 1357 1977 talc
1373 1915 1459 1978 utri·

333 2026 440 2090 nsque
462 2005 547 2069 lucis
573 2013 609 2068 et
639 2005 718 2070 inde
737 2005 991 2087 cogitationum
1014 2005 1199 2070 discrimen
1225 2016 1290 2070 est.
1346 2006 1459 2074 Dixe-

332 2111 412 2167 runt
431 2111 559 2176 tamen,
579 2100 671 2184 quod
694 2099 760 2165 hoc
779 2099 889 2164 simile
912 2100 959 2164 sit
976 2120 1055 2165 cum
1074 2100 1222 2184 sphaera
1240 2098 1458 2170 affeetionurn

331 2207 370 2264 et
388 2196 468 2261 inde
491 2195 757 2278 cogitationum,
770 2214 858 2278 quae
873 2196 1134 2278 unumquemvis
1157 2194 1320 2278 angelum
1335 2196 1457 2275 ambit,

332 2313 393 2377 per
422 2311 524 2376 quam
548 2291 743 2374 praesentia
768 2289 840 2372 ejus
866 2291 999 2354 sistitur
1016 2291 1136 2355 vicinis
1158 2300 1194 2354 et
1222 2291 1390 2370 remotis;
1419 2299 1458 2360 et

332 2389 424 2473 quod
443 2387 590 2470 sphaera
608 2384 668 2449 illa
686 2384 841 2449 ambiens
860 2405 929 2450 non
952 2387 997 2450 sit
1016 2387 1090 2468 ipse
1109 2384 1266 2468 angelus,
1283 2385 1345 2450 sed
1363 2385 1457 2470 quod

331 2484 378 2548 sit
396 2503 442 2547 ex
460 2483 618 2547 omnibus
637 2490 673 2545 et
692 2481 835 2563 singulis
851 2481 1002 2563 corporis
1018 2479 1100 2562 ejus,
1118 2501 1138 2544 a
1156 2500 1225 2564 quo
1241 2481 1457 2550 substantiae

332 2579 497 2642 continue
524 2579 612 2640 sicut
637 2575 762 2639 flumen
786 2585 962 2650 emanant,
987 2585 1023 2640 et
1049 2594 1137 2657 quae
1164 2585 1330 2639 emanant
1357 2575 1455 2643 illum

332 2672 611 2753 circumstipant:
636 2680 671 2734 et
689 2671 780 2754 quod
799 2670 879 2734 illae
897 2671 1111 2734 substantiae
1126 2672 1262 2753 corpori
1281 2669 1351 2752 ejus
1370 2690 1455 2735 con·

331 2769 449 2849 tiguae
473 2786 532 2847 per
554 2766 654 2829 binos
677 2766 791 2831 sontes
814 2775 929 2830 motus
948 2767 1043 2829 vitae
1066 2765 1148 2847 ejus,
1174 2784 1233 2829 cor
1257 2774 1293 2828 et
1317 2765 1455 2848 pulmo·

330 2879 421 2937 nem,
442 2861 605 2924 continue
629 2858 800 2938 actuatae,
824 2859 1085 2944 atmosphaeras
1103 2861 1137 2924 in
1157 2857 1355 2924 adiivitates
1375 2879 1455 2926 suas

330 2957 500 3031 excitent,
521 2964 557 3019 et
576 2975 637 3038 per
658 2955 692 3018 id
712 2957 839 3019 sistant
856 2957 1114 3039 perceptionem
1129 2955 1218 3019 sIcut
1235 2955 1453 3037 praesentiae

329 3050 420 3116 illius
436 3050 526 3132 apud
542 3050 647 3115 alios:
672 3060 708 3114 et
727 3051 775 3114 sic
791 3049 882 3133 quod
899 3070 968 3114 non
988 3051 1031 3114 sit
1051 3049 1118 3115 alia
1136 3047 1282 3131 sphaera
1299 3047 1453 3114 affectio·

330 3166 411 3211 num
430 3155 466 3211 et
485 3145 564 3209 inde
583 3145 846 3228 cogitationum,
867 3145 1009 3208 tametsi
1028 3145 1078 3208 ita
1095 3153 1250 3220 vocatur,
1270 3164 1357 3226 quae
1377 3145 1453 3213 exit

329 3253 366 3308 et
384 3241 615 3317 continuatur,
632 3243 711 3324 quia
726 3237 924 3304 affedtiones
939 3249 1020 3304 sunt
1037 3239 1120 3303 meri
1138 3247 1250 3302 status
1267 3237 1453 3306 formarum

329 3339 454 3404 mentis
472 3339 506 3401 in
522 3336 592 3402 illo.
637 3336 808 3401 Dixerunt
826 3356 936 3417 porro,
954 3336 1045 3418 quod
1065 3335 1145 3398 talis
1160 3332 1305 3418 sphaera
1321 3336 1450 3401 circum

329 3433 589 3517 unumquemvis
609 3432 771 3514 angelum
794 3432 849 3506 sit,
870 3432 948 3514 quia
971 3431 1096 3492 circum
1113 3429 1299 3494 Dominum
1314 3440 1391 3509 est3
1413 3438 1452 3496 et

328 3531 419 3612 quod
436 3528 582 3609 sphaera
598 3526 658 3590 illa
673 3529 800 3592 circum
818 3526 1003 3590 Dominum
1016 3525 1060 3588 sit
1077 3524 1233 3588 similiter
1248 3525 1292 3588 ab
1308 3524 1400 3606 Ipso,
1414 3534 1452 3592 et

329 3623 419 3707 quod
430 3623 489 3686 illa
502 3624 647 3703 sphaera
659 3625 703 3686 sit
722 3620 782 3686 Sol
798 3621 945 3696 illorum,
956 3642 1015 3685 seu
1031 3619 1090 3685 Sol
1104 3620 1220 3684 mundi
1233 3620 1428 3702 spiritualis.

391 3731 487 3797 292.
518 3715 660 3798 Saepius
679 3718 798 3780 datum
818 3727 871 3781 est
889 3718 1073 3800 percipere,
1093 3717 1184 3799 quod
1205 3715 1284 3779 talis
1304 3716 1452 3798 sphaera

328 3813 373 3876 sit
396 3813 522 3874 circum
545 3810 707 3892 angelum
731 3820 767 3875 et
790 3812 955 3894 spiritum,
976 3821 1012 3875 et
1035 3830 1169 3894 quoque
1188 3811 1335 3892 sphaera
1354 3831 1450 3876 com·

327 3907 438 3971 munis
462 3906 587 3970 circum
614 3905 726 3987 plures
756 3907 790 3968 in
817 3907 997 3980 societate,
1022 3916 1059 3969 et
1087 3924 1223 3988 quoque
1246 3909 1365 3971 datum
1395 3916 1450 3975 est

326 4002 443 4066 videre
470 4000 564 4065 illam
594 4001 657 4064 sub
683 4001 777 4064 varia
799 4001 935 4083 specie;
968 4002 1003 4064 in
1033 4000 1130 4064 caelo
1153 4003 1357 4084 quandoque
1386 4002 1451 4066 sub

326 4099 440 4180 specie
459 4098 573 4161 tenuis
592 4095 759 4169 flammae,
780 4095 814 4158 in
837 4095 968 4162 inferno
991 4096 1054 4159 sub
1077 4098 1191 4178 specie
1210 4097 1315 4159 crassi
1338 4098 1448 4177 ignis;

326 4202 363 4256 et
386 4191 591 4276 quandoque
615 4191 649 4254 in
673 4190 771 4255 caelo
790 4190 852 4253 sub
872 4190 986 4271 specie
1005 4192 1117 4253 tenuis
1144 4200 1180 4252 et
1200 4191 1366 4268 candidae
1386 4211 1448 4254 nu·

325 4288 390 4363 bis,
410 4296 446 4351 et
468 4288 502 4349 in
518 4286 650 4349 inferno
669 4286 732 4349 sub
750 4287 865 4369 specie
881 4285 986 4348 crassi
1004 4293 1040 4348 et
1063 4287 1128 4349 atri
1147 4285 1272 4362 nimbi;
1304 4295 1339 4348 et
1362 4307 1447 4368 quo·

325 4401 391 4464 que
414 4380 534 4444 datum
557 4390 612 4444 est
635 4379 798 4462 sphaeras
821 4379 898 4443 illas
921 4380 1095 4462 percipere
1125 4379 1188 4441 snb
1216 4380 1310 4442 varia
1332 4381 1447 4461 specie

325 4474 469 4539 odorum
495 4492 536 4537 ae
566 4475 747 4555 nidorum;
781 4496 827 4538 ex
856 4475 977 4556 quibus
1001 4472 1222 4537 confirmatus
1244 4493 1330 4548 sum,
1354 4474 1447 4556 quod

325 4567 585 4649 unumquemvis
603 4567 753 4634 incaelo
770 4579 806 4633 et
825 4567 1084 4653 unumquemvis
1100 4567 1136 4632 in
1153 4565 1286 4632 inferno
1302 4565 1448 4650 sphaera
1537 4647 1539 4652 Ι
