3424 5368
527 650 577 700 DE
600 648 736 700 DIVINA
758 645 1110 698 PROVIDENTIA.-N.
1131 631 1202 724 25ᾇ.
1359 645 1427 698 2οῐ

296 845 387 907 quae
411 822 517 887 etiam
542 822 610 887 iliis
632 831 724 897 sunt,
748 820 880 897 vivunt,
905 819 1069 903 fugiendo
1092 817 1185 884 mala
1208 825 1245 884 ut
1269 825 1427 904 peccata,

297 918 333 980 in
353 919 499 994 caelum,
517 918 608 1001 quod
629 928 773 980 vocatur
792 916 934 979 Caelum
952 913 1257 992 Mahumedanum,
1275 915 1427 980 veniant.
1455 995 1459 999 .

303 1009 379 1075 Hoc
401 1013 535 1075 caelum
556 1013 660 1074 etiam
678 1012 824 1074 divisum
844 1019 898 1074 est
923 1011 956 1072 in
981 1018 1052 1073 tres
1071 1009 1198 1086 caelos,
1220 1029 1429 1094 supremum,

299 1109 451 1170 medium
476 1119 511 1171 et
534 1105 697 1170 infimum.
743 1105 783 1168 In
808 1125 968 1188 supremo
991 1104 1090 1168 caelo
1113 1114 1206 1181 sunt,
1226 1105 1284 1189 qui
1306 1103 1429 1169 Domi·

299 1222 382 1265 num
413 1222 516 1266 unum
546 1220 623 1264 cum
653 1201 754 1264 Patre
784 1211 992 1284 agnoscunt,
1022 1210 1058 1265 et
1088 1201 1136 1265 sic
1168 1201 1285 1282 Ipsum
1314 1200 1426 1266 solum

300 1299 433 1363 Deum:
459 1301 492 1363 in
509 1298 620 1362 altero
637 1296 736 1361 caelo
752 1307 833 1361 sunt
849 1297 905 1380 qui
921 1297 1087 1361 abdicant
1104 1295 1219 1380 plures
1235 1316 1372 1373 uxores,
1389 1306 1426 1361 et

299 1415 378 1458 cum
403 1417 469 1459 una
492 1395 630 1470 vivunt;
666 1395 760 1458 etin
783 1393 916 1468 ultimo,
942 1394 997 1476 qui
1020 1393 1210 1456 initiantur.
1257 1391 1355 1455 Plura
1382 1392 1426 1457 de

300 1490 365 1553 hac
382 1491 549 1572 religione
566 1490 750 1552 videantur
769 1489 802 1551 in
822 1486 1076 1552 Continuatione
1090 1487 1131 1551 de
1147 1487 1269 1552 Ultimo
1278 1487 1424 1564 Judiczb,

297 1596 333 1649 et
350 1586 391 1649 de
407 1585 534 1649 Mundo
553 1584 739 1665 Spirituali
757 1583 804 1666 (n.
816 1583 951 1667 68-72),
969 1585 1025 1648 ubi
1044 1584 1088 1647 de
1108 1581 1371 1646 Mahumedanis
1388 1591 1425 1648 et

298 1681 345 1742 de
365 1679 571 1744 Mahumede
591 1677 705 1743 astum
724 1689 786 1744 est.

366 1782 464 1864 256.
496 1780 571 1864 (iii.)
607 1780 704 1859 Quod
721 1805 810 1847 mere
829 1783 1001 1848 naturalis
1019 1781 1115 1846 homo
1130 1792 1248 1846 contra
1265 1780 1427 1846 Divinam

298 1877 556 1941 Providentiam
578 1896 615 1941 se
634 1877 813 1960 confirmet,
828 1895 909 1942 ‘cum
931 1879 1031 1953 videt,
1051 1877 1143 1962 quod
1161 1877 1278 1960 religio
1303 1875 1425 1942 Chris·

299 1974 397 2036 tiana
415 1972 462 2035 sit
479 1971 572 2034 modo
590 1971 626 2034 in
642 1972 734 2035 orbis
751 1970 950 2037 habitabilis
962 1984 1065 2055 parte
1079 1973 1213 2048 minore,
1231 1993 1315 2057 quae
1328 1992 1425 2036 voca·

299 2079 359 2132 tur
371 2065 521 2149 Europa,
535 2077 568 2130 et
582 2067 673 2151 quod
683 2068 733 2132 ibi
746 2068 794 2131 sit
807 2068 1081 2151 divisa-Quod
1096 2069 1217 2151 religio
1230 2067 1426 2133 Christiana

299 2165 348 2228 sit
371 2165 475 2227 modo
498 2165 531 2226 in
555 2166 646 2228 orbis
669 2163 868 2228 habitabilis
892 2176 991 2248 parte
1013 2165 1155 2240 minore,
1175 2185 1262 2248 quae
1280 2174 1427 2230 vocatur

299 2258 451 2342 Europa,
464 2270 518 2323 est
531 2263 608 2343 quia
622 2280 690 2323 non
703 2260 967 2323 accommodata
982 2260 1044 2324 fuit
1059 2261 1171 2343 geniis
1184 2258 1424 2340 Orientalium,

299 2357 390 2418 sicut
407 2355 529 2438 religio
550 2353 816 2429 Mahumedana,
837 2375 925 2437 quae
944 2356 1057 2419 mixta
1075 2365 1142 2431 est,
1162 2363 1200 2418 ut
1219 2374 1305 2419 mox
1323 2378 1426 2441 supra

298 2462 480 2514 ostensum
498 2461 575 2530 est;
599 2461 635 2515 et
651 2449 773 2533 religio
792 2469 862 2513 non
881 2450 1146 2515 accommodata
1165 2470 1234 2514 non
1252 2453 1426 2536 recipitur.

299 2545 352 2610 Ut
380 2567 442 2628 pro
471 2547 655 2629 exemplo;
686 2546 808 2628 religio
834 2565 921 2628 quae
952 2547 1075 2621 sancit,
1102 2545 1193 2630 quod
1223 2567 1293 2611 non
1321 2547 1427 2615 liceat

300 2640 415 2722 plures
439 2662 565 2704 uxores
589 2641 724 2718 ducere,
744 2661 815 2705 non
837 2641 1010 2723 recipitur,
1034 2641 1096 2706 sed
1119 2641 1268 2724 rejicitur
1290 2643 1335 2709 ab
1356 2644 1426 2711 illis

298 2738 358 2820 qui
376 2759 396 2800 a
416 2737 561 2800 saeculis
581 2747 671 2802 retro
690 2736 869 2821 polygami
887 2736 1047 2816 suerunt3
1071 2737 1121 2801 ita
1139 2759 1273 2821 quoque
1292 2739 1327 2803 in
1350 2741 1425 2823 qui·

298 2833 447 2894 busdam
480 2832 556 2896 aliis
591 2833 769 2916 religionis
803 2831 1021 2898 Christianae
1054 2834 1205 2898 sancitis.
1259 2847 1315 2909 [2.]
1350 2835 1424 2904 Nec

298 2928 415 3003 refert,
437 2928 508 2991 sive
528 2931 639 2992 minor
658 2949 736 3011 pars
760 2929 879 2992 mundi
902 2929 973 2994 sive
997 2929 1106 3010 major
1128 2929 1224 2993 illam
1242 2933 1424 3016 receperit,

297 3023 406 3087 modo
423 3024 490 3087 sint
505 3024 633 3106 populi,
648 3025 737 3106 apud
754 3045 840 3107 quos
853 3024 1008 3088 Verbum
1027 3034 1081 3088 est
1098 3045 1107 3104 ;
1127 3045 1206 3088 nam
1222 3026 1301 3090 inde
1318 3047 1425 3112 usque

297 3129 354 3182 est
375 3119 435 3181 lux
456 3119 523 3182 illis
543 3121 598 3202 qui
619 3132 721 3183 extra
738 3119 921 3183 ecclesiam
940 3130 1031 3193 sunt,
1046 3129 1082 3183 et
1099 3140 1168 3183 non
1184 3119 1314 3187 habent
1334 3121 1424 3187 Ver·

297 3214 393 3290 bum,
426 3225 463 3279 ut
494 3216 527 3278 in
558 3214 723 3279 Doctrina
751 3215 870 3278 Novae
898 3213 1151 3296 Hierosolymae
1179 3214 1219 3277 de
1245 3215 1426 3299 Scriptura

298 3309 409 3374 Sacra
431 3310 478 3394 (n.
503 3311 672 3395 104-113),
694 3322 873 3376 ostensum
896 3322 971 3374 est:
1003 3320 1040 3374 et
1063 3310 1154 3392 quod
1179 3311 1333 3376 mirabile
1356 3323 1423 3390 est,

297 3406 357 3469 ubi
376 3405 530 3470 Verbum
550 3405 669 3471 sancte
688 3406 825 3490 legitur,
846 3428 887 3471 ac
905 3407 1073 3471 Dominus
1089 3427 1135 3470 ex
1151 3403 1270 3470 Verbo
1288 3407 1423 3486 colitur,

297 3501 345 3564 ibi
364 3512 419 3566 est
440 3502 608 3565 Dominus
631 3522 709 3566 cum
730 3504 850 3581 caelo;
875 3511 1063 3578 causaest,
1083 3501 1163 3584 quia
1182 3499 1350 3566 Dominus
1368 3513 1424 3569 est

299 3595 467 3671 Verbum,
487 3618 527 3661 ac
544 3597 697 3661 Verbum
717 3609 770 3662 est
791 3597 952 3662 Divinum
968 3596 1112 3673 Verum,
1133 3595 1225 3682 quod
1243 3597 1325 3664 facit
1343 3617 1424 3664 cae·

296 3691 392 3772 lum3
417 3715 521 3777 quare
538 3693 705 3757 Dominus
720 3695 816 3768 dicit,

349 3845 426 3897 “Ubi
438 3848 527 3898 ..duo
540 3857 586 3896 aut
599 3857 653 3897 tres
668 3848 824 3910 congregati
836 3857 899 3898 sunt
914 3848 942 3897 in
958 3849 1068 3900 nomine
1080 3865 1151 3910 meo,
1162 3849 1201 3900 ibi
1214 3863 1276 3900 sum
1290 3848 1318 3900 in
1333 3851 1425 3900 medio

431 3927 524 3962 eorum
534 3911 548 3932 ”
560 3913 667 3974 (Matth.
680 3914 753 3963 xviii.
767 3913 824 3975 20):

296 4072 349 4138 ita
365 4072 436 4139 fieri
454 4084 572 4156 potest
589 4093 666 4137 cum
682 4073 800 4140 Verbo
820 4074 854 4140 in
873 4076 991 4141 multis
1007 4075 1093 4142 locis
1111 4079 1203 4143 orbis
1221 4078 1423 4144 habitabilis

294 4169 344 4233 ab
359 4169 559 4251 Europaeis,
577 4170 655 4253 quia
679 4169 746 4232 illis
769 4182 822 4234 est
846 4173 1090 4237 commercium
1109 4193 1209 4255 super
1226 4175 1421 4239 universum

294 4273 466 4329 terrarum
486 4265 615 4338 orbem,
636 4273 671 4330 et
690 4265 799 4329 ubivis
819 4266 948 4330 abillis
968 4267 1022 4330 vel
1047 4267 1172 4350 legitur
1189 4268 1246 4333 vel
1263 4290 1283 4332 a
1302 4267 1424 4334 Verbo

299 4359 453 4425 docetur.
509 4359 585 4426 Hoc
617 4371 762 4444 apparet
795 4363 884 4427 sicut
915 4362 1105 4440 inventum,
1138 4364 1197 4428 sed
1227 4385 1333 4448 usque
1367 4376 1422 4435 est

294 4475 426 4520 verum.
473 4463 530 4522 [3.]
563 4455 664 4540 Quod
688 4457 809 4540 religio
832 4457 1029 4523 Christiana
1051 4461 1096 4523 sit
1120 4459 1240 4537 divisa,
1264 4461 1422 4546 estquis

295 4551 383 4617 haec
408 4574 453 4616 ex
473 4552 592 4618 Verbo
615 4564 681 4628 est,
701 4573 741 4618 ac
761 4552 915 4619 Verbum
932 4575 994 4639 per
1015 4573 1127 4620 meras
1144 4557 1419 4640 corresponden-

295 4649 365 4712 tias
396 4651 628 4742 conscriptum
660 4661 735 4732 est;
769 4657 807 4714 et
839 4651 1166 4737 correspondentiae
1195 4659 1276 4718 sunt
1305 4649 1421 4737 quoad
