3424 5368
339 681 400 752 1⁶6
687 685 892 742 smmum
914 685 1113 740 suosmet

334 874 466 948 potest,
491 859 583 948 quod
607 857 780 926 internum
807 857 920 925 lateat
942 857 1087 925 interius
1120 858 1155 925 in
1188 881 1286 940 sono,
1309 859 1466 950 loquela,

334 961 419 1024 facie
450 969 486 1024 et
516 967 621 1042 gestu
644 955 795 1031 externi,
819 965 856 1020 et
887 955 980 1039 quod
1002 953 1069 1020 hoc
1093 976 1165 1021 non
1187 959 1396 1043 percipiatur
1417 962 1469 1028 ab

334 1054 529 1120 hominibus
548 1054 583 1117 in
603 1053 733 1116 mundo
751 1049 911 1126 naturali,
929 1049 991 1114 sed
1010 1051 1192 1117 manifeste
1211 1054 1256 1118 ab
1273 1055 1409 1140 angelis
1427 1059 1465 1122 in

334 1151 462 1214 mundo
481 1147 658 1234 spirituali.

397 1259 490 1330 225.
521 1244 578 1308 Ex
609 1244 662 1307 his
692 1260 782 1306 nunc
812 1250 924 1325 patet,
955 1243 1047 1326 quod
1079 1241 1199 1320 homo,
1230 1245 1394 1330 quamdiu
1427 1249 1465 1312 in

334 1342 463 1405 mundo
483 1341 630 1404 naturali
654 1339 751 1415 vivit,
771 1337 913 1402 immitti
934 1339 1043 1422 possit
1066 1338 1100 1402 in
1125 1341 1331 1424 sapientiam
1349 1363 1463 1408 rerum

332 1435 572 1519 spiritualium,
593 1446 629 1500 et
649 1453 784 1518 quoque
807 1434 840 1496 in
864 1453 1017 1496 amorem
1037 1433 1192 1514 illarum;
1219 1446 1257 1500 et
1280 1439 1371 1520 quod
1394 1438 1462 1504 hoc

332 1531 391 1596 fiat
410 1549 452 1597 ac
472 1530 542 1595 lieri
562 1531 671 1613 possit
691 1540 763 1592 tam
780 1529 871 1610 apud
891 1528 970 1592 illos
988 1530 1044 1611 qui
1065 1550 1158 1595 mere
1175 1533 1350 1597 naturales
1369 1545 1463 1611 sunt,

332 1644 435 1710 quam
453 1628 543 1712 apud
563 1626 641 1690 illos
660 1626 717 1709 qui
736 1623 952 1706 spirituales;
976 1625 1037 1688 sed
1056 1645 1134 1689 cum
1154 1625 1356 1702 differentia,
1370 1631 1463 1713 quod

331 1723 366 1786 hi
389 1743 450 1808 per
468 1722 527 1786 illa
545 1721 783 1795 reformentur,
804 1729 840 1782 et
864 1720 956 1803 quod
976 1719 1024 1782 illi
1044 1740 1105 1802 per
1123 1722 1245 1786 eadem
1266 1743 1336 1787 non
1355 1724 1462 1789 refor-

333 1829 479 1882 mentur.
525 1817 630 1898 Apud
660 1815 725 1880 hos
754 1816 860 1879 etiam
884 1824 1001 1899 potest
1024 1835 1190 1899 apparere
1221 1820 1311 1883 sicut
1341 1829 1462 1885 ament

331 1915 558 1998 sapientiam;
582 1913 643 1976 sed
663 1931 732 1975 non
752 1910 852 1975 aliter
868 1921 987 1975 amant
1006 1911 1114 1988 illam,
1132 1931 1234 1995 quam
1255 1914 1344 1979 sicut
1362 1915 1461 1980 adul·

331 2019 385 2073 ter
414 2019 508 2073 amat
539 2008 700 2071 feminam
730 2007 882 2071 nobilem
913 2009 1003 2071 sicut
1033 2009 1261 2083 meretricem,
1286 2029 1364 2074 cum
1393 2032 1463 2095 qua

331 2103 459 2169 blande
479 2105 640 2187 loquitur,
661 2123 701 2166 ac
725 2104 779 2166 cui
803 2103 863 2166 dat
882 2113 999 2167 vestes
1019 2104 1163 2180 decoris,
1184 2103 1228 2169 de
1252 2125 1319 2187 qua
1341 2114 1461 2170 tamen

331 2202 425 2266 domi
440 2219 557 2265 secum
574 2201 720 2282 cogitat,
738 2199 830 2282 quod
851 2218 919 2262 non
939 2201 984 2264 sit
1003 2200 1067 2262 nisi
1086 2219 1188 2282 quam
1208 2200 1276 2264 vile
1295 2213 1460 2278 scortum,

331 2297 384 2361 cui
406 2296 530 2361 faciam
550 2295 690 2360 credere
710 2295 802 2378 quod
822 2312 948 2370 amem,
969 2295 1048 2378 quia
1070 2295 1163 2359 iavet
1188 2295 1319 2360 libidini
1338 2316 1460 2375 meae;

330 2400 366 2456 at
389 2395 418 2457 si
441 2413 510 2458 non
533 2392 675 2466 faveret,
696 2387 880 2472 rejedturus
903 2409 1026 2453 essem.
1073 2389 1236 2454 Internus
1260 2391 1331 2474 ejus
1353 2390 1462 2456 bomo

330 2498 384 2552 est
404 2489 540 2552 adulter
558 2487 627 2560 ille,
649 2496 685 2550 et
705 2487 860 2549 externis
880 2483 950 2566 ejus
970 2485 1075 2548 homo
1094 2496 1149 2550 est
1169 2486 1296 2550 semina
1314 2487 1384 2550 illa.

393 2583 491 2648 226·
523 2583 586 2666 (ii.)
613 2581 711 2661 Quod
729 2582 763 2645 si
790 2581 884 2644 tomo
902 2591 1021 2662 postea
1046 2581 1090 2644 ab
1113 2580 1184 2645 illis
1208 2582 1338 2658 recedit,
1361 2593 1395 2646 et
1421 2582 1461 2646 in

329 2678 534 2742 contrarium
553 2678 634 2753 abit,
651 2677 812 2760 profanet
830 2675 1091 2740 santia-Sunt
1110 2678 1208 2760 plura
1226 2698 1356 2761 genera
1379 2699 1458 2762 pro·

327 2773 514 2838 sanationis
534 2769 654 2848 sandli,
676 2775 718 2835 de
742 2771 862 2854 quibus
887 2772 920 2834 in
941 2774 1099 2855 sequenti
1119 2772 1283 2852 articulo;
1306 2774 1367 2838 sed
1390 2775 1460 2840 hoc

329 2888 439 2951 genus
455 2878 509 2932 est
529 2870 679 2932 omnium
697 2869 937 2950 gravissimum
953 2889 960 2946 ;
981 2887 1060 2930 nam
1081 2869 1136 2950 qui
1156 2868 1393 2952 profanatores
1411 2892 1458 2935 ex

329 2962 395 3027 hoc
419 2984 546 3046 genere
570 2974 660 3036 sunt,
682 2975 762 3046 post
787 2973 933 3027 mortem
955 2961 1040 3027 fiunt
1065 2983 1133 3027 non
1157 2963 1315 3028 homines
1334 2967 1458 3048 magis,

328 3059 449 3124 vivunt
462 3060 611 3145 quidem,
627 3060 687 3123 sed
704 3060 868 3124 continue
885 3060 918 3123 in
935 3058 1062 3122 deliriis
1080 3059 1308 3141 phantasticis
1322 3083 1329 3138 ;
1349 3083 1455 3145 appa·

328 3166 406 3220 rent
423 3157 486 3220 sibi
503 3156 620 3220 volare
639 3157 672 3218 in
689 3155 773 3228 alto,
791 3165 826 3218 et
844 3175 921 3218 cum
938 3165 1092 3229 manent,
1112 3154 1233 3219 ludunt
1252 3177 1328 3222 cum
1346 3160 1456 3241 phan-

328 3253 435 3327 tasiis,
456 3273 540 3336 quas
560 3253 678 3316 vident
699 3252 785 3313 sicut
813 3271 867 3314 res
890 3250 1022 3328 reales;
1050 3259 1085 3314 et
1109 3251 1187 3332 quia
1212 3271 1282 3316 non
1310 3255 1458 3337 amplius

327 3347 485 3412 homines
505 3358 596 3424 sunt,
617 3369 685 3410 non
705 3357 874 3410 vocantur
893 3346 951 3410 ille
969 3357 1006 3409 et
1033 3345 1102 3422 illa,
1123 3346 1183 3409 sed
1211 3347 1318 3412 illud:
1349 3351 1458 3417 immo

327 3463 404 3507 cum
422 3446 589 3508 sistuntur
604 3443 741 3506 videndi
761 3443 794 3505 in
815 3442 891 3505 luce
907 3441 1004 3516 caeli,
1023 3452 1192 3524 apparent
1209 3444 1297 3507 sicut
1314 3446 1454 3524 sceleta,

327 3539 497 3623 quaedam
523 3548 559 3602 et
587 3537 718 3601 sceleta
740 3537 831 3600 ossei
855 3536 991 3612 coloris,
1013 3537 1183 3621 quaedam
1214 3548 1253 3601 ut
1285 3540 1398 3621 ignea,
1417 3553 1456 3607 et

326 3633 496 3715 quaedam
530 3642 567 3696 ut
602 3633 735 3695 adusta.
782 3629 884 3712 Quod
916 3630 1013 3714 hujus
1044 3633 1181 3714 generis
1212 3635 1343 3716 profani
1374 3648 1453 3719 post

327 3737 474 3790 mortem
494 3727 583 3790 tales
603 3725 697 3802 fiant,
718 3728 895 3808 ignoratur
914 3727 947 3790 in
968 3729 1107 3802 mundo,
1126 3737 1161 3791 et
1179 3729 1357 3811 ignoratur
1375 3736 1454 3817 quia

326 3843 428 3885 causa
447 3823 632 3904 ignoratur.
679 3823 759 3905 Ipsa
774 3843 878 3887 causa
896 3832 962 3897 est,
980 3824 1071 3905 quod
1090 3842 1167 3887 cum
1183 3823 1290 3889 homo
1305 3829 1452 3909 primum

326 3920 486 3999 agnoscit
506 3918 631 3981 Divina
650 3927 685 3981 et
710 3919 819 3983 credit
838 3918 908 3994 illa,
930 3928 965 3982 et
989 3929 1113 4002 postea
1132 3920 1263 3984 recedit
1286 3932 1323 3986 et
1345 3935 1452 4008 negat

325 4012 394 4087 illa,
413 4024 494 4077 tunc
515 4014 740 4076 commisceat
759 4011 879 4077 sandia
896 4014 1068 4096 profanis3
1092 4035 1180 4097 quae
1199 4017 1338 4097 quando
1356 4039 1451 4084 com·

326 4109 438 4171 mixta
454 4118 545 4184 sunt,
560 4128 629 4173 non
646 4117 791 4191 possunt
806 4108 906 4172 aliter
922 4110 1083 4194 separari,
1097 4128 1199 4195 quam
1217 4130 1278 4193 per
1294 4113 1450 4179 destruc·

324 4204 457 4267 tionem
481 4205 600 4268 totius.
645 4202 714 4267 Sed
737 4212 775 4266 ut
804 4204 891 4267 haec
916 4205 1040 4269 clarius
1064 4206 1307 4291 percipiantur,
1332 4211 1366 4272 in
1388 4230 1452 4274 suo

324 4300 443 4364 ordine
456 4299 656 4381 detegenda
668 4309 759 4375 sunt,
773 4300 829 4382 qui
845 4300 930 4366 erit:
956 4299 1017 4384 (1.)
1050 4299 1153 4384 Quod
1169 4303 1329 4386 quicquid
1344 4305 1452 4372 homo

324 4416 370 4458 ex
390 4396 571 4460 voluntate
592 4396 738 4478 cogitat,
759 4395 909 4478 loquitur
931 4406 967 4460 et
992 4397 1077 4480 agit,
1095 4399 1334 4484 approprietur
1351 4403 1393 4474 ei,
1413 4413 1451 4467 et

324 4502 513 4567 remaneat,
534 4502 605 4556 tam
625 4490 753 4556 bonum
772 4512 873 4576 quam
894 4491 1031 4556 malum.
1080 4491 1144 4577 (2.)
1178 4493 1245 4559 Sed
1265 4497 1355 4580 quod
1377 4496 1448 4562 Do·

324 4587 435 4650 minus
463 4609 523 4670 per
545 4587 705 4652 Divinam
728 4608 825 4651 suam
849 4588 1106 4652 Providentiam
1131 4589 1292 4654 continue
1315 4593 1449 4676 prospi-

324 4683 393 4747 ciat
413 4692 448 4746 et
469 4683 641 4766 disponat,
660 4693 696 4746 ut
717 4683 842 4747 malum
860 4685 904 4747 sit
924 4704 984 4767 per
1002 4704 1050 4759 se,
1071 4693 1107 4748 et
1126 4684 1253 4748 bonum
1270 4705 1330 4767 per
1348 4707 1399 4766 se,
1414 4697 1450 4753 et
