3352 5374
467 703 518 756 ou
541 703 678 754 o1v1no
700 704 847 768 anona,
868 707 962 758 unns
986 707 1100 759 v.—u.
1120 697 1191 780 365.
1336 703 1392 784 165

263 877 326 943 sed
350 876 424 961 agit
444 897 505 960 per
524 873 759 957 intelle&um;
788 887 862 942 tum
886 879 964 962 quia
987 901 1064 945 cum
1083 903 1180 947 amor
1199 884 1393 950 voluntatis

265 977 391 1040 transit
422 975 455 1037 in
479 975 684 1055 sapientiam
713 973 922 1054 intellectus,
947 979 1092 1060 primum
1123 981 1195 1045 abit
1226 983 1259 1046 in
1289 983 1391 1048 affec-

262 1075 409 1146 tionem,
434 1081 469 1135 et
493 1072 540 1134 sic
566 1072 701 1146 transit,
722 1080 758 1136 et
781 1070 917 1136 affectio
941 1094 1010 1138 non
1034 1079 1221 1159 percipitur
1245 1081 1308 1142 nisi
1331 1101 1392 1163 per

260 1169 403 1253 aliquod
427 1168 553 1250 volupe
580 1168 769 1249 cogitandi,
794 1168 957 1253 loquendi
987 1183 1024 1237 et
1050 1172 1208 1250 faciendi,
1230 1177 1272 1238 ad
1298 1178 1390 1258 quod

262 1287 333 1331 non
357 1265 569 1330 attenditur:
600 1264 692 1347 quod
714 1274 833 1330 tamen
855 1266 937 1330 inde
959 1269 1015 1344 sit,
1035 1280 1133 1352 patet
1157 1291 1203 1334 ex
1222 1291 1275 1346 eo,
1297 1274 1389 1356 quod

260 1366 405 1447 quisque
432 1361 518 1427 velit
548 1362 641 1446 quod
670 1372 776 1439 amat,
801 1372 837 1428 et
867 1365 959 1447 quod
989 1386 1060 1430 non
1083 1367 1167 1433 velit
1197 1369 1289 1452 quod
1319 1391 1390 1434 non

260 1470 367 1526 amat.

324 1561 428 1644 365·
463 1555 526 1641 (ii.)
554 1555 652 1636 Quod
664 1557 738 1621 vita
755 1556 899 1624 lromr'm's
917 1557 953 1624 in
971 1559 1152 1643 prrircrpiis
1174 1562 1222 1627 sit
1242 1564 1278 1627 in
1300 1586 1388 1629 cere·

262 1657 345 1730 brrssr,
372 1665 404 1720 et
428 1656 464 1719 in
489 1655 709 1738 princr'pr'atis
736 1655 771 1718 in
800 1659 1032 1738 corpora-In
1063 1657 1235 1742 principiis
1265 1672 1320 1726 est
1351 1664 1386 1727 in

261 1756 378 1840 primis
397 1755 477 1830 suis,
497 1762 533 1817 et
557 1753 590 1816 in
611 1754 823 1836 principiatis
843 1763 897 1820 est
920 1757 953 1819 in
978 1755 1152 1838 productis
1172 1770 1208 1822 et
1231 1760 1388 1826 formatis

258 1876 281 1919 a
299 1853 437 1938 primis;
470 1861 506 1915 et
523 1871 585 1934 per
606 1851 712 1914 vitam
736 1853 769 1916 in
792 1853 968 1935 principiis
991 1855 1199 1938 intelligitur
1223 1857 1387 1923 voluntas

258 1963 297 2017 et
319 1947 528 2016 intellectus.
575 1949 672 2013 Haec
696 1950 776 2014 bina
806 1960 898 2028 sunt,
918 1973 1006 2035 quae
1029 1952 1063 2015 in
1088 1953 1235 2018 cerebris
1258 1955 1293 2019 in
1316 1959 1386 2021 suis

258 2049 434 2133 principiis
457 2056 547 2124 sunt,
570 2058 607 2111 et
630 2047 664 2110 in
688 2067 834 2131 corpore
857 2050 891 2112 in
915 2050 984 2113 suis
1014 2051 1236 2134 principiatis.
1282 2051 1386 2135 Quod

258 2147 425 2231 principia
440 2167 500 2210 seu
512 2145 622 2229 prima
634 2146 728 2210 vitae
741 2147 810 2211 sint
822 2147 856 2209 in
869 2147 1030 2224 cerebris,
1045 2149 1306 2234 constat-(1.)
1328 2151 1385 2215 Ex

257 2248 336 2330 ipso
355 2265 469 2320 sensu,
489 2244 581 2328 quod
604 2244 686 2307 dum
709 2243 815 2308 homo
833 2245 984 2310 intendit
1005 2258 1158 2310 mentem
1178 2257 1214 2311 et
1238 2250 1383 2330 cogitat,

257 2345 426 2428 percipiat
456 2363 493 2405 se
523 2342 557 2405 in
590 2342 732 2406 cerebro
764 2343 943 2424 cogitare;
977 2343 1122 2408 intrabit
1159 2345 1248 2408 sicut
1274 2347 1383 2410 visum

257 2443 360 2516 oculi,
383 2461 423 2507 ac
447 2439 595 2504 frontem
616 2449 715 2502 tenet
737 2439 924 2513 intensam,
947 2448 983 2503 et
1007 2441 1152 2523 percipit
1176 2443 1265 2525 quod
1290 2444 1384 2507 intus

257 2542 304 2605 sit
326 2537 530 2624 speculatio,
548 2537 699 2599 maxime
719 2538 811 2601 intra
830 2537 989 2612 frontem,
1010 2547 1047 2601 et
1070 2537 1198 2621 aliquid
1216 2541 1381 2621 superius.

260 2637 321 2720 (2.)
347 2636 403 2700 Ex
423 2635 628 2698 formatione
646 2633 795 2698 hominis
810 2635 844 2696 in
863 2643 982 2714 utero;
1013 2635 1104 2717 quod
1125 2637 1304 2700 cerebrum
1323 2657 1384 2701 seu

256 2743 362 2819 caput
385 2733 431 2797 sit
453 2733 609 2816 primuni,
633 2739 670 2794 et
692 2731 784 2815 quod
812 2730 896 2794 illud
920 2731 977 2795 diu
1000 2743 1124 2815 postea
1153 2735 1317 2816 grandius
1339 2735 1385 2797 sit

256 2853 412 2916 corpore.
459 2827 521 2913 (3.)
546 2827 649 2910 Quod
672 2839 777 2911 caput
800 2830 844 2893 sit
868 2849 982 2912 supra,
1001 2840 1039 2895 et
1063 2851 1186 2914 corpus
1209 2832 1314 2912 infra;
1346 2842 1383 2896 et

256 2930 445 2996 secundum
465 2927 621 2991 ordinem
640 2937 705 3002 est,
726 2938 764 2991 ut
784 2928 958 3011 superiora
976 2939 1085 3012 agant
1104 2930 1137 2994 in
1158 2930 1325 3008 inferiora,
1346 2941 1383 2995 et

256 3050 328 3093 non
346 3027 507 3090 uicissim.
551 3022 615 3108 (4.)
639 3022 743 3106 Quod
766 3025 860 3089 laeso
885 3026 1037 3101 cerebro,
1058 3025 1113 3094 vel
1136 3029 1170 3092 in
1195 3037 1305 3102 utero,
1326 3027 1383 3091 vel

256 3149 304 3191 ex
322 3124 474 3199 vulnere,
494 3123 550 3187 vel
568 3144 614 3187 ex
634 3122 765 3199 morbo,
786 3121 842 3187 vel
866 3144 911 3187 ex
936 3125 1038 3188 nimia
1057 3127 1264 3200 intensione,
1286 3127 1382 3205 cogi-

257 3225 348 3290 tatio
367 3218 601 3295 labesadietun
614 3231 650 3284 et
667 3222 873 3305 quandoque
894 3241 991 3285 mens
1011 3221 1144 3287 deliret.
1192 3221 1254 3304 (5.)
1279 3219 1382 3303 Quod

255 3343 379 3386 omnes
408 3339 528 3382 sensus
557 3321 695 3386 externi
726 3319 891 3401 corporis,
918 3319 973 3401 qui
1002 3331 1082 3384 sunt
1105 3322 1207 3390 visus,
1233 3321 1381 3392 auditus,

255 3417 415 3490 olfactus,
435 3427 568 3503 gustus
590 3435 751 3480 unacum
769 3436 872 3480 sensu
893 3416 1075 3479 universali
1099 3417 1155 3500 qui
1178 3427 1232 3480 est
1257 3415 1381 3486 tadius,

256 3530 332 3583 tum
355 3517 461 3579 etiam
484 3513 633 3596 loquela,
659 3515 729 3577 sint
754 3515 788 3577 in
813 3514 984 3577 anteriore
1014 3522 1113 3594 parte
1140 3516 1275 3597 capitis,
1296 3534 1383 3595 quae

255 3626 402 3680 vocatur
434 3612 549 3687 facies,
583 3631 623 3674 ac
659 3612 857 3675 immediate
893 3629 953 3694 per
987 3609 1088 3677 fibras
1122 3630 1199 3674 cum
1234 3612 1383 3675 cerebris

255 3713 514 3778 communicent
538 3729 578 3772 ac
602 3711 712 3772 vitam
735 3727 831 3773 suam
856 3710 1059 3773 sensitivam
1078 3718 1114 3774 et
1134 3707 1279 3773 activam
1304 3709 1383 3772 inde

257 3811 409 3877 trahant.
457 3807 517 3885 (6.)
543 3807 628 3872 Inde
648 3817 712 3882 est,
737 3809 828 3889 quod
849 3807 1049 3871 affectiones
1073 3828 1160 3888 quae
1183 3819 1264 3870 sunt
1287 3825 1383 3870 amo-

257 3912 304 3974 ris
332 3910 365 3972 in
389 3908 535 3989 quadam
560 3905 673 3989 effigie
697 3917 887 3988 appareant
912 3909 945 3969 in
970 3906 1080 3984 sacie3
1113 3914 1149 3970 et
1172 3904 1263 3986 quod
1287 3905 1384 3985 cogi·

257 4010 412 4073 tationes
435 4027 522 4090 quae
545 4015 625 4068 sunt
655 4005 846 4087 sapientiae
864 4006 902 4068 'in
931 4005 1078 4087 quadam
1102 4002 1178 4066 luce
1208 4002 1241 4064 in
1265 4002 1384 4065 oculis.

259 4104 322 4190 (7.)
347 4105 403 4168 Ex
431 4116 594 4168 anatome
614 4104 719 4169 etiam
739 4104 852 4174 scitur,
873 4104 963 4184 quod
985 4119 1106 4164 omnes
1127 4098 1233 4163 fibrae
1251 4121 1270 4164 e
1289 4119 1383 4162 cere·

257 4203 327 4267 bris
353 4223 412 4283 per
436 4203 605 4268 cervicem
632 4203 665 4266 in
693 4221 815 4288 corpus
837 4201 1065 4275 descendant,
1091 4208 1128 4262 et
1155 4217 1224 4261 non
1251 4196 1385 4277 aliquae

256 4323 278 4365 e
305 4321 447 4381 corpore
478 4321 539 4382 per
568 4301 737 4364 cervicem
768 4300 802 4362 in
834 4299 974 4362 cerebra
1009 4295 1222 4360 ascendant:
1262 4302 1297 4357 et
1329 4293 1386 4357 ubi

257 4397 364 4463 fibrae
391 4399 425 4460 in
454 4398 522 4462 suis
551 4397 725 4482 principiis
755 4417 795 4460 ac
828 4395 944 4476 primis
973 4402 1064 4470 sunt,
1089 4392 1136 4457 ibi
1167 4399 1221 4456 est
1251 4391 1323 4455 vita
1352 4391 1386 4454 in

258 4498 330 4562 suis
340 4495 514 4582 principiis
533 4514 572 4558 ac
593 4495 719 4574 primis.
765 4491 851 4576 Quis
868 4493 1018 4557 sustinet
1038 4510 1177 4572 negare,
1193 4490 1274 4575 quin
1290 4487 1388 4570 origo

259 4597 353 4660 vitae
379 4595 424 4659 sit
449 4593 505 4657 ubi
529 4592 626 4676 origo
652 4591 836 4658 fibrarum?
884 4590 896 4656 i
900 4591 945 4672 8.)
975 4591 1039 4655 Dic
1060 4586 1161 4653 alicui
1181 4586 1237 4673 qui
1255 4587 1290 4652 in
1305 4589 1387 4670 'per-

258 4693 424 4776 ceptione
446 4689 621 4755 communi
643 4698 707 4767 est,
734 4687 909 4754 “Ubinam
939 4696 993 4751 est
1022 4685 1206 4769 cogitatio,
1230 4694 1290 4749 aut
1315 4684 1390 4747 ubi·
