3424 5368
529 674 580 726 ns
602 675 741 727 mvnvs
764 668 1211 732 rn0v1na1vr1n.-u.262.
1376 687 1438 736 211

307 859 433 916 matre.
480 863 537 925 [5.]
568 845 626 911 Ex
648 847 726 912 idea
744 849 910 933 impressa
932 851 975 916 de
993 851 1157 917 Humano
1180 853 1330 931 Domini,
1348 857 1441 940 quod

311 945 423 1010 simile
446 944 547 1009 suerit
578 944 729 1008 humano
753 945 894 1010 alterius
921 945 1083 1025 hominis,
1107 946 1322 1027 factumest,
1347 951 1442 1034 quod

313 1040 529 1105 Christianus
551 1059 655 1123 aegre
679 1041 789 1123 possit
814 1040 937 1105 adduci
961 1043 1004 1106 ad
1029 1044 1254 1126 cogitandum
1277 1044 1444 1110 Divinum

311 1137 515 1212 Humanum,
541 1138 676 1202 etiamsi
701 1138 873 1203 diceretur
896 1140 987 1222 quod
1012 1141 1125 1205 anima
1149 1161 1209 1204 seu
1232 1144 1305 1205 vita
1328 1143 1444 1224 Ipsius

313 1257 334 1300 a
356 1236 586 1316 conceptione
609 1235 709 1300 suerit
729 1247 764 1300 et
789 1237 832 1301 sit
865 1236 943 1319 Ipse
973 1237 1138 1319 Jehovah.
1185 1238 1320 1322 Collige
1350 1261 1442 1304 nunc

313 1332 476 1406 rationes,
496 1340 532 1395 et
556 1332 728 1413 expende,
753 1351 834 1396 num
857 1332 943 1397 alius
971 1334 1065 1397 Deus
1088 1336 1236 1399 universi
1266 1336 1311 1400 sit
1338 1355 1442 1419 quam

314 1426 414 1491 Solus
434 1427 613 1502 Dominus,
631 1427 665 1490 in
682 1448 749 1510 quo
766 1429 882 1512 Ipsum
902 1429 1065 1493 Divinum
1081 1452 1102 1494 a
1121 1453 1188 1514 quo
1201 1441 1255 1495 est
1268 1431 1360 1513 quod
1379 1452 1443 1495 vo·

313 1533 411 1587 catur
436 1523 548 1598 Pater,
566 1522 728 1586 Divinum
753 1522 953 1588 Humanum
977 1525 1068 1608 quod
1092 1536 1237 1590 vocatur
1261 1526 1378 1600 Filius,
1404 1537 1441 1590 et

314 1621 476 1685 Divinum
500 1621 691 1702 procedens
714 1621 806 1704 quod
822 1633 969 1688 vocatur
992 1621 1138 1705 Spiritus
1157 1621 1314 1699 Sanetus,
1333 1634 1368 1687 et
1391 1625 1440 1688 sic

314 1717 405 1802 quod
422 1716 516 1779 Deus
529 1737 615 1780 unus
634 1718 679 1781 sit
697 1717 848 1782 Persona
862 1727 899 1782 et
915 1718 1089 1795 Essentia,
1110 1729 1147 1782 et
1163 1720 1255 1803 quod
1275 1719 1332 1783 ille
1346 1719 1441 1782 Deus

314 1813 358 1876 sit
379 1812 557 1875 Dominus.
604 1825 662 1885 [6.]
690 1810 724 1875 Si
743 1813 853 1876 instas
878 1814 1035 1890 dicendo,
1056 1815 1148 1896 quod
1169 1814 1248 1897 Ipse
1272 1813 1443 1877 Dominus

315 1907 542 1971 nominaverit
559 1905 645 1969 Tres
664 1907 754 1990 apud
772 1907 993 1984 Matthaeum,

364 2033 489 2082 ''Euntes
507 2041 534 2082 et
554 2032 703 2095 discipulos
721 2032 801 2082 lacite
819 2047 915 2082 omnes
932 2043 1037 2095 gentes,
1051 2035 1220 2098 baptizantes
1234 2049 1282 2084 eos
1297 2035 1325 2083 in
1341 2049 1444 2084 nornen

447 2098 543 2156 Patris,
557 2095 618 2148 Filii
630 2106 658 2147 et
670 2097 785 2161 Spiritus
798 2096 890 2148 Sancti
899 2098 913 2119 ”
925 2099 1027 2160 (xxviii.
1039 2101 1079 2162 19)
1091 2115 1097 2161 ;

314 2216 374 2280 sed
395 2215 485 2298 quod
506 2215 571 2278 hoc
592 2215 729 2290 dixerit,
750 2225 789 2278 ut
805 2216 950 2279 sciretur
961 2216 1053 2298 quod
1076 2217 1110 2279 in
1128 2216 1209 2299 ipso
1229 2237 1317 2280 nunc
1334 2217 1442 2299 glori·

314 2311 415 2375 ficato
443 2310 568 2373 Divina
593 2307 742 2373 Trinitas
770 2319 876 2386 esset,
901 2319 1000 2391 patet
1030 2333 1050 2374 a
1072 2331 1173 2375 versu
1199 2312 1356 2394 proxime
1379 2331 1443 2374 an·

314 2407 500 2471 tecedente
518 2414 555 2469 et
575 2407 732 2488 proxime
748 2415 915 2489 sequente
925 2406 991 2485 ibi;
1012 2407 1046 2469 in
1058 2427 1157 2470 versu
1174 2407 1331 2487 proxime
1343 2417 1444 2470 ante·

314 2503 461 2567 cedente
485 2501 580 2577 dicit,
601 2501 692 2583 quod
717 2501 786 2584 Ipsi
805 2502 887 2564 data
909 2501 954 2564 sit
973 2501 1084 2563 omnis
1107 2510 1267 2583 potestas
1290 2502 1446 2566 incaelo

315 2609 350 2663 et
380 2601 414 2663 in
441 2608 553 2662 terra:
588 2606 625 2660 et
651 2597 685 2659 in
713 2615 813 2660 versu
846 2597 1004 2680 proxime
1032 2605 1198 2680 sequente
1225 2596 1318 2671 dicit,
1349 2598 1444 2680 quod

316 2694 395 2777 Ipse
415 2713 492 2757 cum
519 2692 587 2756 illis
610 2701 703 2756 esset
728 2713 835 2775 usque
858 2693 901 2756 ad
929 2692 1275 2756 comsummationem
1303 2694 1445 2771 saeculi,

314 2791 365 2854 ita
382 2790 425 2852 de
450 2787 493 2852 Se
513 2786 607 2863 Solo,
629 2797 665 2851 et
688 2808 758 2852 non
777 2788 821 2851 de
841 2786 975 2852 Tribus.
1012 2801 1069 2862 [7.]
1103 2786 1202 2852 Nunc
1219 2791 1262 2852 ad
1282 2788 1444 2852 Divinam

316 2885 582 2960 Providentiam,
617 2902 676 2947 cur
705 2885 910 2965 permiserit,
946 2881 1037 2966 quod
1071 2881 1259 2948 Christiani
1286 2883 1444 2950 colerent

316 2980 429 3045 Deum
448 2999 552 3043 unum
571 2979 635 3042 sub
658 2978 768 3043 tribus
788 2978 957 3054 Personis,
978 2977 1070 3060 quod
1093 2990 1159 3055 est,
1185 2990 1256 3044 tres
1280 2979 1385 3055 Deos,
1405 2989 1443 3045 et

315 3075 381 3140 huc
406 3096 513 3159 usque
537 3075 757 3148 nesciverint,
783 3076 875 3157 quod
907 3073 1000 3136 Deus
1033 3093 1118 3136 unus
1153 3076 1198 3138 sit
1223 3074 1372 3138 Persona
1405 3084 1445 3140 et

315 3170 479 3236 Essentia
502 3171 622 3252 inquo
639 3168 803 3244 Trinitas,
823 3179 859 3234 et
883 3169 972 3251 quod
993 3167 1050 3230 ille
1071 3166 1164 3231 Deus
1184 3171 1228 3233 sit
1252 3169 1444 3250 Dominus;

315 3287 385 3331 non
404 3267 439 3330 in
455 3286 560 3328 causa
583 3272 637 3328 est
662 3263 832 3327 Dominus
851 3265 911 3327 sed
935 3264 1008 3345 ipse
1027 3261 1155 3341 homo;
1185 3263 1354 3328 Dominus
1378 3266 1443 3328 do·

315 3363 385 3426 cuit
422 3361 456 3424 id
484 3360 665 3424 manifeste
694 3361 728 3423 in
759 3380 821 3422 suo
851 3358 980 3433 Verb0,
1001 3368 1039 3421 ut
1066 3369 1226 3424 constare
1251 3369 1370 3442 potest
1395 3381 1442 3424 ex

315 3461 473 3523 omnibus
497 3458 563 3522 illis
584 3457 679 3533 locis,
704 3479 792 3541 quae
815 3458 848 3520 in
867 3456 1032 3520 Doctrina
1054 3456 1172 3520 Novae
1192 3456 1446 3539 Hierosolymae

315 3556 355 3619 de
379 3555 533 3630 Domino,
558 3552 708 3618 addueta
732 3565 835 3632 sunt;
866 3565 901 3618 et
925 3575 1061 3636 quoque
1083 3554 1200 3616 docuit
1223 3553 1257 3616 in
1287 3552 1444 3619 doetrina

315 3654 466 3716 omnium
486 3650 720 3725 ecclesiarum,
740 3651 773 3714 in
793 3671 859 3734 qua
878 3660 942 3726 est,
961 3650 1051 3732 quod
1071 3650 1231 3713 Divinum
1252 3659 1288 3713 et
1309 3649 1441 3715 Huma-

315 3769 395 3812 num
416 3748 527 3830 Ipsius
540 3767 610 3811 non
630 3748 699 3810 sint
716 3745 795 3821 duo,
806 3747 867 3809 sed
881 3767 948 3809 una
962 3746 1113 3811 Persona
1126 3747 1220 3809 unita
1230 3747 1318 3810 sicut
1328 3749 1444 3812 anima

314 3854 350 3908 et
374 3862 515 3925 corpus:
542 3855 600 3915 [8.]
624 3853 661 3904 at
684 3841 774 3924 quod
799 3840 961 3904 Divinum
986 3851 1021 3905 et
1047 3840 1245 3905 Humanum
1264 3842 1443 3906 diviserint

314 3948 351 4002 et
371 3939 533 4002 Divinum
553 3937 697 4001 iecerint
715 3937 859 4020 aequale
875 3937 1001 4001 Divino
1011 3937 1162 4020 Jehovae
1176 3937 1296 4012 Patris,
1310 3947 1346 4001 et
1365 3937 1442 4001 Hu-

315 4053 454 4098 manum
470 4032 613 4115 aequale
625 4032 777 4097 humano
790 4033 928 4097 alterius
938 4032 1099 4108 hominis,
1112 4042 1187 4096 erat
1207 4034 1315 4116 prima
1327 4053 1442 4108 causa,

315 4131 394 4214 quia
409 4129 557 4193 ecclesia
573 4139 654 4211 post
666 4139 780 4193 ortum
798 4129 869 4211 ejus
888 4129 1036 4192 descivit
1046 4131 1081 4193 in
1099 4127 1338 4210 Babyloniam,
1355 4149 1444 4210 quae

314 4227 348 4290 in
368 4248 406 4291 se
432 4235 648 4309 potestatem
673 4225 835 4288 Divinam
866 4224 1004 4288 Domini
1030 4223 1230 4302 transtulit;
1259 4243 1375 4287 verum
1400 4245 1444 4289 ne

314 4324 483 4388 diceretur
496 4321 622 4385 Divina
641 4333 800 4404 potestas
816 4321 877 4386 sed
896 4321 1057 4394 humana,
1070 4320 1224 4384 fecerunt
1242 4313 1443 4384 Humanum

315 4419 454 4485 Domini
465 4420 576 4483 simile
588 4419 739 4483 humano
755 4418 896 4482 alterius
908 4416 1076 4488 hominis:
1102 4424 1138 4479 et
1157 4425 1291 4498 postea,
1305 4415 1446 4499 quando

314 4516 462 4580 ecclesia
493 4516 680 4581 reformata
702 4525 768 4590 est,
792 4535 831 4578 ac
862 4513 937 4577 sola
966 4510 1050 4575 fides
1080 4520 1222 4594 recepta
1251 4531 1312 4594 pro
1342 4511 1446 4574 unico

314 4614 430 4676 medio
443 4612 652 4686 salvationis,
665 4621 819 4694 quaeest
838 4619 874 4673 ut
894 4608 988 4673 Deus
1010 4608 1112 4671 Pater
1124 4608 1327 4670 misereatur
1339 4625 1442 4689 prop·

313 4718 369 4772 ter
393 4707 528 4782 Filium,
554 4727 616 4769 nec
641 4707 755 4789 potuit
776 4705 975 4769 Humanum
993 4703 1132 4766 Domini
1152 4701 1253 4764 aliter
1275 4697 1444 4781 spectari3
