3418 5370
526 693 577 743 DE
601 691 739 744 nllen
763 691 1118 743 PROVIDENTIA.-N.
1140 692 1205 762 321.
1362 699 1420 764 271

294 887 375 931 cum
400 867 493 930 omni
512 866 715 949 apparentia
739 867 827 931 sicut
852 888 897 929 ex
922 886 969 929 se.
1016 865 1071 929 Illi
1095 865 1151 949 qui
1174 885 1236 948 per
1258 867 1424 932 influxum

296 962 514 1026 instruuntur
525 962 605 1043 quid
623 963 784 1026 credituri
800 972 860 1026 aut
877 961 957 1045 quid
973 959 1093 1026 facturi
1109 963 1191 1038 sint,
1208 983 1277 1026 non
1296 965 1423 1028 instru-

296 1068 401 1120 untur
421 1079 441 1120 a
465 1057 626 1132 Domino,
652 1078 713 1121 nec
737 1059 782 1121 ab
806 1058 920 1142 aliquo
943 1057 1071 1140 angelo
1090 1057 1190 1135 caeli,
1210 1061 1271 1124 sed
1295 1081 1315 1122 a
1339 1081 1424 1144 quo·

293 1153 377 1216 dam
409 1155 526 1236 spiritu
553 1153 827 1230 EnthusiasticO,
849 1152 1106 1238 Quaqueriano,
1128 1153 1185 1218 vel
1210 1155 1424 1234 Moraviano,

293 1258 334 1314 et
349 1249 569 1313 seducuntur.
616 1247 737 1313 Omnis
756 1249 904 1313 influxus
923 1271 944 1313 a
963 1249 1115 1315 Domino
1133 1249 1172 1314 fit
1191 1270 1252 1332 per
1271 1250 1423 1316 illustra·

297 1346 430 1409 tionem
448 1343 657 1420 intellectus,
675 1355 711 1410 et
731 1365 792 1427 per
810 1343 1026 1410 affectionem
1045 1347 1128 1422 veri,
1145 1356 1181 1411 et
1201 1368 1261 1430 per
1279 1347 1369 1412 hanc
1390 1351 1424 1412 in

297 1444 402 1507 illam.
450 1451 507 1510 [4.]
548 1442 763 1507 Secundum:
801 1443 899 1521 Quod
926 1445 1060 1507 credere
1092 1453 1125 1507 et
1158 1445 1305 1527 cogitare
1340 1447 1426 1511 sicut

295 1539 425 1603 veritas
447 1547 509 1614 est,
533 1539 623 1621 quad
641 1560 736 1602 omne
757 1538 876 1602 bonum
898 1549 931 1602 et
952 1560 1068 1603 verum
1090 1539 1138 1603 sit
1170 1561 1192 1603 a
1213 1540 1365 1617 Domina,
1386 1561 1425 1605 ac

291 1656 389 1699 amne
406 1634 531 1699 malum
549 1645 582 1698 ct
594 1634 730 1715 salsum
748 1634 791 1698 ab
813 1635 955 1714 inferna,
975 1645 1144 1717 appareat
1161 1636 1247 1698 sa'cut
1264 1636 1421 1718 impassi-

294 1731 386 1806 aile,·
408 1751 480 1794 cum
496 1740 606 1794 tamen
622 1731 662 1794 ia
675 1740 727 1794 est
741 1752 818 1794 vare
834 1730 1018 1795 humanum
1034 1741 1067 1794 et
1088 1731 1166 1794 inde
1182 1731 1424 1813 angelram—

293 1825 446 1891 Credere
479 1836 515 1890 et
550 1828 706 1909 cogitare
736 1826 829 1909 quod
863 1848 965 1890 omne
996 1828 1125 1891 bonum
1159 1837 1194 1891 et
1230 1848 1348 1890 verum
1378 1830 1424 1893 sit

292 1942 318 1986 a
336 1922 424 1997 Deo,
442 1932 586 2006 apparet
606 1921 782 2004 possibile,
800 1923 906 1986 modo
924 1942 994 1985 non
1011 1922 1138 2005 aliquid
1159 1921 1250 1986 ultra
1268 1923 1422 2003 dicatur;

293 2038 401 2082 causa
424 2028 490 2092 est,
515 2018 594 2100 quia
617 2027 670 2081 est
694 2020 882 2082 secundum
905 2018 1008 2081 fidem
1032 2017 1281 2100 theologicam,
1302 2031 1424 2083 contra

292 2133 400 2196 quam
423 2132 493 2176 non
521 2113 604 2177 licet
629 2114 797 2195 cogitare.
843 2112 895 2178 At
925 2115 1066 2178 credere
1090 2123 1126 2177 et
1151 2115 1307 2195 cogitare
1331 2115 1423 2198 quod

293 2229 399 2273 omne
423 2207 552 2272 malum
581 2218 617 2272 et
650 2208 773 2272 salsum
803 2210 848 2273 sit
880 2229 926 2272 ex
957 2210 1100 2284 inferno,
1125 2221 1270 2292 apparet
1294 2211 1422 2292 impos·

293 2304 407 2380 sibile,
432 2303 513 2389 quia
541 2305 589 2367 sic
621 2305 725 2368 etiam
757 2306 963 2381 crederetur,
988 2305 1080 2388 quod
1108 2303 1214 2368 homo
1236 2304 1320 2368 nihil
1343 2327 1423 2388 pos·

293 2410 350 2464 set
363 2401 531 2483 cogitare.
576 2398 644 2464 Sed
662 2421 767 2483 usque
780 2402 916 2482 cogitat
933 2399 1038 2464 homo
1051 2401 1140 2464 sicut
1156 2422 1202 2464 ex
1219 2421 1266 2476 se,
1282 2403 1424 2466 tametsi

292 2516 343 2560 ex
362 2495 514 2577 infern03
538 2496 618 2579 quia
637 2494 806 2558 Dominus
824 2495 885 2559 dat
909 2497 1026 2570 cuivis,
1047 2495 1139 2579 quod
1159 2497 1340 2578 cogitatio,
1360 2517 1423 2561 un·

292 2591 476 2676 docunque
492 2591 549 2668 sit,
566 2601 732 2673 appareat
749 2591 783 2654 in
800 2591 861 2656 illo
877 2591 965 2654 sicut
982 2611 1064 2668 sua;
1088 2590 1215 2674 alioqui
1232 2591 1336 2655 homo
1353 2612 1423 2656 non

296 2687 427 2751 viveret
451 2688 567 2762 homo,
594 2706 657 2750 nec
681 2695 801 2768 posset
825 2686 924 2750 educi
948 2707 992 2749 ex
1017 2686 1160 2760 inferno,
1185 2706 1225 2749 ac
1250 2687 1424 2753 introduci

295 2779 331 2845 in
354 2783 499 2859 caelum,
524 2782 590 2846 hoc
614 2792 680 2856 est,
701 2782 950 2857 reformari,ut
974 2782 1093 2845 multis
1117 2803 1220 2865 supra
1242 2793 1423 2848 ostensum

292 2887 360 2942 est.
407 2886 465 2945 lod
496 2876 613 2961 Quare
632 2879 738 2942 etiam
759 2877 927 2940 Dominus
946 2878 1006 2941 dat
1026 2877 1158 2942 homini
1177 2879 1264 2942 scire
1283 2889 1319 2944 et
1342 2879 1423 2944 inde

293 2975 452 3056 cogitare
469 2975 560 3058 quod
580 2975 614 3036 in
630 2974 764 3037 inferno
779 2974 824 3037 sit
842 2973 869 3036 si
888 2974 923 3036 in
941 2973 1043 3048 male,
1062 2985 1097 3038 et
1117 2975 1209 3058 quod
1228 2996 1274 3038 ex
1291 2975 1423 3038 inferno

292 3071 431 3152 cogitet
454 3070 483 3132 si
506 3090 551 3133 ex
575 3068 688 3147 malo;
712 3079 749 3132 et
772 3089 909 3152 quoque
932 3068 994 3133 dat
1017 3071 1171 3151 cogitare
1191 3071 1315 3145 media,
1336 3091 1422 3152 quo·

293 3166 402 3228 modo
420 3165 529 3248 possit
548 3164 592 3226 ab
611 3163 743 3227 inferno
761 3164 868 3239 exire,
886 3173 922 3228 et
942 3184 1011 3227 non
1031 3166 1186 3246 cogitare
1205 3187 1251 3228 ex
1271 3165 1342 3240 illo,
1360 3164 1423 3228 sed

293 3262 412 3323 venire
435 3261 467 3322 in
488 3258 622 3323 caelum
646 3268 681 3322 et
703 3259 749 3322 ibi
769 3260 926 3340 cogitare
950 3281 996 3324 ex
1021 3259 1196 3340 Domino;
1227 3273 1263 3324 et
1286 3281 1422 3343 quoque

292 3356 358 3419 dat
381 3356 510 3419 homini
533 3354 678 3418 liberum
697 3352 886 3419 electionis.
934 3355 990 3418 Ex
1015 3355 1136 3438 quibus
1159 3356 1267 3419 videri
1291 3365 1421 3437 potest,

292 3452 388 3535 quod
408 3451 513 3513 homo
533 3453 642 3532 possit
663 3451 818 3533 cogitare
837 3449 966 3514 malum
987 3460 1023 3514 et
1047 3450 1169 3514 salsum
1190 3451 1279 3514 sicut
1303 3471 1348 3513 ex
1372 3471 1421 3527 se,

292 3557 333 3612 et
351 3567 486 3630 quoque
505 3547 660 3628 cogitare
679 3545 771 3629 quod
790 3545 824 3609 id
843 3556 878 3610 et
898 3545 982 3609 illud
1002 3547 1047 3610 sit
1067 3545 1194 3609 malum
1214 3557 1250 3609 et
1274 3545 1421 3625 salsum;

293 3643 440 3726 proinde
470 3641 561 3724 quod
591 3641 638 3706 sit
666 3641 773 3706 modo
791 3643 993 3723 apparentia
1012 3641 1103 3724 quod
1133 3661 1154 3704 a
1183 3662 1232 3717 se,
1253 3643 1326 3704 sine
1356 3662 1423 3725 qua

293 3737 401 3802 homo
420 3757 489 3800 non
513 3736 602 3801 foret
621 3737 736 3801 homo.
782 3735 898 3818 lpsum
917 3735 1105 3800 humanum
1124 3747 1160 3801 et
1188 3737 1268 3800 inde
1286 3734 1421 3818 angeli·

294 3853 373 3898 cum
397 3844 453 3897 est
480 3833 636 3915 cogitare
663 3853 710 3896 ex
739 3831 908 3909 veritate;
939 3841 974 3894 et
1000 3831 1066 3895 hoc
1090 3833 1219 3896 veritas
1241 3841 1308 3907 est,
1330 3831 1421 3914 quod

296 3929 401 3993 homo
430 3947 499 3992 non
526 3929 662 4010 cogitet
691 3949 737 3992 ex
767 3949 816 4002 se,
836 3927 897 3990 sed
921 3926 1012 4010 quod
1039 3927 1070 3991 ei
1088 3927 1190 3992 detur
1218 3948 1241 3992 a
1270 3927 1422 3990 Domino

292 4027 461 4108 cogitare,
489 4025 523 4087 in
554 4025 648 4087 omni
678 4024 883 4106 apparentia
914 4033 950 4086 ut
982 4043 1028 4086 ex
1059 4043 1106 4086 se.
1154 4029 1212 4089 lod
1242 4021 1420 4086 Tertium:

294 4120 396 4199 Quod
412 4121 463 4184 ita
483 4118 614 4183 credere
634 4127 668 4183 et
691 4119 843 4200 cogitare
864 4118 913 4182 sit
937 4117 1148 4201 impassibile
1168 4116 1240 4182 illis
1270 4117 1332 4201 qui
1358 4137 1421 4179 nan

291 4226 479 4300 agnoscant
495 4215 657 4279 Divinum
672 4214 817 4290 Domini,
838 4226 870 4279 et
892 4215 953 4298 qui
964 4236 1027 4278 nan
1044 4225 1229 4297 agnoscunt
1243 4213 1336 4278 mala
1350 4235 1423 4278 esse

287 4323 448 4396 paccatas
470 4321 503 4376 et
519 4310 611 4395 quad
618 4310 781 4393 passibile
796 4311 844 4374 sit
861 4310 934 4374 illis
949 4311 1011 4394 qui
1022 4311 1086 4374 dua
1105 4310 1167 4374 illa
1181 4320 1422 4393 agnoscunt.—

295 4407 397 4491 Quod
424 4407 458 4471 id
481 4407 695 4490 impossibile
715 4408 759 4472 sit
783 4407 925 4491 illisqui
953 4427 1021 4470 non
1040 4417 1238 4489 agnoscunt
1258 4406 1420 4468 Divinum

295 4503 447 4580 Domini,
467 4514 522 4569 est
549 4505 627 4587 quia
650 4504 744 4567 solus
766 4503 935 4568 Dominus
956 4505 1016 4567 dat
1041 4503 1172 4568 homini
1200 4503 1355 4583 cogitare
1384 4512 1420 4564 et

291 4601 408 4680 velle;
433 4610 469 4664 et
487 4601 543 4683 qui
563 4621 632 4664 non
649 4609 842 4682 agnoscunt
859 4599 1021 4664 Divinum
1039 4598 1189 4676 Domini,
1208 4596 1257 4661 illi
1277 4593 1421 4679 sejuncti

290 4698 339 4760 ab
359 4696 442 4779 lpso
460 4696 603 4760 credunt
632 4695 724 4778 quod
750 4697 910 4777 cogitent
937 4717 957 4760 a
983 4715 1030 4759 se.
1077 4691 1179 4778 Quod
1206 4691 1420 4777 impossibile
