3410 5382
354 659 396 742 96
705 671 908 724 SAPIENTIA
932 672 1128 726 ANGELICA

352 855 425 910 tum
450 845 609 931 priorem,
633 845 667 910 in
691 865 759 930 quo
783 866 902 929 parum
930 847 958 910 si
985 848 1165 932 quicquam
1189 849 1410 932 cogitaverat
1436 853 1479 920 de

353 940 439 1016 Deo,
460 942 560 1006 redit.
585 940 701 1006 Aliter
724 941 774 1004 illi
797 941 854 1025 qui
877 943 912 1005 in
935 950 1031 1007 statu
1048 943 1155 1008 libero
1178 945 1270 1027 prius
1293 947 1479 1014 timuerunt

352 1037 475 1101 Deum.
521 1037 584 1102 Per
600 1038 722 1103 timere
739 1036 851 1102 Deum
871 1037 1079 1122 intelligitur
1094 1040 1217 1105 timere
1237 1040 1354 1124 Ipsum
1372 1042 1479 1109 offen·

351 1134 444 1212 dere,
472 1154 512 1198 ac
542 1135 659 1219 Ipsum
691 1132 865 1200 offendere
893 1144 947 1198 est
975 1153 1139 1217 peccare,·
1173 1145 1210 1201 et
1236 1137 1302 1203 hoc
1331 1149 1479 1205 nonest

351 1232 484 1296 timoris
506 1232 568 1295 sed
591 1240 646 1296 est
669 1232 815 1310 amoris;
845 1229 1002 1314 quisnam
1026 1232 1082 1315 qui
1104 1231 1255 1316 aliquem
1278 1244 1386 1311 amat,
1408 1256 1476 1300 non

350 1329 450 1393 timet
466 1330 497 1392 ei
514 1326 743 1392 malefacere?
768 1335 805 1392 et
821 1346 890 1410 quo
905 1325 982 1410 plus
999 1336 1094 1392 amat
1113 1348 1156 1392 eo
1174 1327 1251 1410 plus
1266 1329 1333 1394 hoc
1353 1330 1481 1395 timet?

352 1423 496 1509 Absque
515 1425 581 1489 hoc
602 1425 726 1488 timore
746 1433 800 1487 est
818 1441 916 1487 amor
935 1421 1083 1487 insulsus
1102 1433 1139 1488 et
1158 1434 1349 1505 cutaneus;
1375 1426 1479 1490 solius

352 1522 577 1603 cogitationis
604 1532 640 1584 et
671 1519 796 1584 nullius
824 1519 1025 1583 voluntatis.
1071 1519 1135 1584 Per
1161 1529 1276 1585 status
1303 1521 1480 1586 infortunii

351 1616 594 1700 intelliguntur
613 1624 727 1680 status
748 1615 1001 1698 desperationis
1017 1636 1063 1678 ex
1080 1615 1250 1697 periculis,
1269 1618 1358 1681 utin
1382 1637 1479 1699 prae-

353 1713 417 1788 liis,
438 1713 584 1790 duelliis,
602 1712 797 1795 naufragiis,
817 1711 980 1793 lapsibus,
1001 1712 1179 1789 incendiis,
1200 1713 1402 1777 imminente
1421 1724 1480 1777 aut

352 1811 530 1893 inopinata
542 1805 675 1891 jadtura
691 1826 806 1891 opum,
823 1817 897 1872 tum
914 1807 1063 1870 muneris
1080 1815 1116 1870 et
1132 1807 1212 1871 inde
1228 1807 1381 1884 honoriS,
1395 1818 1431 1873 et
1447 1810 1480 1872 in

353 1905 520 1969 similibus
543 1903 630 1968 aliis.
675 1904 715 1966 In
734 1903 788 1967 his
806 1901 890 1968 solis
909 1903 951 1966 de
975 1901 1051 1966 Deo
1075 1903 1243 1984 cogitare,
1263 1923 1333 1968 non
1354 1914 1409 1968 est
1433 1925 1477 1967 ex

354 1999 441 2076 Deo,
463 2000 524 2065 sed
544 2019 589 2064 ex
610 2007 741 2064 semet:
765 2008 819 2064 est
836 1999 928 2063 enim
947 2008 1031 2063 tunc
1051 2018 1149 2063 mens
1168 1999 1202 2062 in
1221 2019 1365 2082 corpore
1384 2000 1481 2084 quasi

352 2097 579 2171 incarcerata,
604 2095 653 2159 ita
671 2095 792 2158 nonin
811 2094 985 2170 libertate,
1007 2105 1043 2158 et
1065 2094 1146 2159 inde
1169 2095 1283 2159 necin
1302 2095 1480 2160 rationali·

352 2201 441 2271 tate,
462 2195 534 2257 sine
554 2189 676 2274 quibus
693 2210 762 2255 non
781 2191 883 2254 datur
903 2191 1112 2255 reformatio.

417 2303 509 2372 141.
540 2285 642 2369 Quod
662 2305 765 2351 nemo
783 2287 986 2352 reformetur
1004 2286 1038 2350 in
1054 2295 1147 2350 statu
1162 2285 1392 2367 aegritudinis
1408 2286 1481 2350 ani·

352 2385 409 2463 mi,
429 2395 484 2449 est
503 2385 582 2468 quia
601 2384 785 2466 aegritudo
803 2383 907 2446 animi
926 2381 1020 2447 tollit
1039 2381 1327 2458 rationalitatem,
1348 2393 1385 2446 et
1404 2383 1482 2447 inde

353 2482 497 2546 liberum
516 2480 644 2563 agendi
660 2479 848 2544 secundum
861 2479 1052 2557 rationem3
1073 2487 1127 2542 est
1146 2479 1238 2542 enim
1258 2495 1357 2542 mens
1376 2498 1482 2561 aegra

353 2587 389 2643 et
407 2599 476 2642 non
492 2597 588 2653 sana,
609 2587 646 2640 et
665 2596 762 2640 mens
782 2596 867 2639 sana
881 2583 937 2640 est
957 2573 1145 2649 rationalis,
1166 2594 1234 2638 non
1250 2583 1369 2639 autem
1385 2595 1484 2640 mens

353 2693 467 2756 aegra.
513 2672 619 2736 Tales
646 2672 882 2753 aegritudines
909 2680 989 2734 sunt
1012 2668 1276 2746 melancholiae,
1300 2673 1482 2735 conscien-

353 2769 423 2832 tiae
454 2768 588 2850 spuriae
619 2777 655 2831 et
685 2767 802 2843 falsae,
833 2765 1036 2850 phantasiae
1060 2766 1145 2829 varii
1168 2766 1317 2847 generis,
1343 2767 1484 2832 dolores

352 2865 458 2928 animi
473 2884 519 2927 ex
535 2861 738 2938 infortuniis,
757 2864 957 2926 anxietates
973 2869 1009 2926 et
1025 2879 1175 2942 angores
1192 2862 1318 2926 mentis
1334 2883 1381 2926 ex
1396 2864 1484 2928 vitio

352 2959 518 3042 corporis,
545 2978 633 3041 quae
658 2959 863 3041 quandoque
892 2967 1097 3040 reputantur
1126 2977 1189 3040 pro
1216 2959 1482 3037 tentationibus,

352 3058 414 3121 sed
434 3075 502 3118 non
522 3064 625 3134 sunt;
649 3055 728 3139 quia
747 3054 918 3136 genuinae
938 3053 1156 3117 tentationes
1175 3072 1237 3135 pro
1256 3051 1400 3135 objectis
1420 3055 1481 3119 ha·

352 3153 437 3217 bent
456 3149 657 3235 spiritualia,
677 3159 713 3214 et
735 3151 770 3214 in
788 3148 841 3213 his
860 3167 958 3214 mens
978 3149 1080 3230 sapit,
1101 3157 1138 3212 at
1157 3147 1238 3213 illae
1257 3169 1319 3232 pro
1339 3148 1483 3232 objediis

350 3248 483 3313 habent
503 3245 684 3323 naturalia,
704 3255 740 3310 et
759 3247 794 3310 in
813 3245 866 3309 his
886 3264 983 3309 mens
1002 3245 1141 3308 insanit.

416 3357 509 3428 142·
544 3340 646 3425 Quod
670 3361 773 3407 nemo
796 3339 1001 3405 reformetur
1024 3341 1058 3403 in
1077 3349 1171 3403 statu
1190 3337 1302 3403 morbi
1318 3342 1480 3425 corpon's,

350 3450 411 3505 est
425 3440 504 3522 quia
527 3438 616 3502 ratio
639 3449 722 3502 tunc
747 3458 815 3501 non
839 3437 950 3500 estin
977 3444 1074 3499 statu
1098 3433 1215 3510 libero,
1240 3435 1371 3517 pendet
1390 3437 1480 3500 enim

351 3545 465 3600 status
478 3535 605 3598 mentis
617 3554 637 3597 a
649 3543 743 3598 statu
756 3531 917 3615 corporis.
952 3529 1038 3595 Cum
1052 3550 1174 3612 corpus
1187 3540 1361 3612 aegrotat,
1375 3533 1479 3595 etiam

352 3651 450 3694 mens
466 3637 635 3712 aegrotat,
650 3630 759 3692 sinon
773 3628 885 3703 aliter,
900 3647 1007 3708 usque
1020 3647 1065 3689 ex
1079 3625 1273 3688 remotione
1292 3646 1312 3688 a
1328 3628 1478 3703 mundo;

351 3745 431 3790 nam
452 3744 549 3808 mens
568 3733 703 3788 remota
725 3744 746 3787 a
770 3723 899 3787 mundo
923 3722 1058 3804 cogitat
1079 3720 1217 3804 quidem
1241 3720 1285 3784 de
1309 3719 1397 3796 Deo,
1417 3721 1478 3784 sed

351 3843 420 3888 non
451 3845 471 3886 a
499 3821 585 3898 Deo,
615 3844 684 3887 non
711 3824 802 3888 enim
830 3834 883 3889 est
913 3822 948 3886 in
980 3820 1088 3883 libero
1116 3816 1270 3881 rationis.
1315 3815 1477 3881 Liberum

349 3919 494 3983 rationis
513 3929 567 3984 est
586 3919 716 3983 homini
735 3941 780 3982 ex
801 3941 854 3993 eo,
872 3917 963 4002 quod
983 3917 1027 3978 sit
1047 3915 1080 3976 in
1100 3911 1216 3975 medio
1235 3911 1325 3976 inter
1344 3911 1478 3978 caelum

350 4026 387 4080 et
406 4017 581 4092 mundum,
602 4027 638 4081 et
658 4016 750 4100 quod
768 4016 877 4099 possit
897 4035 942 4078 ex
963 4012 1061 4077 caelo
1081 4009 1239 4090 cogitare
1258 4016 1295 4072 et
1314 4027 1360 4072 ex
1379 4025 1477 4072 mun·

350 4115 419 4194 d0;
453 4123 526 4178 tum
554 4136 598 4178 ex
629 4112 728 4179 caelo
759 4115 801 4177 de
834 4112 973 4186 mundo,
998 4119 1034 4174 et
1061 4129 1106 4171 ex
1136 4103 1265 4167 mundo
1294 4104 1338 4168 de
1367 4104 1475 4168 caelo.

351 4210 501 4296 Quando
519 4215 636 4298 itaque
655 4211 762 4277 homo
785 4211 819 4275 in
842 4208 963 4273 morbo
983 4217 1048 4282 est,
1069 4215 1106 4269 et
1129 4200 1263 4283 cogitat
1286 4199 1330 4264 de
1353 4212 1475 4276 morte,

349 4330 389 4374 ac
407 4312 450 4375 de
466 4319 563 4376 statu
582 4331 663 4374 suae
683 4311 816 4373 animae
832 4315 912 4389 post
931 4312 1092 4379 mortem,
1111 4309 1193 4365 tunc
1210 4316 1279 4360 non
1299 4295 1477 4358 inmundo

349 4420 415 4486 est,
436 4417 472 4473 et
496 4418 550 4473 est
574 4401 768 4472 abstraous
790 4403 920 4485 spiritu,
938 4401 1056 4484 inquo
1079 4406 1176 4461 statu
1200 4393 1276 4458 solo
1299 4409 1402 4455 nemo
1423 4410 1475 4454 re·

348 4507 486 4573 formari
510 4513 649 4588 potest;
684 4501 745 4567 sed
768 4507 888 4583 potest
915 4493 1119 4568 confirmari,
1145 4492 1171 4555 si
1198 4491 1289 4574 prius
1316 4505 1419 4569 quam
1442 4486 1475 4548 in

349 4605 507 4668 morbum
526 4601 657 4674 incidit,
677 4596 882 4664 reformatus
900 4605 965 4658 est.
1012 4604 1069 4666 [2.]
1103 4588 1221 4653 Simile
1242 4595 1296 4650 est
1316 4579 1476 4648 cumillis

348 4698 405 4780 qui
425 4695 589 4762 abdicant
612 4695 776 4758 mundum
800 4702 836 4758 et
855 4711 957 4757 omne
981 4687 1159 4768 negotium
1185 4685 1240 4758 ibi,
1267 4691 1303 4746 et
1327 4701 1364 4744 se
1388 4678 1476 4742 dant
