3352 5374
374 643 415 716 72
722 645 926 696 SAPIENTIA
948 645 1145 696 ANGELICA

373 835 542 880 summam
559 815 671 878 lucem
688 815 796 879 nostri
809 815 936 878 mundi.
982 811 1083 897 Quod
1100 813 1160 878 lux
1177 814 1378 898 angelorum
1394 837 1495 902 supe·

373 916 498 979 riorum
517 912 688 977 caelorum
714 933 782 977 non
808 913 954 977 describi
977 915 1098 998 possit,
1119 923 1173 978 est
1199 933 1313 991 causa,
1332 915 1412 997 quia
1434 913 1495 978 lux

374 1012 510 1077 illorum
522 1030 626 1076 unum
639 1011 721 1075 lacit
735 1031 812 1075 cum
825 1011 994 1094 sapientia
1005 1011 1142 1074 illorum
1154 1033 1162 1090 ;
1186 1021 1222 1075 et
1235 1013 1313 1095 quia
1325 1012 1496 1095 sapientia

372 1109 508 1174 illorum
521 1120 575 1174 est
585 1107 774 1193 respective
787 1110 830 1173 ad
843 1109 1046 1192 sapientiam
1057 1109 1233 1173 hominum
1245 1108 1435 1188 ineffabilis,
1446 1111 1496 1174 ita

372 1228 507 1292 quoque
524 1216 577 1273 est
594 1205 665 1271 lux.
707 1205 764 1272 Ex
781 1206 833 1271 his
849 1208 967 1290 paucis
983 1216 1143 1272 constare
1158 1217 1289 1291 potest,
1306 1207 1399 1291 quod
1414 1227 1493 1290 gra·

371 1307 436 1370 dus
451 1304 536 1370 lucis
552 1305 696 1385 dentur;
720 1315 756 1368 et
776 1304 855 1388 quia
872 1305 1042 1387 sapientia
1057 1314 1093 1368 et
1108 1323 1204 1368 amor
1219 1306 1252 1368 in
1269 1304 1370 1369 simili
1385 1305 1494 1387 gradu

371 1413 462 1481 sunt,
480 1403 701 1486 consequitur
718 1403 810 1486 quod
830 1401 959 1466 similes
977 1404 1104 1484 gradus
1123 1400 1247 1466 caloris
1265 1402 1400 1467 dentur.

435 1500 529 1584 183.
562 1499 735 1583 Quoniam
748 1500 1014 1583 atmosphaerae
1026 1510 1107 1564 sunt
1120 1498 1340 1582 receptacula
1357 1511 1392 1564 et
1409 1520 1492 1565 con·

370 1601 517 1663 tinentia
544 1599 668 1663 caloris
699 1608 734 1663 et
766 1599 862 1674 lucis,
891 1599 1043 1680 sequitur
1069 1598 1162 1681 quod
1190 1598 1338 1662 totidem
1366 1598 1493 1680 gradus

369 1695 690 1780 atmosphaerarum
710 1697 887 1780 sint,quot
906 1705 985 1759 sunt
1004 1696 1132 1778 gradus
1148 1696 1271 1760 caloris
1290 1707 1326 1760 et
1345 1695 1440 1772 lucis,
1457 1707 1493 1760 et

369 1815 504 1877 quoque
524 1795 615 1876 quod
636 1795 794 1869 totidem,
815 1803 899 1879 quot
918 1803 997 1858 sunt
1017 1794 1143 1876 gradus
1162 1795 1287 1858 amoris
1305 1803 1341 1857 et
1357 1796 1493 1876 sapien-

370 1895 451 1956 tiae.
498 1891 601 1974 Quod
618 1894 731 1973 plures
747 1891 1013 1974 atmosphaerae
1026 1894 1106 1966 sint,
1120 1902 1156 1955 et
1176 1891 1255 1956 illae
1272 1893 1362 1956 inter
1377 1913 1415 1956 se
1433 1913 1493 1975 per

370 1991 497 2072 gradus
512 1987 706 2066 distindtae,
721 1993 831 2072 patuit
849 1988 931 2053 mihi
947 2010 967 2052 a
982 1989 1068 2073 pluri
1084 1990 1299 2072 experientia
1314 1991 1348 2052 in
1366 1990 1493 2055 mundo

369 2088 556 2171 spirituali;
580 2109 626 2152 ex
642 2088 706 2151 hac
726 2089 900 2171 imprimis,
921 2087 1012 2171 quod
1032 2087 1148 2168 angeli
1166 2086 1358 2151 inferiorum
1377 2087 1491 2152 caelo·

369 2205 443 2248 rum
467 2187 501 2249 in
525 2187 666 2268 regione
685 2185 888 2268 angelorum
907 2185 1117 2268 superiorum
1138 2205 1207 2248 non
1231 2186 1365 2268 possint
1383 2187 1491 2268 respi-

368 2304 454 2360 rare,
475 2293 512 2348 et
535 2283 626 2367 quod
649 2293 841 2366 appareant
860 2283 924 2346 sibi
947 2283 1082 2347 trahere
1101 2283 1251 2346 animam
1270 2284 1358 2347 sicut
1377 2283 1491 2348 solent

369 2383 524 2446 viventia
550 2403 636 2464 quae
664 2382 708 2445 ab
735 2401 814 2445 aere
841 2381 875 2444 in
903 2380 1078 2444 aetherem
1103 2381 1292 2456 elevantur,
1317 2390 1377 2445 aut
1404 2381 1492 2445 sicut

368 2481 521 2544 viventia
540 2499 626 2562 quae
645 2478 690 2542 ab
708 2481 803 2562 aquis
822 2479 856 2542 in
875 2496 1010 2556 aerem;
1034 2480 1138 2542 etiam
1155 2479 1292 2561 spiritus
1311 2477 1395 2541 infra
1414 2497 1491 2542 cae·

369 2579 421 2642 los
441 2588 610 2661 apparent
629 2578 717 2642 sicut
739 2578 774 2641 in
797 2576 925 2640 nimbo.
970 2573 1072 2657 Quod
1095 2576 1209 2658 plures
1228 2575 1491 2659 atmosphaerae

355 2667 448 2754 ‘sint,
469 2687 505 2740 et
523 2674 602 2740 illae
621 2695 682 2760 per
699 2674 826 2758 gradus
844 2675 934 2768 inter
951 2694 989 2738 se
1008 2672 1201 2750 distinctae,
1220 2675 1376 2738 videatur
1390 2693 1491 2758 supra

369 2772 419 2850 (n.
442 2773 529 2858 176).

367 3087 483 3174 Quor>
505 3101 658 3156 cunnus
681 3101 854 3156 ourucrs
883 3102 1047 3156 seuerus
1080 3101 1178 3163 srur,
1203 3101 1355 3154 cunnus
1381 3101 1488 3154 nrm-

583 3197 740 3251 sumens
762 3199 811 3250 aa
834 3198 987 3250 cunnus
1010 3197 1268 3249 anrrromrus.

429 3371 527 3455 184.
550 3369 700 3438 Scientia
715 3373 882 3455 graduum
902 3382 955 3436 est
975 3373 1062 3435 sicut
1079 3371 1186 3435 clavis
1205 3372 1247 3436 ad
1268 3372 1488 3454 aperiendum

365 3491 487 3535 causas
497 3488 619 3544 rerum,
631 3480 667 3534 et
680 3469 723 3533 ad
736 3470 933 3534 intrandum
946 3471 978 3532 in
993 3469 1079 3532 illas.
1120 3470 1264 3552 Absque
1274 3470 1334 3534 illa
1345 3471 1490 3535 scientia

365 3569 425 3632 vix
448 3567 577 3650 aliquid
601 3587 724 3631 causae
743 3579 861 3649 potest
881 3566 976 3644 sciri;
1007 3564 1142 3648 objedta
1165 3569 1255 3630 enim
1279 3577 1314 3631 et
1337 3566 1490 3651 subjecta

365 3667 539 3749 utriusque
553 3665 669 3728 mundi
684 3666 812 3749 absque
826 3665 884 3728 illa
897 3676 1063 3748 apparent
1077 3667 1126 3728 ita
1139 3667 1293 3740 univoca,
1305 3666 1392 3729 sicut
1405 3665 1489 3731 nihil

364 3763 432 3826 illis
451 3763 580 3826 inesset
599 3773 736 3845 praeter
757 3763 830 3826 tale
852 3764 945 3847 quod
965 3762 1065 3826 oculo
1084 3763 1314 3844 conspicitur;
1338 3783 1415 3828 cum
1434 3773 1487 3828 ta·

365 3880 444 3925 men
468 3860 502 3924 id
533 3858 724 3942 respedtive
747 3862 790 3924 ad
822 3860 881 3924 illa
904 3881 991 3944 quae
1015 3862 1157 3924 interius
1180 3859 1303 3935 latent,
1324 3870 1377 3925 est
1400 3863 1488 3926 sicut

365 3976 468 4022 unum
487 3957 531 4022 ad
555 3958 673 4034 millia,
694 3959 799 4021 immo
822 3959 866 4022 ad
890 3958 1070 4040 myriades.
1116 3957 1285 4022 Interiora
1307 3978 1395 4042 quae
1418 3978 1487 4023 non

364 4064 499 4141 patent,
531 4057 729 4139 neutiquam
759 4057 862 4139 retigi
892 4066 1048 4139 possunt,
1073 4057 1137 4120 nisi
1166 4057 1318 4121 sciantur
1340 4056 1486 4138 gradus:

364 4155 496 4219 vadunt
512 4154 602 4217 enim
618 4155 793 4218 exteriora
808 4155 852 4217 ad
871 4155 1043 4229 interiora,
1061 4163 1097 4218 et
1116 4173 1176 4235 per
1191 4152 1276 4218 haec
1292 4153 1336 4218 ad
1354 4153 1486 4231 intima,

363 4273 425 4334 per
440 4252 585 4336 gradus;
610 4271 678 4315 non
696 4273 756 4335 per
771 4253 897 4334 gradus
913 4252 1109 4328 continuos,
1126 4252 1186 4316 sed
1204 4271 1264 4334 per
1275 4251 1403 4336 gradus
1418 4251 1487 4316 dis·

362 4361 488 4415 cretos.
534 4349 669 4415 Gradus
685 4351 837 4414 continui
853 4359 1020 4414 vocantur
1035 4350 1258 4415 decrementa
1275 4358 1335 4414 aut
1350 4350 1487 4415 decres-

362 4449 497 4512 centiae
514 4468 534 4512 a
550 4448 707 4512 crassiori
723 4448 766 4511 ad
784 4449 930 4523 tenuius,
944 4468 1005 4511 seu
1020 4468 1040 4511 a
1056 4447 1205 4512 densiori
1221 4447 1265 4512 ad
1281 4447 1409 4528 rarius;
1432 4444 1487 4512 vel

363 4547 478 4628 potius
494 4546 581 4610 sicut
594 4547 806 4609 incrementa
822 4556 857 4609 et
874 4546 1122 4609 increscentiae
1138 4567 1158 4609 a
1174 4545 1320 4610 tenuiori
1335 4546 1379 4609 ad
1395 4565 1486 4610 cras·

363 4645 443 4718 sius,
465 4665 524 4707 seu
547 4663 567 4707 a
593 4644 710 4706 rariori
733 4643 776 4706 ad
806 4643 954 4719 densius,
979 4662 1116 4725 prorsus
1140 4644 1228 4707 sicut
1250 4653 1305 4708 est
1328 4641 1413 4708 lucis
1442 4643 1487 4708 ad
