3418 5368
349 655 409 722 194
691 646 895 699 semanim
917 647 1116 699 ANGELICA

343 821 469 907 gentis,
488 828 527 886 et
546 817 654 904 majus
676 839 736 904 per
759 817 858 904 leges
879 821 1059 903 gentium;
1083 830 1119 886 et
1142 822 1235 907 quod
1258 833 1332 888 tam
1356 823 1470 890 minus

343 938 446 1004 quam
472 915 580 999 majus
603 937 683 980 suas
705 915 803 999 leges
822 916 906 981 velit
931 919 1137 1000 transgredi,
1158 920 1220 984 sed
1242 921 1334 1004 quod
1357 922 1470 986 minus

344 1035 413 1079 non
430 1015 553 1097 possit,
566 1023 602 1077 et
619 1013 710 1097 quod
727 1013 834 1095 majus
851 1014 972 1095 possit,
986 1022 1023 1077 at
1039 1035 1144 1098 usque
1162 1036 1231 1079 non
1251 1017 1342 1080 ultra
1358 1018 1469 1099 possi·

343 1110 422 1175 bile.
469 1121 526 1186 [3.]
558 1105 660 1190 Quod
679 1107 773 1173 bella
791 1107 931 1190 majora,
951 1111 1031 1193 quia
1046 1113 1140 1175 unita
1158 1121 1240 1176 sunt
1258 1131 1337 1177 cum
1356 1112 1469 1175 homi-

343 1207 452 1282 cidiis,
473 1203 1017 1287 depraedationibus,violentiis,
1042 1216 1078 1270 et
1102 1208 1265 1284 saevitiis,
1285 1227 1355 1271 non
1378 1207 1468 1271 inhi-

342 1301 491 1367 beantur
509 1321 529 1364 a
545 1298 695 1363 Domino
711 1299 802 1382 apud
820 1319 921 1382 reges
940 1309 975 1364 et
996 1301 1112 1377 duces,
1133 1322 1202 1365 non
1221 1303 1254 1364 in
1275 1303 1383 1379 initio,
1404 1322 1469 1366 nec

343 1399 378 1462 in
398 1395 652 1482 progressione,
672 1394 733 1460 sed
753 1395 787 1458 in
806 1393 884 1471 fine,
904 1395 985 1458 dum
1004 1398 1163 1480 potentia
1182 1399 1280 1462 unius
1299 1409 1358 1462 aut
1378 1398 1468 1462 alte-

343 1494 411 1558 rius
435 1495 485 1558 ita
511 1491 662 1556 invalida
687 1486 777 1554 aaa
801 1499 865 1566 est,
890 1500 927 1557 ut
953 1493 984 1555 ei
1008 1492 1195 1574 periculum
1218 1495 1380 1558 interitus
1403 1495 1468 1557 im-

343 1590 487 1664 mineat,
516 1597 596 1650 sunt
627 1586 742 1668 plures
773 1606 907 1662 causae,
936 1608 1023 1670 quae
1059 1589 1091 1651 in
1126 1589 1291 1653 thesauro
1321 1588 1469 1654 Divinae

344 1683 541 1769 Sapientiae
560 1683 762 1746 reconditae
785 1693 885 1760 sunt;
909 1704 954 1745 cx
974 1683 1094 1765 quibus
1114 1683 1249 1767 aliquae
1269 1685 1349 1747 mihi
1369 1705 1468 1748 reve·

345 1782 437 1844 latae
455 1789 534 1843 sunt
551 1801 557 1856 ;
582 1779 671 1842 inter
689 1798 773 1861 quas
792 1778 878 1841 haec
896 1790 972 1842 est:
996 1780 1088 1861 quod
1104 1781 1220 1843 omnia
1239 1778 1340 1855 bella,
1358 1799 1467 1863 quan-

345 1878 473 1938 tumvis
489 1874 603 1937 civilia
618 1885 709 1948 sunt,
729 1875 798 1937 sint
817 1875 1113 1955 repraesentativa
1128 1885 1280 1939 statuum
1299 1873 1469 1938 ecclesiae

261 1983 264 1987 '
345 1973 378 2033 in
407 1970 516 2044 caelO,
542 1981 578 2032 et
606 1970 698 2052 quod
726 1970 1056 2051 correspondentiae
1081 1971 1162 2034 sint,
1206 1969 1306 2033 Talia
1332 1969 1469 2034 luerunt

345 2066 461 2130 omnia
480 2063 574 2128 bella
589 2065 622 2127 in
643 2060 761 2127 Verbo
780 2064 965 2146 descripta,
986 2075 1022 2129 et
1041 2085 1176 2149 quoque
1193 2065 1278 2129 talia
1296 2077 1377 2129 sunt
1392 2085 1468 2129 om·

346 2164 401 2226 nia
421 2161 514 2226 bella
537 2159 651 2224 hodie.
698 2153 796 2223 Bella
815 2162 848 2223 in
868 2160 987 2225 Verbo
1006 2162 1183 2243 descripta
1205 2154 1284 2225 sunt
1303 2161 1362 2225 illa
1381 2183 1469 2244 quae

345 2257 403 2321 lilii
420 2256 557 2320 Israelis
581 2275 658 2319 cum
678 2257 778 2318 variis
801 2256 977 2338 gentibus,
998 2265 1034 2319 ut
1054 2276 1130 2319 cum
1152 2256 1359 2329 Emorraeis,
1380 2257 1468 2320 Am·

345 2354 497 2426 monitis,
516 2350 692 2425 Moabitis,
710 2351 914 2424 Philistaeis,
934 2351 1039 2433 Syris,
1057 2352 1255 2434 Aegyptiis,
1273 2349 1469 2430 Chaldaeis,

346 2448 511 2530 Assyriis,
528 2456 731 2529 gesserunt;
756 2457 792 2511 et
812 2466 888 2510 cum
905 2447 965 2510 filii
984 2446 1134 2521 Israelis,
1155 2449 1211 2530 qui
1229 2457 1470 2530 repraesenta·

344 2554 469 2609 verunt
493 2541 686 2617 ecclesiam,
706 2553 923 2608 recesserunt
942 2564 962 2605 a
980 2543 1175 2625 praeceptis
1198 2552 1234 2607 et
1258 2545 1412 2619 statutis,
1433 2553 1471 2610 et

345 2639 433 2724 lapsi
453 2650 533 2703 sunt
556 2641 590 2702 in
614 2639 717 2714 mala,
741 2659 828 2724 quae
848 2659 908 2723 per
926 2649 1050 2720 gentes
1073 2638 1151 2702 illas
1174 2637 1469 2721 significabantur,

346 2738 556 2820 unaquaevis
576 2737 666 2798 enirn
685 2757 772 2819 gens
793 2755 868 2799 cum
889 2756 955 2818 qua
972 2734 1030 2797 lilii
1047 2734 1185 2799 Israelis
1204 2735 1336 2800 bellum
1349 2756 1470 2818 gesse·

345 2843 438 2906 runt,
459 2831 677 2913 significabat
696 2831 835 2914 aliquod
855 2850 964 2912 genus
985 2830 1076 2904 mali,
1095 2839 1177 2893 tunc
1198 2829 1368 2911 perillam
1384 2851 1470 2912 gen-

345 2936 419 2990 tem
435 2928 545 3010 puniti
562 2937 652 2989 sunt.
699 2926 814 3002 Prout,
832 2946 909 2990 cum
930 2924 1150 3008 profanarent
1166 2923 1287 2989 sancta
1302 2926 1472 2992 ecclesiae

346 3043 407 3106 per
425 3023 543 3086 foedas
567 3021 793 3096 idololatrias,
814 3023 922 3104 puniti
941 3031 1020 3086 sunt
1043 3041 1104 3104 per
1122 3019 1287 3102 Assyrios
1305 3030 1342 3085 et
1366 3019 1471 3086 Chal·

346 3119 465 3196 daeos,
485 3119 648 3202 quoniam
672 3138 732 3199 per
755 3117 937 3198 Assyriam
961 3127 997 3180 et
1020 3114 1234 3181 Chaldaeam
1257 3114 1473 3200 significatur

346 3215 540 3298 profanatio
560 3211 678 3278 sancti.
726 3211 817 3294 Quid
838 3233 897 3294 per
916 3213 1008 3276 bella
1027 3233 1105 3277 cum
1124 3212 1321 3277 Philistaeis
1340 3211 1471 3294 signifi·

347 3320 464 3374 catum
489 3321 555 3384 est,
582 3311 739 3373 videatur
767 3310 800 3371 in
824 3308 987 3371 Dollrina
1013 3307 1131 3372 Novae
1155 3307 1407 3389 Hierosolymae
1432 3306 1475 3370 de

346 3406 433 3470 Fide
461 3406 508 3485 (n.
535 3404 663 3487 50-54).
710 3409 767 3468 [4.]
799 3401 931 3467 Similia
957 3414 1259 3487 repraesentantur
1290 3423 1350 3484 per
1379 3403 1472 3465 bella

347 3502 462 3572 hodie,
485 3501 675 3583 ubicunque
695 3509 799 3576 sunt;
824 3501 940 3562 omnia
956 3502 1045 3564 enim
1066 3521 1152 3583 quae
1172 3501 1205 3562 in
1225 3499 1354 3562 mundo
1370 3509 1471 3561 natu·

347 3597 410 3661 rali
426 3597 523 3670 liunt,
542 3596 816 3677 correspondent
836 3597 1069 3678 spiritualibus
1089 3597 1122 3658 in
1143 3596 1270 3659 mundo
1289 3595 1470 3678 spirituali,

347 3703 384 3756 et
402 3693 516 3756 omnia
536 3691 725 3773 spiritualia
744 3705 958 3755 concernunt
978 3691 1170 3755 ecclesiam.
1216 3690 1295 3753 Non
1314 3691 1421 3754 scitur
1436 3691 1471 3752 in

347 3789 413 3851 hoc
443 3788 581 3862 mundo,
602 3806 770 3868 quaenam
799 3807 906 3869 regna
927 3788 960 3850 in
988 3789 1069 3850 orbe
1097 3785 1295 3851 Christiano
1321 3785 1472 3850 referunt

348 3881 524 3946 Moabitas
550 3890 585 3945 et
607 3882 841 3956 Ammonitas
865 3901 1036 3966 quaenam
1063 3881 1167 3963 Syros
1190 3893 1226 3944 et
1252 3881 1472 3955 philistaeos,

347 3988 384 4042 et
403 3998 573 4062 quaenam
596 3977 793 4044 Chaldaeos
816 3989 852 4042 et
876 3978 1051 4060 Assyrios,
1072 3989 1108 4043 et
1130 3978 1279 4061 reliquos
1302 3997 1379 4040 cum
1398 3977 1473 4059 qui·

347 4076 411 4138 bus
435 4074 493 4138 filii
516 4075 653 4140 Israelis
676 4075 769 4141 bella
792 4085 997 4157 gesserunt;
1031 4085 1068 4138 at
1091 4095 1198 4157 usque
1221 4082 1300 4136 sunt
1318 4073 1375 4156 qui
1394 4073 1474 4135 illos

347 4170 509 4234 referunt.
556 4171 622 4252 Sed
655 4171 765 4255 qualis
793 4171 940 4234 ecclesia
970 4171 1082 4233 estin
1109 4170 1219 4245 terris,
1240 4179 1275 4232 et
1303 4187 1472 4251 quaenam

347 4268 439 4331 mala
459 4278 538 4330 sunt
559 4271 591 4331 in
612 4291 698 4353 quae
715 4269 852 4344 labitur,
870 4277 904 4330 et
923 4277 1063 4350 propter
1081 4286 1167 4348 quae
1187 4285 1246 4346 per
1265 4264 1358 4328 bella
1375 4265 1472 4346 puni-

346 4373 415 4438 tur,
433 4386 570 4447 prorsus
587 4386 655 4428 non
673 4367 779 4428 videri
798 4373 915 4447 potest
936 4365 969 4425 in
989 4361 1117 4423 mundo
1134 4360 1292 4435 naturali,
1309 4361 1472 4442 quoniam

347 4458 381 4522 in
409 4459 476 4525 hoc
505 4461 633 4525 mundo
663 4461 776 4524 solum
802 4469 951 4524 externa
981 4465 1115 4538 patent,
1136 4477 1222 4538 quae
1251 4475 1319 4519 non
1343 4455 1473 4520 iaciunt

347 4553 556 4634 ecclesiam
588 4556 649 4621 sed
671 4557 809 4620 videtur
831 4557 865 4618 in
888 4553 1018 4616 mundo
1041 4551 1221 4631 spirituali,
1245 4551 1302 4616 ubi
1324 4551 1471 4624 interna,

348 4649 385 4714 in
420 4653 543 4736 quibus
578 4653 653 4736 ipsa
687 4653 835 4718 ecclesia
867 4659 932 4728 est,
963 4658 1155 4732 apparent;
1196 4667 1237 4712 ac
1271 4647 1318 4713 ibi
1351 4667 1475 4714 omnes
