3268 5380
375 662 435 728 126
719 673 920 723 samonam
943 673 1138 722 lucanica

369 845 500 928 69-72).
546 845 592 908 Et
611 845 690 926 quia
709 843 870 908 Divinum
890 865 958 907 non
977 854 1031 907 est
1051 845 1084 907 in
1104 847 1227 927 spatio,
1247 864 1311 908 nec
1331 856 1386 910 est
1407 867 1487 910 con·

369 941 511 1010 tinuum,
532 939 621 1000 sicut
640 947 694 1000 est
710 937 864 999 intimum
885 947 1037 999 naturae.

433 1030 533 1096 286.
563 1027 665 1110 Quod
693 1028 786 1092 Deus
816 1049 884 1092 non
913 1029 1064 1110 potuerit
1091 1048 1207 1092 creare
1230 1030 1425 1094 universum
1452 1040 1484 1094 et

369 1124 486 1188 omnia
501 1121 570 1202 ejus
587 1122 649 1183 nisi
666 1130 759 1184 esset
776 1119 903 1196 Homo,
917 1122 961 1183 ab
976 1119 1197 1202 intelligente
1214 1141 1376 1204 perquam
1398 1122 1483 1186 clare

368 1215 614 1297 comprehendi
634 1223 751 1294 potest
770 1233 816 1275 ex
835 1233 887 1288 eo,
904 1212 995 1294 quod
1012 1214 1103 1294 apud
1121 1233 1159 1275 se
1178 1233 1245 1276 non
1263 1234 1391 1296 negare
1408 1235 1482 1296 pos·

369 1308 426 1382 sit,
440 1308 519 1390 quin
537 1308 568 1369 in
582 1306 658 1368 Deo
671 1308 715 1367 sit
727 1305 838 1368 Amor
850 1315 886 1368 et
897 1302 1184 1388 Sapientia,quod
1198 1307 1243 1368 sit
1254 1305 1483 1370 Misericordia

369 1409 406 1464 et
425 1397 629 1472 Clementia,
651 1408 725 1459 tum
745 1398 836 1479 quod
856 1398 901 1460 sit
919 1397 1029 1479 ipsum
1046 1397 1180 1461 Bonum
1199 1406 1235 1460 et
1252 1396 1396 1473 Verum,
1411 1399 1482 1481 quia

367 1491 429 1555 illa
447 1491 491 1553 ab
514 1489 594 1572 Ipso
617 1499 697 1552 sunt
710 1510 718 1566 ;
748 1497 784 1552 et
811 1489 890 1571 quia
912 1489 997 1552 haec
1024 1510 1093 1553 non
1121 1510 1247 1570 negare
1269 1498 1398 1570 potest,
1424 1509 1481 1552 nec

367 1591 487 1667 potest
503 1601 628 1663 negare
644 1582 724 1663 quin
741 1580 835 1644 Deus
855 1582 900 1645 sit
920 1579 1057 1660 Homo;
1082 1602 1151 1645 non
1168 1583 1258 1644 enim
1274 1581 1348 1644 dari
1367 1592 1483 1662 potest

367 1675 474 1739 ullum
492 1673 621 1736 exiliis
640 1669 852 1736 abstractum
871 1673 915 1735 ab
933 1672 1081 1748 homine,
1101 1684 1155 1737 est
1174 1675 1264 1736 enim
1280 1673 1386 1736 homo
1406 1675 1482 1737 sub·

362 1764 492 1848 jedlum
514 1783 641 1840 eorum,
662 1785 702 1827 ac
726 1785 885 1846 separare
905 1763 963 1826 illa
985 1785 1006 1827 a
1028 1785 1090 1828 suo
1111 1763 1274 1846 subjedlo,
1298 1776 1352 1828 est
1371 1767 1482 1830 dicere

367 1859 459 1941 quod
477 1873 547 1921 non
567 1857 643 1919 sint.
689 1855 816 1938 Cogita
834 1855 877 1920 de
900 1857 1081 1938 sapientia,
1101 1865 1137 1919 et
1161 1877 1250 1938 pone
1269 1856 1370 1919 illam
1384 1871 1482 1920 extra

366 1950 550 2023 hominem,
573 1968 653 2010 num
676 1959 729 2011 est
753 1947 903 2030 aliquid?
948 1947 1038 2010 Num
1062 1958 1162 2031 potes
1186 1950 1365 2030 concipere
1389 1949 1482 2012 illam

366 2050 404 2105 ut
422 2041 595 2123 quoddam
612 2041 822 2115 aethereum,
840 2039 895 2102 vel
915 2048 952 2103 ut
972 2041 1144 2122 quoddam
1160 2040 1380 2103 flammeum?
1407 2041 1481 2103 Non

366 2143 468 2216 potes
481 2133 543 2196 nisi
555 2132 643 2195 forte
660 2134 691 2194 in
705 2131 773 2195 illis
787 2153 795 2211 ;
819 2141 854 2195 et
871 2133 898 2195 si
915 2133 948 2194 in
962 2133 1039 2206 illis,
1053 2133 1118 2196 erit
1131 2133 1299 2214 sapientia
1314 2133 1347 2194 in
1365 2132 1481 2205 forma,

366 2225 475 2308 qualis
487 2233 541 2287 est
553 2225 693 2294 homini,
708 2226 772 2287 erit
786 2225 819 2286 in
836 2224 930 2287 omni
945 2223 1053 2287 forma
1069 2223 1149 2305 ejus,
1164 2245 1233 2286 non
1247 2235 1367 2306 potest
1379 2243 1482 2286 unum

366 2318 498 2392 deesse,
512 2326 550 2379 ut
569 2316 738 2398 sapientia
754 2317 799 2378 sit
815 2317 848 2378 in
866 2315 934 2378 illa.
968 2314 1097 2390 Verbo,
1110 2317 1218 2379 forma
1234 2317 1415 2398 sapentiae
1431 2325 1482 2379 est

365 2411 470 2473 homo
484 2429 492 2486 ;
512 2418 547 2470 et
562 2410 639 2489 quia
658 2407 762 2470 homo
778 2416 832 2470 est
848 2407 957 2471 forma
968 2409 1169 2490 sapientiae,
1184 2419 1238 2471 est
1254 2409 1358 2471 etiam
1374 2408 1483 2471 forma

366 2503 501 2575 amoris,
519 2500 783 2574 misericordiae,
803 2498 1021 2574 clementiae,
1038 2500 1119 2562 boni
1138 2510 1174 2563 et
1197 2501 1277 2572 veri,
1298 2502 1378 2581 quia
1397 2500 1481 2564 haec

365 2612 442 2656 cum
462 2594 629 2674 sapientia
648 2611 750 2653 unum
774 2601 893 2671 agunt.
939 2588 1041 2672 Quod
1057 2610 1153 2654 amor
1171 2600 1207 2654 et
1227 2593 1398 2673 sapientia
1415 2612 1481 2656 non

365 2684 438 2747 dari
457 2693 583 2765 queant
602 2684 663 2745 nisi
684 2684 716 2744 in
736 2682 854 2756 forma,
876 2682 1033 2745 videatur
1048 2703 1149 2764 supra
1169 2680 1216 2764 (n.
1234 2681 1368 2766 40-43).

428 2773 521 2854 287.
553 2773 655 2855 Quod
678 2794 774 2837 amor
796 2785 833 2837 et
856 2775 1027 2855 sapientia
1045 2775 1114 2840 sint
1133 2773 1248 2848 homo,
1269 2777 1375 2837 etiam
1399 2796 1482 2840 con·

364 2873 458 2930 stare
481 2876 599 2947 potest
622 2887 667 2930 ex
689 2866 823 2948 angelis
846 2865 944 2940 caeli,
968 2866 1024 2948 qui
1047 2874 1212 2946 quantum
1242 2867 1275 2927 in
1305 2885 1425 2931 amore
1450 2877 1482 2931 et

363 2957 444 3020 inde
466 2958 635 3039 sapientia
659 2978 682 3021 a
708 2957 859 3022 Domino
882 2966 973 3032 sunt,
997 2966 1134 3020 tantum
1164 2957 1197 3019 in
1228 2956 1482 3038 pulchritudine

363 3049 521 3113 homines
547 3048 664 3113 1¹¹sunt.
710 3049 805 3113 Idem
833 3059 994 3112 constare
1023 3057 1142 3130 potest
1169 3069 1215 3110 ex
1248 3069 1290 3112 eo
1323 3051 1417 3131 quod
1449 3052 1482 3114 in

364 3140 482 3205 Verbo
510 3143 634 3206 dicitur
663 3142 706 3205 de
735 3142 887 3216 Adamo,
907 3140 999 3223 quod
1029 3141 1062 3202 in
1093 3138 1351 3204 similitudinem
1380 3153 1419 3205 et
1447 3143 1481 3204 in

364 3234 549 3316 imaginem
573 3232 639 3296 Dei
662 3241 797 3297 creatus
817 3234 862 3294 sit
888 3229 1019 3314 (Genes.
1042 3231 1062 3293 i.
1085 3229 1154 3314 26),
1172 3232 1250 3313 quia
1279 3233 1313 3294 in
1336 3233 1481 3296 sormam
1585 3305 1586 3310 η

364 3327 489 3388 amoris
513 3337 548 3389 et
571 3327 771 3408 sapientiae.
812 3320 934 3387 Omnis
957 3322 1062 3385 homo
1082 3321 1214 3385 telluris
1238 3323 1271 3384 in
1294 3323 1481 3388 humanam

365 3417 507 3480 formam
531 3417 642 3498 quoad
666 3436 788 3497 corpus
816 3416 987 3492 nascitur;
1018 3433 1122 3477 causa
1150 3422 1215 3487 est,
1240 3416 1317 3497 quia
1344 3417 1481 3497 spiritus
1585 3479 1586 3498 ,

364 3508 446 3590 ejus,
461 3510 517 3590 qui
533 3510 638 3572 etiam
655 3519 798 3570 vocatur
814 3509 938 3580 anima,
954 3515 1008 3569 est
1024 3505 1149 3583 homo;
1172 3515 1208 3569 et
1223 3506 1278 3569 hic
1291 3516 1345 3569 est
1363 3507 1479 3580 homo,
1585 3513 1586 3590 l

363 3601 443 3682 quia
466 3610 519 3662 est
541 3600 750 3681 receptibilis
774 3601 900 3662 amoris
923 3607 960 3660 et
983 3597 1172 3680 sapientiae
1195 3618 1215 3660 a
1241 3596 1412 3677 Domino;
1445 3606 1481 3661 et

363 3700 529 3774 quantum
554 3691 690 3772 spiritus
713 3711 773 3753 seu
795 3693 909 3754 anima
932 3689 1080 3752 hominis
1102 3689 1235 3770 recipit,
1260 3698 1397 3752 tantum
1423 3689 1480 3753 ille
1585 3755 1586 3758 ,

363 3782 402 3845 fit
425 3781 530 3844 homo
554 3790 633 3862 post
653 3793 800 3845 mortem
825 3783 977 3865 corporis
1001 3779 1197 3855 materialis,
1222 3781 1314 3862 quod
1337 3781 1479 3844 circum·

362 3875 463 3937 duxit
477 3896 485 3950 ;
510 3884 545 3937 et
561 3882 726 3956 quantum
739 3894 808 3936 non
824 3875 957 3956 recipit,
969 3882 1106 3936 tantum
1119 3871 1157 3934 fit
1174 3883 1378 3948 monstrum,
1389 3871 1480 3954 quod
1585 3913 1586 3918 κ

361 3965 489 4048 aliquid
509 3966 656 4030 hominis
675 3986 720 4028 ex
739 3965 903 4029 facultate
922 3963 1109 4046 recipiendi
1128 3963 1243 4027 trahit.

427 4061 525 4127 288.
555 4061 727 4144 Quoniam
750 4059 843 4123 Deus
866 4071 919 4124 est
944 4059 1073 4133 Homo,
1093 4058 1170 4122 ideo
1189 4061 1383 4122 universum
1401 4079 1479 4123 cae-

364 4157 433 4221 lum
457 4158 650 4239 angelicum
679 4157 712 4220 in
743 4155 929 4237 complexu
955 4175 1058 4218 unum
1083 4153 1257 4216 hominem
1281 4154 1405 4232 refert;
1439 4174 1479 4218 ae

363 4253 448 4317 illud
475 4253 507 4314 in
531 4254 688 4333 regiones
712 4260 748 4315 et
774 4252 966 4334 provincias
990 4245 1188 4312 distindtum
1211 4259 1266 4311 est
1293 4249 1478 4312 secundum

365 4349 527 4420 membra,
547 4349 679 4410 viscera
697 4357 734 4410 et
758 4366 888 4426 organa
906 4346 1066 4409 hominis.
1113 4342 1199 4407 Sunt
1219 4345 1309 4407 enim
1329 4344 1478 4407 societa-

362 4452 418 4504 tes
438 4441 524 4503 caeli
543 4463 630 4522 quae
648 4441 777 4503 faciunt
797 4441 1007 4522 provinciam
1027 4439 1179 4502 omnium
1195 4439 1335 4512 cerebri,
1352 4448 1389 4500 et
1405 4457 1478 4500 om-

363 4537 456 4596 nium
480 4553 686 4615 organorum
710 4534 817 4608 faciei,
842 4545 915 4597 tum
939 4536 1090 4597 omnium
1113 4534 1281 4595 viscerum
1305 4533 1478 4613 corporis;

362 4649 402 4692 ac
424 4629 501 4690 illae
519 4631 713 4710 provinciae
729 4631 819 4693 inter
836 4651 873 4692 se
888 4630 1145 4711 distinguuntur
1161 4647 1298 4709 prorsus
1315 4629 1402 4690 sicut
1419 4625 1478 4690 illa
1585 4655 1586 4706 3
