3268 5380
358 645 418 694 110
713 640 916 692 SAPIENTIA
940 641 1134 692 ANGELICA

417 814 517 896 263.
550 811 601 876 At
619 831 755 893 prorsus
767 811 852 875 alius
865 820 978 875 status
995 821 1048 875 est
1062 813 1189 875 mentis
1205 812 1387 882 naturalis,
1401 834 1471 875 curn

354 929 452 972 mens
472 909 656 990 spiritualis
675 917 795 989 aperta
812 917 886 970 est:
911 909 1104 988 disponitur
1120 921 1200 972 tunc
1221 928 1318 970 mens
1338 919 1472 971 natura-

353 1005 396 1066 lis
415 1005 459 1067 ad
480 1005 681 1085 obsequium
701 1003 828 1067 mentis
849 1004 1048 1083 spiritualis,
1063 1014 1099 1066 et
1115 1004 1380 1080 subordinatum
1407 1006 1472 1085 agit

353 1101 444 1162 enim
465 1120 562 1162 mens
581 1100 772 1180 spiritualis
790 1119 811 1161 a
829 1099 993 1178 superiori
1012 1119 1072 1160 seu
1092 1099 1136 1161 ab
1154 1100 1310 1162 interiori
1329 1100 1363 1161 in
1380 1119 1473 1162 men·

353 1209 423 1260 tem
441 1196 646 1270 naturalem,
664 1216 704 1258 ac
721 1206 876 1259 removet
892 1194 952 1259 illa
968 1215 1056 1278 quae
1069 1196 1114 1258 ibi
1125 1208 1292 1275 reagunt;
1316 1207 1353 1259 et
1368 1199 1473 1278 adap-

353 1303 406 1357 tat
423 1294 486 1356 sibi
504 1293 571 1366 illa,
593 1313 680 1374 quae
703 1311 818 1355 secum
842 1292 1001 1354 similiter
1023 1302 1151 1372 agunt;
1183 1293 1264 1354 inde
1284 1295 1474 1354 successive

353 1391 485 1454 tollitur
505 1385 634 1452 read'tio
650 1408 825 1469 superans
872 1385 1056 1450 Sciendum
1073 1397 1138 1462 est,
1157 1389 1248 1468 quod
1266 1388 1298 1450 in
1316 1389 1474 1450 maximis

352 1498 388 1548 et
409 1486 556 1548 minimis
575 1484 735 1557 universi,
756 1493 827 1546 tam
846 1483 931 1544 vivis
957 1502 1058 1563 quam
1082 1485 1238 1558 mortuis,
1259 1485 1304 1546 sit
1327 1481 1419 1546 adtio
1443 1495 1474 1545 et

352 1579 499 1657 reattio;
529 1579 608 1643 inde
632 1589 685 1642 est
705 1581 857 1641 omnium
876 1578 1136 1659 aequilibrium:
1161 1579 1227 1642 hoc
1248 1579 1383 1642 tollitur
1400 1600 1473 1642 cum

352 1674 442 1740 aetio
472 1686 611 1757 superat
645 1673 864 1749 readiionem,
893 1685 928 1736 et
958 1674 1118 1736 vicissim.
1169 1673 1286 1737 Simile
1314 1686 1369 1738 est
1400 1695 1473 1738 cum

352 1781 470 1834 mente
499 1770 645 1833 naturali
670 1780 705 1833 et
730 1789 806 1833 cum
835 1779 951 1832 mente
982 1768 1157 1850 spirituali.
1204 1768 1354 1851 Quando
1379 1791 1473 1833 mens

352 1865 518 1928 naturalis
541 1886 587 1928 ex
611 1867 661 1928 sui
684 1868 809 1929 amoris
829 1864 998 1945 jucundis,
1019 1875 1055 1928 et
1079 1886 1123 1928 ex
1148 1886 1229 1928 suae
1252 1867 1474 1948 cogitationis

351 1963 515 2034 amoenis,
534 1981 620 2042 quae
647 1962 680 2023 in
701 1981 737 2024 se
756 1971 835 2024 sunt
855 1961 947 2023 mala
965 1971 1001 2024 et
1020 1960 1117 2035 falsa,
1138 1963 1223 2042 agit,
1245 1972 1326 2023 tunc
1347 1960 1473 2025 readtio

351 2057 476 2119 mentis
496 2057 661 2120 naturalis
681 2067 838 2121 removet
854 2057 914 2119 illa
930 2077 1017 2138 quae
1036 2057 1163 2118 mentis
1180 2056 1366 2137 spiritualis
1383 2069 1472 2132 sunt,

349 2171 390 2214 ac
407 2152 561 2233 obstipat
573 2152 663 2214 fores
680 2172 722 2215 ne
739 2153 883 2226 intrent,
898 2160 934 2213 et
949 2150 1032 2214 facit
1049 2161 1087 2213 ut
1103 2149 1193 2214 adtio
1209 2150 1269 2213 fiat
1285 2172 1330 2213 ex
1350 2151 1474 2215 talibus

349 2267 534 2329 quaecum
555 2243 728 2310 readtione
752 2247 822 2327 ejus
841 2246 1064 2309 concordant.
1111 2246 1165 2308 Ita
1188 2245 1226 2308 fit
1250 2244 1341 2309 aetio
1365 2257 1401 2309 et
1420 2267 1472 2310 re·

350 2341 440 2406 aflio
456 2343 580 2406 mentis
600 2343 773 2417 naturalis,
793 2363 880 2424 quae
897 2343 1058 2423 opposita
1078 2351 1131 2404 est
1151 2340 1277 2405 adtioni
1296 2352 1331 2404 et
1352 2340 1472 2406 readti·

349 2441 406 2501 oni
427 2439 554 2502 mentis
574 2437 767 2519 spiritualis.
814 2437 899 2501 Inde
918 2436 955 2500 fit
972 2436 1124 2500 occlusio
1145 2440 1272 2501 mentis
1291 2439 1473 2518 spiritualis

350 2535 437 2595 sicut
455 2535 600 2596 retorsio
616 2535 738 2614 spirae.
785 2533 835 2595 At
852 2534 879 2594 si
897 2533 1047 2612 aperitur
1064 2552 1160 2595 mens
1176 2533 1374 2615 spiritualiS,
1391 2544 1472 2596 tunc

349 2628 530 2690 invertitur
543 2625 631 2690 adiio
644 2637 680 2689 et
697 2626 825 2690 readiio
838 2627 963 2690 mentis
976 2627 1161 2691 naturalis:
1186 2629 1259 2710 agit
1272 2631 1364 2692 enim
1378 2649 1473 2693 mens

349 2721 535 2802 spiritualis
552 2744 572 2783 a
590 2723 753 2803 superiori
776 2733 835 2785 aut
859 2723 1021 2797 interiori,
1041 2733 1077 2785 et
1101 2721 1200 2786 simul
1225 2744 1284 2804 per
1307 2724 1367 2787 illa
1386 2745 1472 2808 quae

349 2817 393 2878 ad
413 2817 611 2899 obsequium
632 2816 701 2897 ejus
721 2818 891 2899 disposita
908 2828 988 2881 sunt
1007 2819 1040 2880 in
1062 2829 1179 2882 mente
1198 2820 1346 2882 naturali
1362 2820 1407 2884 ab
1422 2822 1471 2883 in-

349 2911 465 2973 teriori
485 2922 544 2976 aut
564 2913 738 2988 exteriori,
759 2923 794 2976 et
817 2923 995 2996 retorquet
1018 2913 1157 2995 spiram,
1175 2916 1209 2977 in
1225 2935 1292 2996 qua
1308 2925 1362 2979 est
1381 2913 1471 2980 attio

350 3015 387 3070 et
405 3004 535 3071 reaclio
554 3009 679 3070 mentis
699 3008 886 3086 naturalis;
911 3019 964 3072 est
986 3011 1075 3072 enim
1094 3009 1180 3073 haec
1201 3030 1298 3072 mens
1318 3032 1363 3072 ex
1383 3011 1470 3074 nati·

348 3103 459 3167 vitate
475 3105 508 3166 in
527 3105 689 3186 opposito
707 3113 830 3168 contra
845 3103 904 3167 illa
920 3126 1006 3187 quae
1026 3105 1152 3168 mentis
1169 3105 1354 3187 spiritualis
1370 3115 1469 3183 sunt;

348 3197 415 3261 hoc
440 3197 548 3262 trahit
578 3218 640 3280 per
662 3197 892 3261 hereditatem
919 3219 939 3261 a
966 3200 1176 3281 parentibus,
1197 3209 1234 3262 ut
1262 3210 1383 3263 notum
1407 3210 1470 3264 est.

349 3291 445 3356 Talis
470 3305 525 3358 est
547 3294 695 3357 mutatio
718 3302 844 3368 status,
865 3315 952 3375 quae
976 3304 1119 3357 vocatur
1141 3294 1340 3358 reformatio
1359 3305 1395 3358 et
1418 3316 1469 3358 re·

348 3390 539 3468 generatio.
584 3386 705 3450 Status
736 3389 864 3450 mentis
893 3387 1058 3450 naturalis
1083 3397 1165 3451 ante
1195 3387 1470 3452 reformationem

348 3483 539 3563 comparari
566 3492 684 3562 potest
708 3483 818 3562 spirae
844 3483 1017 3564 torquenti
1041 3503 1101 3546 seu
1125 3481 1408 3547 circumflefienti
1433 3503 1469 3546 se

349 3577 529 3653 deorsum;
553 3587 591 3639 at
611 3585 691 3656 post
713 3577 991 3641 reformationem
1016 3580 1204 3660 comparari
1223 3588 1342 3660 potest
1361 3581 1469 3660 spirae

348 3670 524 3751 torquenti
543 3690 602 3732 seu
619 3670 899 3736 circumflee‘tenti
917 3695 954 3735 se
970 3693 1122 3750 sursum;
1147 3693 1250 3754 quare
1266 3673 1371 3737 homo
1387 3685 1469 3737 ante

348 3763 626 3828 reformationem
649 3763 784 3847 spet‘tat
808 3767 968 3831 deorsum
992 3769 1036 3830 ad
1059 3768 1238 3844 infernum,
1258 3778 1294 3831 at
1320 3779 1398 3849 post
1417 3789 1468 3832 re·

347 3857 589 3922 formationem
607 3858 743 3942 spetiat
762 3881 892 3924 sursum
916 3864 960 3926 ad
980 3862 1122 3927 caelum.

348 4121 463 4205 Quon
487 4138 605 4190 omno
629 4141 726 4190 uam
755 4141 813 4192 sm
842 4144 892 4193 ux
922 4143 1043 4195 lausu
1074 4143 1345 4207 nncunrarun,
1366 4143 1466 4209 ovas

475 4235 641 4287 HOMINIS
668 4236 856 4287 PROPRIAE
888 4240 997 4301 SUNT,
1021 4239 1070 4290 ET
1092 4239 1303 4292 VOCANTUR
1329 4239 1465 4292 RATIO·

475 4331 642 4381 NALITAS
665 4332 713 4381 ET
737 4333 931 4384 LIBERTAS.

411 4499 511 4580 264.
541 4499 605 4563 Per
630 4499 901 4566 rationalitatem
932 4503 1138 4585 intelligitur
1166 4504 1313 4568 facultas
1339 4505 1466 4571 intelli·

348 4594 454 4673 gendi
476 4614 558 4657 vera
580 4605 616 4658 et
640 4596 720 4659 inde
742 4596 839 4669 falsa,
863 4619 903 4662 ac
926 4600 1019 4662 bona
1042 4608 1077 4662 et
1101 4600 1180 4663 inde
1204 4600 1316 4678 mala;
1349 4612 1385 4664 et
1410 4623 1466 4683 per
