3424 5368
506 674 556 724 DE
580 673 719 723 131va
743 669 1097 723 PROVIDENTIA.-N.
1118 667 1189 736 215.
1352 665 1411 734 149

347 859 440 930 215·
472 843 523 930 (i.)
561 844 662 926 Quod
676 843 883 927 temporaria
898 864 934 907 se
948 843 1099 921 referant
1113 839 1163 904 ad
1177 837 1360 922 dignitates
1378 845 1410 902 et

281 942 434 1018 dibitias,
459 942 509 1008 ita
531 943 580 1007 ad
602 941 741 1006 honores
768 950 801 1004 et
829 939 923 1004 lucra
945 939 980 1002 in
1006 935 1269 1002 munda-Sunt
1301 933 1407 997 multa

282 1041 503 1121 temporaria,
523 1039 584 1103 sed
605 1059 711 1122 usque
730 1037 846 1101 omnia
865 1057 902 1100 se
924 1034 1073 1099 referunt
1096 1032 1139 1095 ad
1164 1032 1353 1114 dignitates
1373 1039 1408 1094 et

281 1137 429 1199 divitias
476 1135 539 1199 Per
561 1134 771 1218 temporaria
794 1131 1036 1214 intelliguntur
1059 1130 1119 1193 illa
1142 1149 1228 1212 quae
1251 1127 1307 1191 vel
1331 1146 1408 1191 cum

281 1241 440 1314 tempore
463 1239 631 1314 pereunt;
663 1228 719 1293 vel
742 1248 829 1312 quae
856 1246 934 1291 cum
957 1227 1030 1290 vita
1053 1226 1199 1289 hominis
1223 1225 1255 1287 in
1281 1223 1409 1286 mundo

281 1327 395 1391 solum
425 1328 610 1406 desinunt;
642 1347 703 1410 per
728 1335 871 1389 aeterna
897 1333 1014 1387 autem
1044 1320 1296 1403 intelliguntur,
1322 1338 1408 1402 quae

281 1443 351 1486 non
371 1442 449 1485 cum
468 1432 637 1506 tempore,
655 1422 705 1486 ita
725 1441 793 1484 non
813 1439 890 1484 cum
910 1419 983 1482 vita
1006 1419 1039 1481 in
1059 1416 1187 1480 mundo
1207 1424 1352 1498 pereunt
1372 1423 1408 1478 et

280 1517 454 1582 desinunt.
501 1517 684 1601 Quoniam,
706 1527 743 1581 ut
763 1513 892 1580 dictum
915 1523 981 1589 est,
1001 1504 1116 1576 omnia
1139 1510 1349 1593 temporaria
1371 1529 1408 1572 se

280 1613 432 1678 referunt
455 1614 498 1678 ad
522 1615 714 1696 dignitates
736 1623 773 1676 et
796 1613 944 1686 divitias,
968 1610 1112 1673 interest
1136 1609 1222 1672 scire
1245 1608 1330 1670 haec
1354 1625 1408 1668 se·

279 1710 433 1792 quentia,
451 1729 587 1793 nempe,
609 1703 698 1787 Quid
718 1717 755 1773 et
775 1708 866 1770 unde
885 1707 1076 1788 dignitates
1095 1714 1130 1768 et
1148 1703 1288 1767 divitiae
1305 1710 1407 1765 sunt:

281 1805 392 1886 qualis
409 1824 505 1868 amor
523 1805 659 1868 illarum
678 1815 819 1887 propter
842 1802 919 1866 illas
941 1812 1007 1878 est,
1028 1810 1064 1865 et
1085 1800 1195 1885 qualis
1218 1818 1314 1862 amor
1332 1796 1408 1860 illa·

280 1920 354 1962 rum
375 1909 517 1982 propter
536 1919 634 1963 usus:
659 1900 751 1983 quod
769 1900 840 1962 bini
859 1899 908 1961 illi
932 1918 1068 1961 amores
1090 1898 1180 1961 inter
1199 1916 1235 1959 se
1255 1890 1408 1958 distincti

280 1997 351 2058 sint
381 1997 470 2059 sicut
499 1996 667 2060 infernum
698 2006 733 2058 et
761 1995 912 2059 caelum:
946 1994 1037 2078 quod
1066 1994 1248 2056 discrimen
1271 1991 1407 2079 illorum

280 2109 435 2154 amorum
462 2113 566 2174 aegre
596 2091 641 2154 ab
671 2091 809 2154 homine
838 2089 973 2152 sciatur.
1021 2087 1089 2152 Sed
1114 2089 1157 2151 de
1184 2087 1327 2169 singulis
1355 2085 1408 2149 his

279 2184 454 2251 distincte.
502 2201 559 2261 [2.]
591 2187 725 2251 Primo:
755 2185 847 2265 Quid
861 2194 894 2249 et
911 2184 997 2248 unde
1014 2184 1199 2265 dignitates
1218 2192 1251 2245 et
1259 2181 1407 2246 divitiae.

280 2281 482 2366 Dignitates
505 2292 541 2346 et
565 2284 706 2346 divitiae
729 2281 865 2346 suerunt
889 2301 1027 2364 prorsus
1050 2280 1138 2344 aliae
1165 2278 1408 2362 antiquissimis

279 2379 505 2460 temporibus,
527 2398 627 2461 quam
650 2375 762 2442 saitae
786 2387 866 2441 sunt
890 2387 1014 2460 postea
1036 2376 1239 2440 successive.
1287 2373 1408 2454 Digni·

279 2478 375 2536 tates
405 2475 651 2556 antiquissimis
681 2474 894 2554 temporibus
920 2492 990 2535 non
1018 2471 1105 2535 aliae
1131 2470 1279 2544 suerunt,
1305 2487 1408 2552 quam

279 2566 400 2648 quales
430 2578 510 2630 sunt
541 2569 631 2631 inter
661 2577 825 2650 parentes
855 2577 892 2632 et
922 2566 1067 2644 liberos;
1100 2586 1187 2650 quae
1217 2564 1409 2646 dignitates

280 2659 418 2726 luerunt
435 2663 627 2745 dignitates
646 2663 783 2738 amoris,
804 2662 927 2746 plenae
946 2658 1103 2743 respectu
1123 2671 1159 2725 et
1175 2659 1407 2734 veneratione,

280 2775 351 2819 non
373 2768 516 2840 propter
539 2759 760 2823 nativitatem
780 2779 825 2822 ex
852 2757 931 2833 illis,
955 2758 1016 2821 sed
1044 2767 1185 2839 propter
1210 2750 1407 2818 instrudiio-

280 2871 360 2916 nem
380 2863 416 2916 et
436 2855 639 2935 sapientiam
660 2873 705 2916 ex
724 2852 803 2930 illis,
820 2874 907 2937 quae
926 2862 981 2916 est
999 2852 1110 2916 altera
1128 2851 1303 2924 nativitas,
1321 2850 1354 2912 in
1371 2868 1408 2912 se

280 2951 479 3031 spiritualis,
499 2953 577 3035 quia
595 2960 670 3015 erat
690 2952 829 3034 spiritus
852 2951 999 3015 illorum.
1046 2949 1142 3014 Haec
1163 2948 1237 3013 sola
1257 2948 1408 3030 dignitas

279 3043 342 3110 suit
361 3047 607 3131 antiquissimis
624 3047 848 3130 temporibus,
862 3047 941 3130 quia
957 3055 1038 3110 tunc
1055 3045 1253 3110 habitarunt
1270 3052 1407 3126 gentes,

279 3138 436 3218 familiae,
451 3153 487 3207 et
504 3143 627 3206 domus
643 3144 797 3218 seorsim,
812 3151 847 3206 et
863 3163 931 3205 non
945 3141 1009 3205 sub
1024 3142 1173 3223 imperiis
1189 3141 1276 3203 sicut
1293 3139 1406 3202 hodie.

280 3235 530 3301 Paterfamilias
556 3247 643 3314 erat,
668 3238 759 3320 apud
783 3257 885 3320 quem
911 3236 971 3300 illa
998 3237 1150 3317 dignitas
1176 3243 1262 3297 erat.
1308 3232 1406 3299 Haec

279 3340 439 3415 tempora
457 3355 479 3396 a
496 3333 672 3397 veteribus
691 3330 783 3397 ditia
802 3331 937 3396 suerunt
956 3331 1093 3394 saecula
1111 3349 1223 3392 aurea.
1270 3341 1327 3402 [3.]
1355 3328 1407 3394 At

278 3439 360 3511 post
383 3427 443 3492 illa
465 3439 623 3512 tempora
648 3429 842 3492 successive
867 3427 995 3491 invasit
1018 3446 1114 3488 amor
1137 3423 1337 3488 dominandi
1360 3445 1407 3487 ex

278 3524 355 3587 solo
384 3523 536 3606 jucundo
567 3526 693 3588 amoris
726 3524 836 3603 illius;
865 3533 903 3588 et
933 3523 1011 3607 quia
1040 3531 1122 3586 tunc
1150 3518 1251 3584 simul
1280 3521 1407 3586 invasit

278 3619 458 3684 inimicitia
474 3629 510 3684 et
530 3619 705 3684 hostilitas
724 3629 847 3683 contra
865 3619 955 3695 illos,
981 3618 1122 3701 quinon
1141 3637 1178 3680 se
1202 3615 1407 3680 submittere

278 3715 455 3792 volebant,
476 3737 521 3780 ex
542 3717 753 3780 necessitate
773 3723 1074 3798 congregaverunt
1093 3735 1130 3776 se
1153 3723 1288 3794 gentes,
1309 3712 1407 3775 sami·

278 3809 346 3874 liae
365 3820 401 3874 et
421 3813 544 3874 domus
562 3814 597 3875 in
621 3822 755 3888 coetus,
776 3821 811 3876 et
832 3813 896 3875 sibi
919 3809 1167 3895 praefecerunt,
1188 3828 1290 3891 quem
1303 3809 1406 3888 'prin-

277 3908 369 3988 cipio
391 3907 567 3972 vocabant
591 3906 753 3992 judicem,
779 3917 816 3973 et
839 3917 962 3993 postea
985 3907 1184 3991 principem,
1209 3914 1245 3969 et
1268 3905 1406 3968 demum

277 4021 397 4084 regem
426 4013 463 4067 et
494 4003 761 4086 imperatorem:
797 4015 833 4069 et
863 4025 997 4088 quoque
1027 4013 1110 4068 tunc
1147 4010 1335 4082 coeperunt
1369 4021 1406 4066 se

279 4099 409 4162 munire
426 4120 486 4182 per
502 4109 624 4176 turres,
638 4120 794 4182 aggeres,
809 4110 845 4165 et
862 4120 986 4165 muros.
1033 4099 1090 4164 Ex
1102 4097 1226 4181 judice,
1241 4098 1405 4182 principe,

276 4213 360 4276 rege
378 4215 418 4258 ac
431 4197 648 4278 imperatore,
662 4204 700 4259 ut
715 4217 737 4260 a
751 4198 865 4280 capite
882 4197 916 4260 in
930 4217 1063 4279 corpus,
1076 4195 1202 4259 invasit
1217 4195 1306 4258 sicut
1322 4213 1406 4258 con·

277 4291 412 4372 tagium
436 4290 542 4356 libido
569 4291 767 4356 dominandi
790 4293 824 4356 in
849 4291 974 4374 plures,
999 4293 1078 4356 inde
1101 4291 1229 4374 gradus
1252 4290 1405 4373 dignita·

276 4395 352 4450 tum
372 4387 440 4452 orti
456 4397 547 4465 sunt,
568 4397 604 4453 et
623 4407 757 4471 quoque
776 4389 926 4452 honores
945 4387 1132 4453 secundum
1151 4386 1250 4467 illas;
1274 4395 1405 4451 etcum

276 4480 345 4546 illis
368 4502 466 4548 amor
484 4483 546 4561 sui,
566 4493 604 4549 et
625 4482 735 4548 fastus
759 4485 915 4568 propriae
938 4483 1152 4567 prudentiae.
1198 4497 1256 4558 [4.]
1288 4479 1406 4546 Simile

276 4576 405 4643 latium
424 4589 479 4644 est
498 4600 575 4643 cum
595 4599 712 4645 amore
736 4581 943 4644 divitiarum.
989 4579 1250 4662 Antiquissimis
1268 4587 1406 4660 tempo·

277 4673 381 4750 ribus,
402 4675 538 4759 quando
559 4686 683 4760 gentes
702 4686 738 4741 et
757 4677 904 4742 familiae
923 4677 1013 4740 inter
1033 4697 1069 4740 se
1089 4670 1250 4738 distinete
1270 4672 1406 4737 habita·
