3434 5364
474 688 525 739 Du
549 687 684 738 n1v1uo
707 687 852 751 AMORE,
873 686 966 738 anns
988 687 1101 736 u.—u.
1117 689 1190 754 403.
1334 675 1393 758 189

271 859 445 944 382-384).
501 858 558 924 Ex
587 857 647 922 illa
677 855 914 939 conjuntlione
937 857 1043 922 videri
1066 867 1194 941 potest,
1218 858 1392 940 quomodo

232 973 235 978 ·
268 970 367 1016 amor
389 971 449 1016 seu
471 950 632 1015 voluntas
651 951 837 1030 desponsat
856 950 919 1013 sibi
938 950 1142 1032 sapientiam
1158 969 1217 1013 seu
1232 949 1391 1013 intellec·

269 1055 356 1119 tum,
376 1052 413 1108 et
435 1051 559 1126 postea
582 1043 676 1106 ducit
695 1041 788 1106 illam
813 1061 873 1104 seu
895 1042 992 1124 quasi
1015 1039 1208 1123 conjugium
1231 1061 1308 1104 cum
1331 1040 1392 1105 illa

267 1135 355 1214 init;
382 1133 570 1218 desponsat
588 1135 652 1197 sibi
670 1133 776 1210 illam,
790 1151 851 1214 per
865 1134 955 1216 quod
975 1143 1154 1216 praeparet
1172 1133 1312 1197 domum
1331 1153 1392 1197 seu

267 1226 461 1291 thalamum
494 1247 557 1309 pro
586 1226 668 1304 illa;
702 1237 738 1289 et
769 1225 864 1290 ducit
887 1223 981 1288 illam
1005 1243 1065 1307 per
1087 1225 1178 1308 quod
1202 1224 1390 1308 conjungat

267 1318 363 1382 illam
379 1318 443 1382 sibi
459 1338 520 1400 per
537 1314 744 1393 affectiones,
762 1325 798 1381 et
817 1317 896 1380 dein
915 1326 999 1398 agat
1018 1317 1222 1399 sapientiam
1239 1336 1316 1381 cum
1333 1318 1391 1381 illa

267 1411 303 1474 in
319 1412 423 1475 domo
438 1410 515 1473 ista.
562 1407 663 1491 Quod
682 1410 732 1472 ita
750 1411 805 1485 sit,
821 1429 890 1472 non
909 1409 1010 1490 plene
1025 1409 1171 1472 describi
1191 1418 1308 1491 potest
1328 1410 1391 1474 nisi

269 1521 370 1585 quam
401 1501 519 1584 lingua
541 1502 718 1584 spirituali,
742 1502 821 1585 quia
850 1520 946 1565 amor
975 1511 1011 1564 et
1041 1502 1219 1583 sapientia,
1244 1511 1280 1565 et
1310 1502 1391 1566 inde

267 1593 429 1657 voluntas
448 1602 484 1657 et
503 1592 710 1667 intelledtus,
728 1603 807 1656 sunt
830 1593 1044 1675 spirituales;
1067 1613 1154 1676 quae
1173 1593 1309 1675 quidem
1329 1613 1390 1656 na·

268 1685 372 1750 turali
390 1685 508 1767 lingua
530 1695 675 1767 possunt
695 1685 796 1760 tradi,
815 1686 876 1748 sed
897 1705 964 1748 non
985 1685 1028 1747 ad
1051 1688 1306 1767 perceptionem
1327 1686 1390 1749 nisi

269 1777 460 1853 obscuram,
488 1788 629 1859 propter
658 1777 829 1841 inscitiam
857 1776 936 1859 quid
967 1796 1073 1850 amor,
1098 1777 1177 1859 quid
1208 1779 1388 1859 sapientia,

268 1878 342 1934 tum
365 1869 445 1953 quid
469 1865 665 1933 alledhones
691 1869 783 1942 boni,
809 1877 844 1932 et
878 1869 958 1952 quid
981 1864 1178 1932 affectiones
1200 1871 1390 1952 sapientiae

268 1981 355 2044 quae
378 1972 458 2024 sunt
481 1958 678 2025 affectiones
702 1963 781 2025 veri.
828 1958 896 2025 Sed
916 1981 1021 2042 usque
1044 1961 1151 2024 videri
1170 1971 1287 2042 potest
1305 1983 1389 2045 qua·

268 2051 310 2116 lis
332 2053 556 2134 desponsatio
578 2062 615 2116 et
637 2052 737 2136 quale
757 2051 951 2134 conjugium
970 2054 1095 2116 amoris
1115 2072 1190 2116 cum
1209 2055 1388 2136 sapientia,

267 2163 329 2208 seu
349 2145 541 2209 voluntatis
564 2163 641 2207 cum
664 2142 843 2208 intelledtu
867 2154 931 2219 est,
952 2165 1012 2226 per
1034 2145 1312 2225 parallelismum,
1332 2147 1390 2229 qui

266 2237 369 2299 datur
398 2256 458 2319 per
487 2238 827 2316 correspondentiam
857 2236 992 2299 illorum
1021 2254 1098 2299 cum
1121 2237 1226 2300 corde
1249 2247 1284 2300 et
1311 2238 1387 2318 pul·

267 2346 390 2391 mone:
415 2328 523 2392 simile
547 2329 638 2391 enim
661 2336 714 2391 est
738 2348 815 2391 cum
838 2328 890 2391 his
910 2338 946 2390 ut
970 2346 1048 2391 cum
1071 2327 1158 2405 illis;
1181 2337 1254 2392 tam
1277 2329 1389 2396 simile

165 2469 168 2475 .
267 2428 305 2483 ut
335 2439 472 2501 prorsus
499 2420 583 2483 nihil
606 2419 750 2494 differat,
775 2428 912 2502 praeter
938 2419 1030 2503 quod
1053 2439 1156 2483 unum
1175 2421 1220 2484 sit
1249 2422 1388 2502 spiritu·

266 2510 333 2586 ale,
357 2521 393 2576 et
423 2512 570 2576 alterum
593 2512 759 2575 naturale.
803 2511 861 2574 Ex
888 2512 991 2576 corde
1014 2513 1130 2595 itaque
1159 2520 1194 2575 et
1224 2512 1388 2594 pulmone

267 2613 419 2680 constat,
436 2606 526 2688 quod
547 2624 604 2667 cor
624 2605 768 2686 primum
787 2604 912 2667 formet
931 2603 1138 2685 pulmonem,
1155 2615 1190 2667 et
1211 2612 1332 2686 postea
1350 2626 1388 2671 se

266 2694 456 2777 conjungat
479 2716 555 2759 cum
586 2695 665 2774 illo;
698 2696 823 2759 format
848 2696 1045 2777 pulmonem
1071 2697 1105 2758 in
1129 2697 1326 2777 embryone,
1351 2707 1387 2763 et

267 2807 305 2850 se
320 2786 497 2869 conjungit
516 2807 594 2851 cum
613 2787 672 2851 illo
692 2798 770 2869 post
790 2789 940 2851 enixum.
986 2787 1063 2851 Hoc
1084 2788 1165 2851 lacit
1188 2809 1247 2852 cor
1268 2791 1303 2852 in
1326 2809 1388 2852 sua

267 2878 383 2953 domo,
403 2898 491 2962 quae
514 2889 657 2942 vocatur
679 2877 810 2962 pectus,
830 2879 886 2943 ubi
910 2880 1170 2944 contubernium
1190 2900 1305 2945 eorum
1322 2889 1386 2957 est,

264 2981 463 3051 separatum
475 2993 495 3034 a
510 2971 645 3053 reliquis
659 2973 809 3054 corporis
821 2991 881 3054 per
893 2982 1029 3054 septum
1055 2972 1145 3054 quod
1159 2983 1302 3036 vocatur
1314 2973 1387 3037 dia·

265 3061 445 3144 phragma,
463 3071 499 3126 et
518 3082 578 3145 per
595 3063 805 3127 involucrum
824 3064 916 3146 quod
935 3073 1078 3128 vocatur
1097 3064 1224 3146 pleura.
1269 3063 1387 3130 Simile

265 3162 320 3218 est
333 3174 409 3218 cum
421 3173 536 3217 amore
549 3163 584 3218 et
598 3155 776 3238 sapientia,
791 3176 937 3219 seucum
950 3155 1130 3221 voluntate
1147 3165 1182 3219 et
1198 3151 1386 3220 intelleCiu.

329 3259 434 3328 4⁰3·
459 3244 521 3329 (v.)
549 3247 646 3326 Quod
660 3267 755 3310 amar
773 3267 831 3310 seu
848 3246 1004 3312 voluntas
1017 3256 1202 3329 praeparet
1219 3245 1329 3309 omma
1350 3246 1387 3310 in

265 3333 415 3401 humana
431 3358 495 3401 sua
504 3338 637 3418 farma,
658 3347 695 3401 ut
715 3338 912 3423 conjanliim
929 3359 1001 3402 aem
1015 3337 1184 3420 sapientia
1205 3358 1263 3401 seu
1285 3336 1385 3401 intel·

265 3426 350 3492 lectu
377 3429 495 3510 possit
522 3429 813 3511 agera—Dicitur
839 3431 999 3493 voluntas
1026 3440 1062 3493 et
1089 3425 1295 3506 intelleSlus,
1324 3427 1386 3493 sed

265 3520 372 3604 probe
399 3521 577 3584 sciendum
600 3530 665 3596 est,
690 3521 780 3603 quod
803 3520 964 3585 voluntas
987 3523 1030 3586 sit
1055 3532 1150 3586 totus
1172 3521 1299 3601 homo;
1330 3531 1386 3587 est

266 3612 358 3676 enim
377 3613 538 3677 voluntas
562 3633 638 3677 cum
658 3611 838 3677 intelledtu
860 3614 893 3675 in
913 3615 1085 3696 principiis
1107 3615 1141 3677 in
1164 3613 1323 3688 cerebris,
1343 3633 1384 3678 ac

264 3706 300 3770 in
318 3705 529 3787 principiatis
552 3707 586 3769 in
606 3726 760 3789 corpore,
781 3715 817 3769 et
840 3705 920 3768 inde
943 3707 977 3769 in
1001 3716 1078 3770 toto
1101 3717 1136 3770 et
1166 3708 1200 3769 in
1230 3706 1384 3790 qualibet

264 3807 373 3880 parte,
395 3807 432 3860 ut
450 3819 551 3880 supra
573 3795 619 3880 (n.
640 3797 1007 3879 365-367,)·ostensum
1026 3809 1099 3864 est:
1124 3799 1203 3862 inde
1224 3808 1384 3862 constare

264 3898 394 3971 potest,
418 3889 509 3971 quod
534 3889 694 3952 voluntas
718 3890 762 3952 sit
794 3899 888 3952 totus
911 3888 1016 3954 homo
1039 3891 1151 3974 quoad
1183 3892 1291 3972 ipsam
1315 3891 1383 3952 ior·

265 4002 366 4057 mam,
391 3991 464 4046 tam
493 4001 709 4048 communem
740 4002 841 4066 quam
870 3985 1023 4048 omnium
1052 3985 1312 4067 particularem3
1347 3993 1384 4048 et

265 4079 357 4159 quod
374 4075 568 4142 intellectus
588 4081 633 4141 sit
653 4078 723 4160 ejus
743 4081 917 4154 consocia,
938 4080 1024 4143 sicut
1046 4090 1100 4144 est
1123 4080 1240 4163 pulmo
1260 4080 1383 4142 cordis.

265 4169 398 4237 Caveat
418 4173 482 4237 sibi
498 4173 640 4257 quisque
664 4195 706 4238 ne
725 4175 839 4237 ideam
855 4174 1047 4238 voluntatis
1059 4175 1186 4252 foveat,
1207 4176 1295 4238 sicut
1319 4173 1382 4236 ali·

263 4267 358 4350 cujus
373 4269 421 4332 rei
437 4278 618 4350 separatae
635 4290 654 4333 a
672 4270 779 4334 forma
795 4269 954 4346 humana,
971 4280 1025 4334 est
1042 4272 1132 4334 enim
1149 4270 1280 4334 eadem.
1325 4268 1383 4332 Ex

264 4363 330 4426 hoc
349 4363 456 4427 videri
468 4373 598 4446 potest,
616 4384 684 4429 non
704 4363 814 4428 solum
834 4365 1007 4448 quomodo
1023 4364 1183 4429 voluntas
1201 4374 1382 4448 praeparat

266 4456 456 4521 thalamum
487 4479 548 4542 pro
571 4457 760 4535 intelledlu,
786 4460 845 4522 sed
873 4462 978 4524 etiam
1002 4461 1176 4544 quomodo
1199 4469 1383 4542 praeparat

264 4553 380 4616 omnia
402 4553 435 4616 in
460 4573 520 4618 sua
543 4553 657 4631 d0m0,
678 4575 763 4637 quae
787 4564 841 4618 est
864 4557 1055 4619 universum
1080 4575 1213 4637 corpus,
1238 4565 1275 4618 ut
1299 4574 1382 4618 con·

256 4643 404 4730 junt'tim
427 4665 504 4714 cum
534 4644 715 4713 intellectu
736 4649 846 4733 possit
869 4670 982 4733 agere.
1029 4649 1105 4714 Hoc
1129 4660 1312 4734 praeparat
1340 4669 1384 4714 eo
