3358 5384
423 677 474 727 DE
498 676 632 727 DIVINO
656 677 802 739 AMORE,
823 679 915 729 PARS
940 679 1059 729 11.-N.
1080 682 1148 747 130.
1308 683 1344 750 51

218 867 335 914 amore
351 871 359 916 ε
377 871 437 914 seu
450 850 541 933 quod
554 849 655 924 idem,
671 869 791 914 omnes
805 860 922 934 partes
939 852 1084 916 dextrae
1097 852 1140 915 ad
1158 853 1285 917 bonum
1300 877 1345 918 ex

219 966 287 1029 quo
306 965 436 1020 verum,
457 954 493 1009 et
510 965 630 1010 omnes
650 956 767 1028 partes
786 948 945 1011 sinistrae
964 948 1007 1011 ad
1032 968 1149 1012 verum
1173 971 1218 1012 ex
1243 951 1346 1015 bono.

220 1041 317 1106 Haec
338 1043 432 1124 paria
452 1041 578 1124 angelo
601 1052 637 1107 et
659 1041 789 1106 homini
809 1053 901 1118 sunt,
922 1053 960 1108 ut
984 1064 1080 1108 amor
1103 1055 1139 1108 et
1163 1047 1344 1128 sapientia,

219 1159 279 1202 seu
295 1139 424 1202 bonum
435 1148 471 1202 et
486 1158 614 1214 verum,
633 1158 734 1202 unum
751 1148 871 1220 agant,
889 1160 928 1203 ac
950 1150 987 1205 ut
1005 1161 1106 1205 unum
1123 1138 1283 1223 spectent
1301 1143 1344 1205 ad

220 1234 418 1298 Dominum.
464 1232 532 1297 Sed
552 1234 595 1297 de
614 1233 679 1297 hac
698 1255 734 1297 re
751 1234 848 1315 plura
867 1235 1149 1318 insequentibus.

283 1329 376 1395 128·
406 1327 463 1393 Ex
482 1328 536 1392 his
551 1329 659 1392 videri
680 1339 797 1412 potest
817 1331 850 1393 in
868 1350 934 1413 qua
949 1331 1085 1395 fallacia
1102 1343 1137 1395 et
1155 1333 1235 1395 inde
1252 1332 1345 1396 salsi·

219 1435 293 1489 tate
309 1435 390 1490 sunt
408 1424 469 1500 illi,
487 1425 543 1507 qui
560 1425 745 1506 opinantur
759 1426 850 1508 quod
868 1425 1037 1491 Dominus
1057 1448 1102 1492 ex
1121 1428 1263 1492 arbitrio
1280 1430 1344 1491 im·
1430 1441 1431 1444 ’

218 1522 390 1606 pertiatur
407 1519 552 1596 caelum,
573 1541 633 1584 seu
652 1522 743 1604 quod
763 1543 807 1585 ex
828 1523 971 1586 arbitrio
991 1523 1050 1587 det
1070 1533 1106 1587 ut
1125 1544 1210 1586 unus
1231 1525 1345 1606 sapiat

218 1627 254 1682 et
274 1627 369 1682 amet
384 1616 461 1701 plus
477 1636 580 1699 quam
596 1617 705 1698 alter;
729 1637 806 1682 curn
823 1628 942 1682 tamen
959 1618 1127 1682 Dominus
1144 1639 1251 1702 aeque
1269 1618 1345 1682 vult

218 1723 256 1777 ut
275 1714 388 1797 sapiat
407 1721 443 1776 et
466 1711 621 1776 salvetur
640 1733 725 1777 unus
744 1733 782 1777 ac
803 1713 893 1777 alter
909 1735 916 1792 ;
945 1715 1101 1796 providet
1119 1715 1209 1777 enim
1230 1715 1344 1777 omni·

216 1810 280 1875 bus
298 1809 428 1873 media:
453 1809 595 1892 quisque
611 1809 699 1872 sicut
712 1809 834 1891 recipit
847 1808 906 1872 illa
918 1820 953 1873 et
967 1811 1050 1873 vivit
1067 1810 1255 1873 secundum
1272 1809 1342 1884 illa,

217 1906 268 1970 ita
287 1904 376 1987 sapit
400 1913 435 1968 et
459 1904 623 1980 salvatur,
644 1913 697 1968 est
721 1906 811 1968 enim
831 1904 1000 1970 Dominus
1019 1906 1109 1969 idem
1130 1906 1219 1988 apud
1240 1927 1342 1970 unum

217 2011 253 2067 et
273 2002 363 2086 apud
383 1999 549 2066 alterum:
577 2010 614 2064 at
638 2001 729 2084 quod
748 2000 967 2083 recipientes,
987 2002 1043 2085 qui
1067 2011 1146 2065 sunt
1166 2001 1282 2082 angeli
1306 2013 1342 2065 et

216 2097 385 2172 homines,
409 2095 593 2160 dissimiles
616 2097 685 2160 sint
716 2116 762 2160 ex
792 2095 948 2159 dissimili
971 2099 1170 2179 receptione
1193 2107 1229 2160 et
1259 2099 1342 2161 vita.

217 2193 322 2276 Quod
338 2185 389 2257 it'a
404 2193 460 2268 sit,
478 2201 640 2256 constare
657 2201 775 2274 potest
792 2212 838 2255 ex
854 2190 932 2267 illis,
947 2212 1034 2275 quae
1051 2213 1140 2256 nunc
1157 2193 1200 2256 de
1217 2192 1340 2274 plagis,

217 2299 253 2354 et
270 2289 314 2354 de
329 2287 603 2352 habitationibus
613 2287 816 2370 angelorum
832 2289 1021 2353 secundum
1034 2287 1122 2377 illas,
1137 2285 1229 2352 dieta
1240 2297 1320 2352 sunt
1333 2309 1341 2367 ;

216 2385 308 2468 quod
328 2402 452 2467 nempe
470 2382 530 2448 illa
547 2383 730 2449 diversitas
748 2402 818 2448 non
836 2385 882 2448 sit
903 2403 924 2449 a
946 2382 1108 2460 Domino,
1129 2384 1190 2448 sed
1213 2404 1234 2447 a
1256 2385 1341 2448 reei-

216 2479 401 2564 pientibus.

218 2767 331 2852 Quou
350 2783 495 2836 aucam
519 2783 663 2836 naemu
686 2782 789 2837 sunu
806 2782 967 2850 Juomaa
985 2783 1167 2834 vanains
1185 2783 1239 2834 an
1263 2768 1339 2834 Do-

346 2879 477 2932 muum
492 2879 543 2932 uc
562 2863 705 2942 Sonam,
723 2879 771 2930 aa
790 2879 847 2931 s1c
867 2879 1052 2931 nnannnr
1070 2879 1267 2931 Mammam
1285 2879 1340 2930 ar>

344 2975 545 3038 naxrnuu,
563 2973 883 3026 saman‘rmonau
902 2975 956 3027 an
972 2975 1188 3038 nmmum,
1205 2975 1254 3026 aa
1273 2973 1339 3027 oc·

343 3070 547 3123 emensam
570 3071 597 3122 n
618 3068 758 3122 caneo.

279 3247 374 3314 129.
404 3230 531 3296 Omnia
553 3253 640 3316 quae
663 3232 717 3297 hic
749 3233 792 3296 de
815 3231 948 3314 angelis
977 3241 1013 3296 et
1041 3232 1084 3296 de
1114 3233 1339 3296 conversione

215 3327 350 3391 illorum
368 3329 411 3391 ad
428 3327 614 3392 Dominum
631 3338 669 3392 ut
687 3326 815 3403 Solem,
830 3329 999 3402 dicuntur,
1018 3329 1123 3392 etiam
1140 3327 1184 3391 de
1199 3326 1339 3391 homine

216 3423 328 3506 quoad
353 3423 422 3504 ejus
441 3424 597 3505 spiritum
616 3423 845 3506 intelligenda
867 3432 968 3499 sunt;
1000 3441 1079 3485 nam
1102 3422 1207 3485 homo
1226 3423 1339 3504 quoad

216 3539 311 3582 suam
329 3530 482 3583 mentem
499 3531 553 3583 est
574 3521 722 3601 spiritus,
740 3529 775 3582 et
795 3520 822 3582 si
840 3521 874 3581 in
894 3537 1011 3581 amore
1031 3527 1066 3581 et
1083 3518 1253 3600 sapientia
1272 3529 1338 3594 est,

216 3629 269 3679 est
289 3615 454 3697 angelus:
479 3635 582 3698 quare
599 3617 704 3679 etiam
724 3623 803 3697 post
824 3624 983 3686 mortem,
1001 3614 1082 3677 dum
1099 3623 1247 3678 externa
1265 3634 1337 3690 sua,

216 3734 302 3796 quae
326 3722 482 3776 traxerat
506 3733 551 3775 ex
576 3712 725 3775 naturali
749 3711 888 3784 mundo,
913 3711 1022 3784 exuit,
1047 3708 1086 3774 fit
1116 3711 1255 3792 spiritus
1278 3720 1339 3774 aut

215 3809 370 3891 angelus.
416 3807 462 3871 Et
476 3809 554 3890 quia
564 3808 679 3889 angeli
689 3807 816 3888 jugiter
827 3815 966 3868 vertunt
980 3805 1100 3869 l'aciem
1113 3806 1157 3868 ad
1171 3807 1338 3870 orientem

215 3905 316 3978 Solis,
337 3906 386 3968 ita
413 3904 456 3966 ad
486 3904 682 3976 Dominum,
703 3904 827 3966 dicitur
850 3903 954 3965 etiam
983 3901 1025 3964 de
1049 3900 1199 3978 homine,
1220 3904 1276 3984 qui
1304 3904 1338 3965 in

214 4022 332 4065 amore
348 4012 383 4064 et
400 4000 571 4082 sapientia
587 4021 606 4063 a
623 3999 772 4062 Domino
788 4008 853 4072 est,
868 3997 958 4079 quod
975 3997 1092 4060 videat
1109 3995 1232 4072 Deum,
1246 3998 1337 4081 quod

214 4094 349 4179 spediet
363 4096 406 4158 ad
425 4095 546 4170 Deum,
559 4095 650 4176 quod
667 4093 794 4156 habeat
811 4092 920 4155 Deum
933 4102 1016 4155 ante
1029 4091 1160 4166 oculos,
1176 4112 1235 4174 per
1251 4112 1337 4174 quae

214 4192 421 4273 intelligitur
443 4191 535 4273 quod
561 4191 656 4253 vivat
679 4190 767 4252 sicut
789 4186 944 4269 angelus.
990 4187 1090 4250 Talia
1113 4188 1274 4251 dicuntur
1304 4189 1337 4250 in

213 4288 353 4361 mundo,
375 4298 447 4351 tam
470 4288 548 4369 quia
567 4283 748 4349 adiualiter
766 4286 923 4347 existunt
947 4285 980 4345 in
1006 4283 1113 4358 caelo,
1134 4303 1235 4366 quam
1260 4285 1338 4365 quia

212 4382 394 4447 astualiter
419 4384 576 4446 existunt
606 4382 639 4444 in
671 4381 791 4462 spiritu
818 4379 975 4443 hominis.
1023 4377 1108 4462 Quis
1139 4397 1208 4443 non
1239 4379 1336 4443 videt

213 4489 295 4543 ante
318 4499 355 4543 se
378 4479 421 4541 ad
447 4477 569 4552 Deum,
590 4476 633 4539 ad
657 4473 894 4558 quamcunque'
914 4474 1053 4557 plagam
1072 4493 1172 4538 versa
1191 4483 1247 4538 est
1265 4475 1337 4555 ejus

212 4572 328 4649 facies,
349 4575 428 4637 dum
449 4572 548 4636 orat?

276 4688 374 4755 13⁰.
408 4669 510 4752 Quod
530 4668 644 4750 angeli
667 4668 771 4731 facies
795 4688 873 4730 suas
888 4665 1015 4748 jugiter
1038 4675 1176 4730 vertant
1197 4666 1240 4728 ad
1261 4665 1334 4729 Do·
