3434 5364
349 633 412 696 206
698 647 900 698 sarnanum
922 647 1116 700 aucanrca

347 817 486 899 impuris
510 816 596 896 illis3
630 818 672 882 ab
694 819 866 898 intellectu,
891 821 973 884 dum
995 840 1092 884 amor
1113 820 1195 888 facit
1218 831 1256 889 ut
1286 825 1355 903 ilia,
1380 848 1470 911 quae

345 911 537 993 sapientiae
556 920 646 984 sunt,
665 909 748 974 fiant
765 932 826 975 sua
845 914 994 988 servitia,
1011 923 1047 977 et
1067 913 1177 995 magis
1195 934 1271 980 cum
1288 921 1470 1001 pervertit,

346 1001 505 1067 falsificat
528 1012 564 1066 et
588 1002 762 1067 adulterat
785 1003 855 1067 illa.
901 1005 954 1068 De
977 1013 1073 1068 statu
1095 1005 1148 1068 his
1171 1013 1469 1093 correspondente

346 1095 459 1158 cordis
479 1115 538 1158 seu
557 1096 732 1176 sanguinis
751 1094 823 1177 ejus
845 1097 879 1159 in
899 1096 1072 1179 pulmone,
1093 1117 1162 1160 non
1182 1119 1268 1181 opus
1291 1112 1345 1165 est
1369 1104 1468 1186 plura

346 1187 459 1250 dicere
478 1206 580 1269 quam
604 1207 690 1269 quae
709 1207 811 1269 supra
836 1187 883 1269 (n.
902 1187 980 1270 420)
1005 1186 1096 1253 ditia
1119 1200 1219 1254 sunt:
1244 1192 1355 1257 solum
1375 1197 1471 1278 quod,

346 1278 424 1343 loco
441 1277 684 1360 purificationis
698 1280 872 1361 sanguinis
888 1278 948 1344 fiat
964 1283 1206 1362 conspurcatio
1219 1282 1289 1365 ejus
1304 1307 1311 1364 ;
1336 1295 1372 1349 et
1389 1286 1467 1351 loco

346 1371 544 1434 nutritionis
561 1371 735 1453 sanguinis
751 1391 797 1435 ex
815 1371 1010 1455 fragrantiis
1029 1370 1089 1436 fiat
1109 1375 1252 1438 nutritio
1270 1397 1316 1440 ex
1335 1380 1465 1459 putori·

346 1461 420 1538 bus,
441 1483 578 1545 prorsus
598 1464 685 1527 sicut
705 1465 739 1526 in
757 1463 855 1528 caelo
873 1473 909 1526 et
928 1465 961 1527 in
981 1464 1112 1528 inferno
1131 1463 1179 1529 fit.

409 1571 503 1641 422.
528 1555 653 1640 (xviii.)
676 1556 774 1636 Quod
783 1578 879 1622 amor
886 1559 1088 1640 purificatus
1101 1581 1121 1620 a
1135 1561 1304 1641 sapientia
1317 1562 1353 1626 in
1368 1564 1462 1628 intel·

343 1651 428 1716 lectu
436 1652 507 1736 fiat
520 1653 714 1734 spirituali}
729 1661 762 1716 et
777 1651 1099 1718 caelestia-Homo
1119 1657 1269 1720 nascitur
1287 1658 1462 1736 naturalis,

344 1746 406 1810 sed
423 1745 609 1808 secundum
626 1741 841 1809 intellecium
857 1745 1029 1809 elevatum
1049 1749 1081 1809 in
1100 1745 1211 1810 lucem
1228 1747 1325 1824 caeli,
1343 1761 1379 1815 et
1398 1771 1466 1816 una

344 1856 498 1900 amorem
518 1835 692 1900 elevatum
715 1838 749 1900 in
768 1836 918 1901 calorem
938 1838 1035 1913 caeli,
1055 1837 1094 1902 fit
1117 1839 1302 1922 spiritualis
1325 1852 1361 1906 et
1384 1862 1463 1907 cae·

344 1927 466 2006 lestis;
489 1927 529 1991 fit
548 1937 631 1992 tunc
651 1929 739 1993 sicut
757 1928 878 1992 hortus
896 1928 1036 2004 Edenis,
1056 1931 1165 2013 quiin
1185 1928 1261 1994 luce
1277 1933 1408 1997 vernali
1427 1944 1465 1999 et

341 2021 446 2083 simul
466 2020 500 2082 in
516 2020 632 2084 calore
651 2021 781 2085 vernali
799 2029 865 2085 est.
910 2019 1113 2086 Intellectus
1132 2041 1202 2087 non
1221 2021 1259 2087 fit
1277 2025 1464 2106 spiritualis

340 2119 382 2175 et
396 2111 567 2188 caelestis,
584 2113 645 2176 sed
661 2132 758 2177 amor
771 2113 831 2190 fit3
854 2121 891 2176 et·
908 2130 984 2176 cum
1003 2133 1099 2178 amor
1113 2112 1164 2190 fit,
1181 2115 1286 2179 etiarn
1303 2116 1463 2181 intellec-

341 2213 420 2268 tum
433 2204 613 2286 conjugem
631 2224 726 2267 suam
738 2204 821 2268 iacit
833 2203 1044 2287 spiritualem
1057 2215 1092 2269 et
1106 2205 1305 2270 caelestem.
1350 2207 1463 2272 Amor

345 2295 383 2360 fit
403 2296 588 2379 spiritualis
600 2306 636 2361 et
650 2296 812 2361 caelestis
824 2316 869 2360 ex
881 2297 954 2360 vita
966 2297 1152 2360 secundum
1164 2317 1246 2361 vera
1258 2299 1462 2380 sapientiae,

342 2407 432 2470 quae
447 2386 644 2453 intellettus
660 2389 764 2452 docet
782 2397 819 2452 et
837 2397 1032 2453 monstrat:
1056 2407 1153 2452 amor
1171 2409 1232 2470 per
1247 2385 1463 2453 intellectum

343 2500 442 2544 suum
461 2482 575 2545 haurit
595 2481 664 2556 illa,
681 2489 717 2544 et
736 2499 804 2544 non
822 2499 844 2544 a
862 2499 920 2559 se;
950 2498 1030 2543 nam
1048 2499 1145 2544 amor
1163 2500 1232 2544 non
1251 2489 1370 2563 potest
1390 2479 1463 2545 ele·

344 2593 427 2636 vare
459 2594 507 2647 se,
533 2573 597 2636 nisi
626 2573 714 2636 sciat
741 2591 833 2647 vera,
857 2580 893 2635 et
921 2571 1007 2635 haec
1037 2573 1123 2636 scire
1150 2591 1220 2635 non
1250 2581 1368 2654 potest
1398 2572 1463 2636 nisi

342 2681 447 2746 quam
478 2685 538 2746 per
560 2662 773 2727 intellectum
797 2663 970 2728 elevatum
994 2673 1030 2727 et
1053 2663 1287 2741 illustratum3
1318 2673 1354 2727 et
1377 2672 1460 2727 tunc

343 2765 512 2837 quantum
536 2765 631 2819 amat
654 2777 734 2818 vera
757 2755 914 2819 iaciendo
936 2753 1006 2831 illa,
1026 2763 1163 2818 tantum
1181 2753 1356 2817 elevatur:
1381 2773 1462 2818 nam

344 2848 436 2913 aliud
467 2859 521 2913 est
551 2848 756 2930 intelligere,
780 2859 816 2913 et
845 2848 939 2913 aliud
969 2858 1023 2912 est
1053 2847 1164 2926 velle;
1199 2868 1259 2911 seu
1281 2846 1374 2911 aliud
1406 2858 1461 2911 est

345 2940 448 3024 loqui,
466 2952 502 3004 et
521 2941 611 3004 aliud
631 2951 684 3004 est
702 2941 822 3006 iacere.
867 2939 954 3005 Sunt
973 2941 1030 3023 qui
1047 2939 1248 3022 intelligunt
1264 2947 1300 3002 et
1318 2939 1463 3021 loquun-

344 3043 401 3097 tur
423 3055 503 3097 vera
526 3033 727 3115 sapientiae,
747 3043 784 3096 at
808 3053 913 3116 usque
937 3053 1006 3096 non
1028 3032 1150 3096 volunt
1172 3042 1209 3095 et
1231 3031 1360 3095 faciunt
1383 3030 1463 3095 illa:

345 3145 422 3189 cum
446 3127 495 3190 ita
518 3144 613 3188 amor
635 3124 717 3188 facit
736 3144 816 3188 vera
839 3123 924 3188 lucis
947 3144 1033 3207 quae
1053 3123 1218 3204 intelligit
1241 3132 1276 3186 et
1302 3122 1462 3206 loquitur,

344 3227 427 3282 tunc
446 3219 612 3282 elevatur.
659 3214 760 3297 Quod
784 3217 833 3280 ita
855 3217 910 3290 sit,
931 3215 1037 3279 homo
1060 3236 1105 3278 ex
1129 3216 1204 3279 sola
1225 3215 1360 3279 ratione
1383 3225 1463 3297 pot·

342 3321 399 3374 est
422 3311 559 3389 videre;
594 3309 674 3393 quid
697 3310 788 3373 enim
810 3317 864 3372 est
888 3307 993 3371 homo
1016 3309 1071 3390 qui
1094 3306 1257 3388 intelligit
1286 3316 1322 3372 et
1353 3306 1463 3389 loqui·

345 3412 402 3466 tur
431 3423 512 3466 vera
542 3402 722 3485 sapientia,
748 3401 828 3464 dum
855 3409 979 3464 contra
1001 3399 1061 3463 illa
1083 3399 1178 3474 vivit,
1202 3400 1269 3463 hoc
1293 3409 1357 3473 est,
1382 3399 1463 3462 dum

345 3504 469 3559 contra
484 3494 543 3556 illa
558 3493 633 3557 vult
649 3503 685 3557 et
701 3492 805 3557 facit?
845 3489 947 3573 Quod
964 3511 1061 3555 amor
1075 3489 1270 3574 purificatus
1288 3511 1309 3554 a
1327 3491 1463 3573 sapien·

344 3589 394 3654 tia
410 3587 469 3652 fiat
486 3587 672 3670 spiritualis
688 3597 725 3652 et
743 3587 912 3662 caelestis,
933 3596 987 3651 est
1006 3587 1084 3671 quia
1098 3586 1229 3650 homini
1247 3596 1318 3650 tres
1337 3585 1465 3668 gradus

345 3681 439 3744 vitae
458 3689 549 3756 sunt,
570 3681 626 3762 qui
643 3689 811 3744 vocantur
829 3678 1007 3754 naturalis,
1027 3677 1213 3761 spiritualis
1232 3690 1268 3742 et
1291 3677 1463 3754 caelestis,

345 3771 389 3835 de
412 3771 533 3854 quibus
551 3771 585 3834 in
608 3769 729 3834 Tertia
751 3771 854 3835 Parte
875 3769 974 3853 hujus
993 3771 1124 3853 operis;
1158 3779 1194 3833 et
1218 3769 1323 3834 homo
1346 3777 1464 3852 potest

343 3864 473 3954 elevari
503 3865 547 3929 ab
577 3883 644 3928 uno
667 3864 700 3928 in
724 3864 893 3930 aiterum:
924 3875 961 3929 at
992 3885 1061 3928 non
1084 3864 1241 3929 elevatur
1270 3884 1331 3948 per
1352 3862 1464 3930 solam

344 3960 564 4043 sapientiam,
592 3957 654 4023 sed
688 3978 749 4042 per
783 3959 889 4022 vitam
913 3958 1101 4023 secundum
1130 3958 1237 4032 illam,
1268 3959 1342 4022 vita
1371 3957 1464 4022 enim

343 4054 493 4120 hominis
503 4063 557 4120 est
569 4052 639 4137 ejus
649 4073 747 4118 amor
757 4075 765 4133 ;
787 4075 891 4137 quare
901 4063 1068 4138 quantum
1078 4054 1163 4118 vivit
1174 4053 1360 4118 secundum
1373 4052 1465 4134 sapi·

343 4151 486 4226 entiam,
511 4160 649 4215 tantum
672 4159 767 4214 amat
790 4150 904 4228 illam;
938 4169 978 4213 ac
1009 4159 1146 4213 tantum
1169 4149 1254 4212 vivit
1277 4146 1465 4213 secundum

344 4246 562 4328 sapientiam,
583 4254 747 4329 quantum
771 4243 925 4328 purificat
949 4264 985 4308 se
1008 4243 1053 4307 ab
1074 4242 1256 4307 immundis
1278 4250 1466 4326 quaesunt

347 4348 511 4420 peccata3
535 4346 571 4401 et
590 4347 755 4419 quantum
774 4336 839 4400 hoc
858 4336 951 4411 iacit,
971 4345 1109 4400 tantum
1128 4345 1223 4399 amat
1241 4334 1346 4398 illam.

409 4445 507 4513 423.
538 4430 639 4514 Quod
663 4448 760 4495 amor
777 4429 973 4513 purificatus
992 4451 1012 4495 a
1030 4430 1201 4513 sapientia
1219 4429 1253 4493 in
1271 4423 1465 4504 intellectu,

347 4524 407 4589 fiat
426 4527 610 4609 spiritualis
629 4535 664 4590 et
688 4525 861 4600 caelestis,
882 4546 952 4590 non
970 4527 1020 4590 ita
1038 4525 1146 4592 videri
1165 4534 1282 4609 potest
1305 4543 1366 4607 per
1387 4542 1469 4588 cor·

346 4621 629 4702 respondentiam
649 4639 725 4684 cum
749 4621 853 4684 corde
876 4630 912 4686 et
935 4621 1108 4704 pulmone,
1128 4621 1207 4705 quia
1226 4637 1328 4684 nemo
1346 4625 1478 4715 potest·
