3268 5380
377 674 421 740 90
732 671 934 722 SAPIENTIA
957 671 1154 723 ANGELICA

375 843 549 926 gradibus,
564 852 599 907 et
616 843 707 926 quod
725 844 912 920 minimum,
930 845 1020 929 quod
1039 865 1107 908 non
1124 865 1169 909 ex
1186 844 1253 908 illis
1269 848 1446 923 consistit,
1459 848 1503 913 sit
1595 847 1596 898 l

375 940 478 1018 nihil;
504 961 573 1002 non
591 939 681 1003 enim
699 940 805 1004 habet
821 940 975 1016 formam,
992 941 1042 1005 ita
1059 961 1128 1005 non
1144 940 1257 1026 quale,
1271 963 1334 1009 nec
1351 943 1504 1027 aliquem
1595 1003 1596 1014 ,

374 1043 506 1097 statum
530 1035 586 1117 qui
610 1036 733 1099 mutari
757 1044 793 1099 et
818 1036 940 1100 variari
964 1045 1093 1119 potest,
1118 1046 1155 1101 et
1187 1058 1248 1120 per
1277 1037 1311 1102 id
1336 1040 1502 1104 existere.
1595 1027 1596 1106 l

376 1129 506 1211 Angeli
524 1129 729 1195 confirmant
749 1132 783 1195 id
803 1151 864 1214 per
879 1132 944 1196 hoc
964 1152 1093 1209 verum,
1111 1135 1203 1216 quod
1222 1133 1355 1199 infinita
1373 1135 1408 1198 in
1424 1134 1505 1200 Deo
1595 1129 1596 1192 l

376 1223 552 1300 Creatore,
564 1227 620 1308 qui
636 1237 689 1290 est
706 1226 875 1291 Dominus
890 1227 934 1289 ab
949 1237 1103 1304 aeterno,
1118 1223 1280 1292 distincte
1293 1247 1397 1292 unum
1411 1231 1504 1308 sint;
1595 1273 1596 1296 2

375 1341 414 1384 ac
432 1322 524 1405 quod
540 1321 673 1385 infinita
690 1323 723 1386 in
743 1321 884 1386 infinitis
901 1321 1034 1406 Ipsius;
1061 1333 1097 1388 et
1114 1323 1205 1406 quod
1224 1325 1259 1387 in
1277 1322 1412 1388 infinite
1428 1325 1503 1388 infi·
1595 1315 1596 1388 Ῠ

375 1417 457 1481 nitis
476 1419 545 1480 sint
564 1417 692 1500 gradus
712 1419 887 1503 utriusque
905 1419 1055 1502 generis,
1076 1421 1132 1502 qui
1151 1419 1257 1482 etiam
1277 1420 1311 1482 in
1330 1418 1414 1503 Ipso
1432 1423 1503 1484 dis·
1595 1441 1596 1488 ἐ

375 1508 484 1575 tin&
507 1532 611 1575 unum
635 1523 736 1591 sunt;
771 1523 806 1577 et
831 1516 909 1598 quia
930 1515 990 1579 illa
1012 1516 1046 1578 in
1072 1515 1153 1596 Ipso
1176 1525 1329 1592 sunt,·et
1354 1516 1399 1579 ab
1423 1517 1505 1600 Ipso
1595 1507 1596 1588 l

375 1609 492 1672 omnia
507 1619 624 1673 creata
640 1619 732 1686 sunt,
747 1619 783 1673 et
799 1630 886 1694 quae
899 1621 1016 1674 creata
1028 1619 1119 1685 sunt,
1134 1612 1168 1674 in
1187 1610 1336 1694 quadam
1349 1612 1504 1694 imagine

375 1703 527 1769 referunt
550 1703 610 1769 illa
632 1725 719 1788 quae
742 1704 776 1768 in
802 1704 882 1788 Ipso
906 1715 996 1780 sunt,
1017 1707 1170 1788 sequitur
1192 1707 1283 1788 quod
1307 1727 1377 1770 non
1402 1709 1505 1773 detur
1595 1777 1596 1780 ,

376 1800 553 1864 minimum
576 1799 723 1877 finitum,
747 1802 781 1863 in
811 1821 879 1884 quo
903 1821 972 1865 non
996 1801 1085 1864 tales
1107 1801 1235 1884 gradus
1259 1813 1351 1866 sunt.
1398 1801 1501 1885 Quod
1595 1861 1596 1888 ᾖ

376 1893 426 1957 1111
450 1897 578 1976 gradus
596 1917 703 1981 aeque
725 1896 760 1961 in
783 1897 931 1960 minimis
955 1915 995 1960 ac
1018 1897 1052 1960 in
1073 1897 1233 1960 maximis
1252 1898 1334 1972 sint,
1352 1908 1407 1962 est
1427 1901 1506 1982 quia
1595 1925 1596 1942 1

377 1987 538 2054 Divinum
558 1992 591 2055 in
611 1993 771 2056 maximis
790 2001 827 2056 et
850 1992 998 2056 minimis
1017 2000 1072 2056 est
1094 1994 1196 2056 idern.
1242 1989 1345 2074 Quod
1367 1994 1403 2057 in
1428 1994 1505 2058 Deo
1595 1995 1596 2016 ³

379 2081 532 2150 Homine
554 2085 687 2151 infinita
710 2083 873 2152 distincte
896 2105 1000 2150 unum
1033 2087 1113 2164 sint,
1138 2087 1296 2152 videatur
1319 2108 1421 2171 supra
1457 2089 1504 2172 (n.

381 2181 519 2265 17-22);
543 2191 579 2246 et
595 2182 688 2266 quod
706 2183 866 2247 Divinum
885 2183 919 2246 in
938 2183 1100 2246 maximis
1118 2192 1155 2247 et
1179 2183 1328 2247 minimis
1347 2185 1393 2246 sit
1412 2186 1504 2249 idem
1595 2183 1596 2248 5

378 2271 426 2359 (n.
445 2275 589 2362 77-82);
616 2297 704 2361 quae
722 2277 833 2341 adhuc
852 2275 1026 2341 illustrata
1045 2288 1126 2342 sunt
1147 2275 1195 2363 (n.
1219 2293 1288 2359 155,
1313 2279 1380 2360 169,
1407 2280 1495 2362 171).
1595 2307 1596 2312 ¹

440 2387 534 2456 224.
564 2369 667 2454 Quod
697 2392 766 2435 non
790 2373 969 2436 minimum
992 2375 1119 2437 amoris
1149 2383 1184 2438 et
1214 2375 1418 2457 sapientiae,
1438 2396 1502 2439 nec
1595 2383 1596 2430 i

377 2467 553 2531 minimum
570 2465 757 2531 affedlionis
773 2477 808 2531 et
826 2469 1061 2550 cogitationis,
1076 2480 1111 2533 et
1129 2489 1191 2534 nec
1208 2471 1385 2534 minimum
1402 2472 1505 2536 ideae

377 2563 612 2643 cogitationis,
631 2563 731 2627 detur
749 2564 867 2647 inquo
886 2584 957 2626 non
977 2573 1057 2628 sunt
1077 2565 1253 2648 utriusque
1270 2568 1408 2647 generis
1423 2586 1505 2650 gra-

377 2659 451 2733 dus,
465 2667 519 2721 est
536 2659 614 2741 quia
626 2678 722 2722 amor
734 2667 769 2721 et
785 2660 955 2741 sapientia
970 2670 1050 2723 sunt
1064 2660 1260 2725 substantia
1273 2671 1309 2726 et
1321 2662 1431 2726 forma
1451 2662 1505 2746 (ut

376 2772 489 2835 supra,
501 2772 533 2814 n.
543 2769 661 2833 40-43‚
673 2763 852 2817 ostensum
861 2752 932 2838 est)
946 2775 954 2832 ;
968 2753 1124 2818 similiter
1133 2752 1268 2820 affeffio
1278 2768 1315 2820 et
1325 2757 1504 2840 cogitatio.

377 2846 425 2911 Et
438 2849 517 2932 quia
532 2868 600 2912 non
617 2848 719 2912 datur
731 2847 852 2924 forma,
867 2849 900 2913 in
917 2870 984 2933 qua
993 2868 1063 2913 non
1079 2849 1128 2913 illi
1145 2851 1272 2932 gradus
1290 2860 1382 2928 sunt,
1397 2863 1434 2916 ut
1447 2873 1504 2916 su·

376 2963 437 3026 pra
447 2940 576 3007 dictum
589 2953 654 3020 est,
664 2944 818 3027 sequitur
829 2944 920 3027 quod
933 2943 1061 3008 similes
1073 2946 1201 3026 gradus
1213 2945 1281 3010 illis
1293 2947 1362 3010 sint
1377 2968 1385 3025 ;
1403 2967 1504 3030 sepa·

376 3061 451 3104 rare
468 3039 559 3104 enirn
575 3058 728 3103 amorem
744 3049 781 3103 et
798 3039 1015 3122 sapientiam,
1030 3048 1104 3104 turn
1120 3039 1339 3106 afledtionem
1353 3053 1389 3106 et
1406 3043 1505 3125 cogi·

378 3137 548 3200 tationem
579 3157 599 3198 a
621 3135 818 3199 substantia
840 3137 873 3198 in
897 3136 1017 3213 forma,
1038 3145 1093 3199 est
1116 3125 1307 3201 annihilare
1330 3137 1401 3211 illa,
1426 3141 1506 3222 quia

378 3250 446 3295 non
463 3232 589 3295 dantur
604 3241 706 3295 extra
724 3251 785 3294 sua
801 3227 964 3312 subjedm,
981 3240 1061 3294 sunt
1082 3232 1173 3294 enim
1189 3231 1311 3295 horum
1327 3241 1442 3297 status
1461 3235 1505 3298 ab

377 3326 516 3391 homine
537 3327 691 3409 percepti
711 3327 744 3390 in
763 3327 964 3402 variatione,
982 3327 1037 3409 qui
1057 3327 1185 3390 sistunt
1205 3326 1275 3391 illa.

440 3438 533 3506 225.
564 3421 730 3497 Maxima,
744 3423 777 3485 in
794 3423 915 3505 quibus
932 3423 1106 3503 utriusque
1122 3424 1258 3503 generis
1271 3422 1398 3504 gradus
1412 3435 1505 3502 sunt,

377 3530 432 3584 est
452 3521 645 3581 universum
665 3516 726 3581 1¹¹in
751 3528 829 3581 toto
848 3539 911 3581 suo
931 3517 1137 3599 complexu;
1162 3529 1216 3582 est
1235 3520 1382 3583 mundus
1401 3532 1504 3584 natu·

377 3615 459 3680 ralis
479 3615 512 3676 in
532 3633 593 3675 suo
613 3613 821 3695 complexu;
847 3625 968 3696 estque
988 3614 1135 3675 mundus
1154 3613 1343 3696 spiritualis
1366 3616 1400 3679 in
1420 3636 1504 3694 suo;

378 3722 431 3776 est
460 3708 605 3795 quodvis
627 3708 817 3788 imperium,
843 3720 879 3772 et
909 3709 1053 3792 quodvis
1084 3728 1228 3790 regnum
1258 3710 1294 3772 in
1324 3731 1386 3774 suo
1409 3731 1503 3775 com·

377 3806 504 3890 plexu;
535 3814 588 3867 est
608 3823 711 3866 omne
731 3803 840 3879 civile,
862 3825 965 3867 omne
988 3804 1118 3866 morale
1142 3814 1178 3866 et
1203 3824 1306 3868 omne
1326 3805 1505 3888 spirituale

376 3921 506 3974 eorum,
528 3901 561 3963 in
585 3919 646 3962 suo
670 3898 878 3980 complexu;
911 3909 1024 3963 toturn
1045 3918 1189 3981 regnum
1209 3898 1369 3977 animale,
1390 3911 1504 3964 totum

377 4017 522 4079 regnum
542 3994 751 4077 vegetabile,
773 4006 808 4059 et
829 4004 941 4059 toturn
962 4015 1106 4076 regnum
1127 3994 1302 4072 minerale,
1323 3995 1504 4079 quodlibet

377 4093 411 4157 in
442 4115 503 4156 suo
533 4090 740 4174 complexu;
776 4100 855 4155 sunt
886 4110 1006 4154 omnes
1033 4089 1299 4171 atmosphaerae
1328 4091 1506 4172 utriusque

378 4191 496 4254 mundi
516 4189 615 4253 simul
635 4197 805 4271 sumptae,
823 4196 896 4251 turn
917 4184 1050 4250 calores
1069 4197 1106 4250 et
1125 4182 1219 4249 luces
1237 4203 1364 4248 earum.
1411 4183 1503 4247 Pari·

378 4295 432 4350 ter
455 4287 566 4349 minus
590 4285 795 4359 communia,
820 4291 857 4346 ut
888 4282 994 4346 homo
1024 4283 1056 4344 in
1089 4301 1152 4343 suo
1178 4278 1377 4362 complexu,
1402 4298 1505 4344 omne

378 4382 505 4445 animal
522 4383 555 4444 in
575 4401 648 4451 suo,
666 4380 777 4443 omnis
793 4378 894 4442 arbor
910 4390 945 4442 et
966 4398 1067 4442 omne
1084 4375 1271 4457 virgultum
1286 4376 1320 4440 in
1337 4396 1411 4451 suo,
1429 4383 1505 4439 turn

379 4479 490 4542 omnis
504 4477 590 4560 lapis
604 4486 638 4540 et
656 4495 757 4538 omne
770 4474 948 4538 metallum
965 4477 997 4536 in
1015 4495 1087 4536 suo.
1133 4471 1266 4536 Horum
1278 4471 1408 4536 formae
1424 4481 1506 4536 sunt

379 4573 509 4639 similes
525 4573 638 4656 quoad
656 4571 700 4646 id,
716 4571 807 4654 quod
828 4592 871 4633 ex
893 4571 1069 4652 utriusque
1085 4571 1222 4652 generis
1238 4568 1402 4650 gradibus
1421 4587 1505 4632 con·

380 4671 526 4735 sistant:
563 4677 753 4742 causaest,
779 4666 857 4749 quia
881 4665 1053 4742 Divinum,
1080 4687 1099 4730 a
1123 4687 1190 4748 quo
1214 4674 1331 4728 creata
1355 4674 1447 4741 sunt,
1471 4665 1506 4726 iu
