3358 5384
413 595 464 647 DE
487 596 624 648 DIVINO
646 597 791 662 AMORE,
812 597 904 650 lARS
928 597 1061 649 111.-N.
1082 587 1150 650 182.
1300 601 1340 672 71

220 763 373 850 spedlive
388 766 432 830 ad
448 785 600 832 amorem
619 777 655 833 et
674 770 878 851 sapientiam
893 770 1080 834 hominum.
1127 767 1229 853 Quod
1248 772 1337 855 sapi·

220 863 315 926 entia
331 861 532 946 angelorum
545 862 734 947 respective
750 867 794 930 sit
810 865 998 940 ineffabilis,
1017 875 1135 930 notum
1151 877 1226 946 est;
1249 868 1341 951 quod

220 959 327 1022 etiam
349 959 395 1022 sit
418 958 624 1036 hominibus,
645 961 783 1043 quando
805 962 838 1024 in
863 961 1010 1025 naturali
1034 981 1149 1026 amore
1173 972 1264 1040 sunt,
1288 965 1341 1026 in·

220 1054 550 1137 comprehensibilis,
574 1056 746 1120 videbitur
774 1057 809 1120 in
836 1057 1068 1140 sequentibus.
1114 1056 1226 1123 Causa
1249 1057 1341 1141 quod

218 1148 398 1213 ineffabilis
414 1160 450 1216 et
467 1150 821 1234 incomprehensibilis
836 1163 1013 1234 appareat,
1026 1161 1081 1217 est
1097 1154 1175 1237 quia
1190 1154 1224 1217 in
1240 1174 1344 1235 supe·

218 1245 297 1309 riori
316 1246 424 1328 gradu
444 1256 508 1310 est.

282 1339 375 1407 181.
405 1339 577 1422 Quoniam
590 1341 716 1424 gradus
732 1343 857 1407 amoris
873 1353 908 1407 et
925 1344 1115 1425 sapientiae
1128 1354 1219 1421 sunt,
1236 1344 1341 1409 etiam

217 1435 344 1516 gradus
364 1436 486 1500 caloris
505 1447 541 1501 et
560 1436 644 1501 lucis
663 1445 751 1501 sunt.
797 1437 860 1501 Per
878 1437 1027 1502 calorem
1048 1449 1084 1502 et
1103 1439 1213 1502 lucem
1234 1437 1339 1502 intel·

217 1531 370 1613 liguntur
396 1529 490 1595 calor
517 1541 552 1596 et
582 1530 642 1594 lux
670 1533 875 1613 spirituales,
900 1532 1019 1616 quales
1041 1544 1122 1598 sunt
1145 1534 1278 1617 angelis
1305 1535 1340 1600 in

217 1626 332 1702 caelis,
350 1637 385 1690 et
406 1627 524 1709 quales
540 1637 620 1690 sunt
638 1628 833 1691 hominibus
848 1629 961 1710 quoad
978 1629 1141 1694 interiora
1156 1650 1242 1712 quae
1259 1637 1340 1696 sunt

217 1723 344 1785 mentis
362 1742 490 1798 eorum,
509 1743 587 1786 nam
606 1723 799 1786 hominibus
819 1723 938 1786 similis
957 1724 1052 1789 calor
1070 1726 1196 1789 amoris
1214 1734 1280 1799 est,
1299 1733 1337 1789 et

216 1817 336 1881 similis
352 1817 413 1881 lux
429 1819 618 1900 sapientiae
634 1829 699 1894 est,
717 1839 804 1901 quae
820 1829 900 1884 sunt
916 1819 1059 1902 angelis.
1105 1822 1145 1885 In
1165 1820 1270 1885 caelis
1289 1821 1340 1885 ita

216 1924 290 1977 est:
315 1912 424 1997 qualis
440 1922 475 1977 et
490 1924 637 1997 quantus
653 1924 707 1978 est
723 1915 855 1996 angelis
870 1935 977 1990 amor,
995 1916 1074 1980 talis
1093 1927 1129 1982 et
1148 1927 1266 1980 tantus
1284 1927 1339 1982 est

216 2008 284 2072 illis
313 2009 429 2088 calor;
460 2009 617 2073 similiter
646 2009 706 2072 lux
736 2010 850 2092 quoad
878 2012 1102 2092 sapientiam:
1135 2032 1238 2075 causa
1271 2022 1338 2090 cst,

216 2105 294 2189 quia
313 2125 407 2170 amor
425 2106 459 2169 in
478 2105 593 2170 calore
611 2115 677 2181 est,
694 2115 731 2170 et
750 2107 919 2187 sapientia
936 2109 969 2169 in
990 2107 1065 2171 luce
1084 2108 1173 2190 apud
1193 2108 1282 2184 illos,
1301 2118 1339 2173 ut

216 2201 308 2282 prius
332 2210 509 2264 ostensum
532 2210 596 2264 est.
641 2198 759 2264 Simile
787 2210 841 2265 est
868 2202 901 2264 in
929 2204 1027 2265 terris
1051 2203 1141 2284 apud
1169 2203 1338 2279 homines,

216 2316 293 2361 cum
306 2295 496 2360 differentia
511 2307 639 2372 tamen,
657 2297 748 2378 quod
764 2296 880 2378 angeli
896 2299 1049 2363 sentiant
1066 2299 1215 2362 calorem
1232 2298 1338 2376 illum,

203 2412 256 2460 ,ac
285 2392 426 2456 videant
455 2392 565 2455 lucem
593 2390 699 2466 illam,
720 2412 788 2455 non
816 2401 932 2456 autem
960 2392 1137 2472 homines;
1162 2413 1207 2456 ex
1235 2413 1340 2457 causa

217 2488 295 2571 quia
310 2487 467 2551 homines
479 2488 512 2550 in
530 2485 645 2550 calore
662 2495 697 2549 et
714 2485 788 2550 luce
802 2487 949 2551 naturali
965 2497 1055 2563 sunt,
1069 2499 1105 2551 et
1122 2489 1252 2551 tamdiu
1269 2508 1338 2552 non

216 2585 371 2647 sentiunt
381 2582 530 2646 calorem
543 2580 767 2663 spiritualem,
781 2583 845 2645 nisi
858 2602 959 2666 quam
979 2604 1039 2666 per
1052 2585 1224 2665 quoddam
1241 2604 1336 2647 amo·

215 2679 260 2741 ris
280 2676 477 2759 jucundum,
498 2696 536 2740 ac
560 2677 679 2740 vident
701 2675 812 2741 lucem
832 2679 1045 2759 spiritualem
1066 2681 1130 2742 nisi
1153 2699 1254 2762 quam
1277 2699 1339 2761 per

215 2775 474 2855 perceptionem
502 2773 582 2835 veri.
636 2770 735 2836 Nunc
765 2774 844 2856 quia
873 2773 988 2850 homo,
1017 2775 1097 2838 dum
1127 2775 1160 2837 in
1191 2775 1337 2838 naturali

215 2869 328 2933 calore
351 2879 387 2933 et
413 2869 486 2932 luce
505 2880 570 2944 est,
592 2867 675 2932 nihil
699 2869 765 2933 scit
793 2870 836 2932 de
864 2869 978 2934 calore
1006 2881 1042 2933 et
1071 2871 1145 2934 luce
1169 2871 1338 2953 spirituali

216 2966 305 3047 apud
329 2986 377 3040 se,
397 2975 433 3028 et
456 2965 521 3028 hoc
546 2985 614 3028 non
638 2965 715 3028 sciri
738 2974 856 3047 potest
879 2986 979 3048 quam
1004 2987 1064 3047 per
1087 2967 1337 3047 experientiam

215 3082 233 3123 e
257 3062 385 3124 mundo
408 3060 586 3142 spirituali,
606 3060 685 3124 ideo
709 3061 753 3124 de
776 3060 889 3124 calore
918 3073 953 3125 et
984 3062 1026 3124 de
1054 3061 1139 3135 luce,
1160 3063 1193 3124 in
1217 3063 1339 3145 quibus

215 3168 294 3220 sunt
317 3156 432 3239 angeli
455 3176 495 3219 ac
519 3155 606 3219 caeli
629 3156 776 3231 illorum,
797 3155 850 3219 hic
875 3158 1039 3239 imprimis
1063 3157 1205 3219 dicetur.
1252 3157 1338 3222 Inde

215 3263 250 3316 et
270 3272 338 3316 non
356 3252 493 3316 aliunde
513 3252 616 3314 datur
635 3253 667 3314 in
687 3251 750 3315 hac
770 3273 806 3314 re
827 3252 1023 3314 illustratio

277 3348 369 3414 182·
400 3345 468 3410 Sed
485 3347 611 3429 gradus
628 3347 751 3409 caloris
767 3345 952 3428 spiritualis
970 3366 1038 3408 non
1056 3355 1197 3428 possunt
1213 3347 1257 3410 ab
1274 3369 1337 3411 ex-

215 3444 382 3525 perientia
405 3442 563 3516 describi,
588 3441 665 3523 quia
689 3461 794 3514 amor,
820 3443 872 3504 cui
896 3442 990 3504 calor
1013 3442 1197 3522 spiritualis
1221 3463 1334 3508 corre-

214 3537 374 3619 spondet,
395 3558 464 3600 non
487 3539 537 3601 ita
556 3537 647 3600 cadit
667 3536 731 3598 sub
753 3536 848 3599 ideas
867 3537 1107 3618 cogitationis;
1132 3538 1192 3600 sed
1211 3541 1339 3621 gradus

214 3634 299 3697 lucis
318 3632 502 3714 spiritualis
522 3642 666 3715 possunt
686 3632 843 3706 describi,
864 3634 942 3714 quia
965 3632 1025 3696 lux
1049 3633 1153 3708 cadit,
1175 3645 1227 3697 est
1246 3638 1337 3699 enim

214 3728 299 3793 haec
319 3729 551 3810 cogitationis.
597 3726 654 3790 Ex
678 3726 840 3808 gradibus
860 3725 944 3790 lucis
968 3748 1071 3810 usque
1092 3729 1338 3810 comprehendi

215 3833 359 3906 possunt
372 3823 498 3904 gradus
511 3821 635 3886 caloris
648 3821 844 3904 spiritualis,
856 3832 935 3887 sunt
949 3825 1038 3886 enim
1056 3824 1090 3886 in
1107 3825 1204 3905 parili
1217 3827 1335 3905 gradu.

215 3917 316 4001 Quod
334 3921 449 4002 itaque
466 3917 577 3981 lucem
590 3917 813 4000 spiritualem,
828 3919 861 3980 in
877 3939 944 4002 qua
960 3909 1039 3983 'sunt
1056 3919 1182 4001 angeli,
1196 3922 1338 3998 attinet,

214 4015 302 4078 hanc
319 4016 437 4078 datum
450 4025 504 4078 est
520 4013 627 4078 oculis
643 4015 728 4077 meis
745 4014 871 4077 videre.
916 4014 995 4078 Lux
1011 4015 1101 4096 apud
1118 4015 1263 4096 angelos
1280 4037 1336 4078 su-

215 4112 384 4191 periorum
398 4109 569 4173 caelorum
587 4118 659 4172 tam
672 4109 819 4173 candida
830 4119 896 4186 est,
911 4119 947 4175 ut
968 4131 1036 4173 non
1053 4110 1197 4173 describi
1214 4112 1336 4192 possit,

215 4227 258 4269 ne
281 4207 419 4289 quidem
446 4226 506 4288 per
530 4205 715 4268 candorem
738 4207 836 4282 nivis,
860 4208 896 4269 et
923 4226 1057 4288 quoque
1083 4215 1155 4269 tam
1178 4204 1338 4281 rutilans,
1427 4255 1432 4263 .

214 4313 252 4368 ut
277 4323 338 4366 nec
363 4302 510 4365 describi
534 4303 655 4382 possit,
680 4321 722 4364 ne
745 4301 882 4385 quidem
907 4322 966 4384 per
985 4301 1083 4383 jubar
1107 4301 1189 4363 solis
1209 4299 1339 4364 mundi.

215 4397 342 4474 Verbo,
355 4397 415 4461 lux
429 4398 486 4460 illa
496 4398 644 4461 millenis
654 4397 784 4461 vicibus
794 4396 935 4461 excedit
947 4397 1057 4460 lucem
1068 4398 1292 4461 meridianam
1305 4393 1312 4424 ²

214 4496 323 4558 terris.
369 4493 420 4557 At
438 4493 498 4556 lux
515 4494 604 4575 apud
621 4493 765 4576 angelos
782 4493 975 4557 inferiorum
992 4493 1164 4556 caelorum
1181 4494 1273 4572 aliqu

215 4600 287 4654 tum
306 4601 423 4674 potest
447 4610 508 4672 per
531 4591 807 4672 comparationes
823 4590 979 4666 describi,
997 4590 1058 4653 sed
1075 4610 1180 4673 usque
1197 4607 1265 4653 exc
