3410 5382
329 669 376 732 62
482 667 484 671 ⁸
687 676 889 730 SAPIENTIA
912 675 1108 729 ANGELICA

332 861 372 918 et
387 851 480 918 facit.
521 855 579 918 [0.]
604 848 705 933 Quod
721 849 869 914 influxus
882 849 1072 915 voluntatis
1086 849 1225 916 Domini
1240 850 1274 916 id
1287 859 1458 935 operetur,

335 948 451 1014 multis
468 945 660 1012 confirmari
676 957 795 1030 potest
811 967 856 1010 ex
873 949 1002 1011 mundo
1021 947 1198 1030 spirituali.
1244 945 1459 1032 Quandoque

332 1046 428 1110 enim
447 1042 616 1108 Dominus
640 1044 761 1127 implet
779 1043 941 1126 angelum
958 1065 1021 1108 suo
1041 1044 1178 1120 Divino,
1194 1044 1245 1109 ita
1261 1053 1299 1107 ut
1315 1046 1459 1128 angelus

335 1163 407 1208 non
424 1145 511 1209 sciat
528 1143 629 1207 aliter
645 1161 747 1226 quam
764 1144 855 1227 quod
871 1144 917 1207 sit
937 1143 1115 1207 Dominus.
1161 1141 1216 1206 lta
1230 1140 1364 1225 impleti
1380 1153 1459 1208 sunt

332 1241 453 1324 angeli
468 1241 532 1306 visi
548 1239 760 1315 Abrahamo‚
779 1239 921 1321 Hagari‚
939 1237 1118 1316 Guideoni,
1135 1240 1192 1322 qui
1207 1239 1287 1303 inde
1303 1260 1341 1304 se
1356 1261 1458 1305 voca·

334 1349 459 1403 verunt
482 1337 661 1419 Jehovam,
680 1337 723 1401 de
747 1336 867 1420 quibus
885 1337 919 1398 in
936 1335 1065 1400 Verbo.
1112 1334 1168 1399 Ita
1187 1356 1322 1419 quoque
1341 1347 1459 1420 potest

335 1455 422 1498 unus
444 1434 583 1516 spiritus
605 1432 738 1516 impleri
762 1431 807 1496 ab
824 1431 948 1507 altero,
970 1452 1075 1515 usque
1100 1441 1137 1495 ut
1159 1452 1229 1496 non
1249 1434 1337 1498 sciat
1357 1451 1458 1517 quam

332 1531 427 1615 quod
443 1531 533 1593 alter
549 1529 615 1592 sit:
639 1528 705 1592 hoc
722 1527 858 1610 saepius
873 1527 955 1591 mihi
971 1527 1080 1590 visum
1095 1537 1160 1591 est.
1206 1526 1336 1592 Notum
1353 1530 1458 1593 etiam

332 1637 389 1690 est
412 1628 446 1688 in
468 1622 577 1699 caelo,
597 1625 688 1707 quod
714 1623 882 1687 Dominus
906 1633 1066 1704 operetur
1089 1624 1204 1687 omnia
1223 1644 1283 1706 per
1301 1624 1403 1700 velle,
1423 1635 1458 1689 et

333 1722 427 1804 quod
444 1720 503 1784 fiat
521 1719 611 1803 quod
628 1718 712 1782 vult.
759 1718 814 1782 Ex
831 1718 885 1782 his
904 1728 1014 1801 patet,
1031 1719 1123 1800 quod
1140 1717 1239 1782 binae
1255 1716 1334 1781 illae
1352 1717 1458 1781 facul-

333 1825 428 1880 tates
445 1817 525 1888 sint,
544 1835 604 1896 per
619 1835 704 1898 quas
724 1814 892 1878 Dominus
917 1813 960 1878 Se
984 1813 1161 1895 conjungit
1185 1811 1326 1888 homini,
1345 1823 1382 1877 et
1400 1833 1459 1896 per

333 1933 421 1994 quas
454 1910 536 1974 facit
570 1920 607 1973 ut
639 1911 743 1974 homo
774 1911 949 1992 reciproce
982 1908 1222 1990 conjungatur.
1274 1906 1459 1989 Quomodo

333 2017 454 2070 autern
478 2007 584 2068 homo
610 2025 670 2086 per
700 2005 777 2068 illas
807 2005 993 2069 facultates
1024 2006 1197 2087 reciproce
1228 2003 1456 2085 conjungitur,

332 2112 590 2184 consequenter
612 2102 786 2183 quomodo
809 2121 869 2182 per
892 2101 968 2165 illas
990 2101 1194 2164 reformatur
1216 2109 1252 2162 et
1276 2119 1457 2181 regenera-

332 2206 399 2272 tur,
420 2218 522 2280 supra
541 2193 670 2260 dictum
689 2207 755 2270 est,
776 2207 811 2260 et
836 2197 878 2259 de
902 2217 945 2261 ea
967 2196 1053 2260 infra
1071 2197 1167 2278 plura
1186 2195 1353 2258 dicentur.
1400 2199 1457 2261 [7.]

335 2291 436 2372 Quod
447 2292 578 2356 homini
589 2291 714 2375 absque
725 2291 812 2354 binelr
825 2290 895 2354 illis
902 2291 1130 2372 facultatibus
1141 2311 1204 2353 non
1211 2290 1308 2370 foret
1322 2289 1456 2352 immor·

333 2387 454 2453 tale'tas
476 2397 508 2451 et
528 2388 601 2452 vita
622 2398 768 2460 aeterna,
788 2389 942 2471 sequitur
964 2408 1010 2451 ex
1034 2407 1123 2451 nunc
1147 2383 1258 2460 dictis,
1283 2385 1375 2468 quod
1397 2403 1458 2467 per

332 2483 413 2547 illas
429 2486 474 2548 sit
491 2481 685 2565 conjunttio
696 2502 772 2546 cum
788 2482 948 2558 Domino,
963 2494 1036 2547 tum
1049 2483 1247 2547 reformatio
1260 2492 1296 2544 et
1313 2500 1456 2564 regene-

333 2582 425 2644 ratio
441 2604 448 2660 ;
473 2601 533 2663 per
549 2576 826 2661 conjundiionem
843 2590 897 2644 est
916 2580 1047 2644 homini
1065 2578 1320 2654 immortalitas,
1338 2599 1378 2642 ac
1396 2599 1457 2662 per

333 2675 614 2740 reformationem
645 2685 682 2739 et
711 2677 1010 2758 regenerationem
1042 2685 1096 2740 est
1125 2677 1198 2739 vita
1224 2683 1385 2739 aeterna:
1420 2683 1456 2738 et

334 2771 413 2852 quia
437 2791 496 2850 per
515 2768 592 2832 illas
610 2769 793 2833 facultates
816 2780 871 2835 est
895 2768 1090 2852 conjunctio
1109 2770 1248 2833 Domini
1267 2788 1343 2833 cum
1363 2771 1457 2833 omni

334 2864 484 2938 homine,
506 2874 577 2927 tam
604 2864 696 2927 malo
717 2884 819 2947 quam
839 2866 943 2939 bono,
963 2875 1001 2929 ut
1025 2865 1151 2930 diftum
1175 2876 1240 2940 est,
1261 2865 1339 2928 ideo
1363 2866 1456 2929 omni

334 2958 465 3023 homini
481 2959 727 3024 immortalitas
743 2969 819 3038 est;
844 2961 905 3025 sed
921 2961 970 3024 illi
986 2961 1114 3025 homini
1133 2963 1206 3025 vita
1222 2971 1375 3034 aeterna,
1389 2962 1455 3025 hoc

332 3065 398 3130 est,
416 3056 489 3120 vita
505 3055 602 3132 caeli,
621 3055 710 3139 apud
727 3075 827 3138 quem
845 3067 898 3120 est
916 3055 1109 3139 conjunctio
1124 3059 1300 3140 reciproca
1316 3058 1359 3120 ab
1375 3057 1454 3120 inti·

333 3151 398 3214 mis
410 3152 455 3214 ad
472 3151 603 3215 ultima.
647 3150 705 3214 Ex
717 3151 769 3214 his
782 3152 888 3215 videri
905 3163 1049 3234 possunt
1063 3173 1198 3226 causae,
1212 3171 1270 3215 cur
1286 3150 1455 3215 Dominus

333 3247 432 3310 binas
448 3247 525 3311 illas
541 3247 726 3312 facultates
742 3248 833 3330 apud
849 3247 1024 3311 hominem
1040 3246 1191 3311 illibatas
1208 3266 1247 3309 ac
1265 3256 1301 3311 ut
1318 3245 1454 3311 sanctas

331 3343 367 3406 in
384 3345 477 3407 omni
494 3343 638 3408 Divinae
655 3365 736 3407 suae
754 3343 995 3407 Providentiae
1012 3345 1253 3426 progressione
1269 3345 1453 3408 custodiat.

398 3453 468 3522 97·
497 3437 595 3522 (viii.)
627 3437 724 3518 Quod
735 3439 807 3502 ideo
825 3438 970 3503 Divinae
983 3438 1224 3502 Providentiae
1238 3439 1296 3516 sit,
1309 3448 1348 3503 ut
1360 3439 1454 3503 homo

329 3555 376 3597 ex
400 3533 504 3596 libero
527 3534 703 3598 secundum
729 3534 890 3598 rotronem
913 3533 1111 3617 agat—Ex
1134 3532 1243 3599 libero
1266 3535 1451 3598 secundum

332 3630 503 3690 rationem
522 3648 637 3710 agere,
658 3639 694 3693 et
713 3650 759 3693 ex
779 3629 942 3694 libertate
960 3649 999 3694 ac
1017 3630 1253 3695 rationalitate
1269 3651 1382 3712 agere,
1400 3639 1452 3693 est

330 3723 436 3795 idem,
455 3731 528 3785 tum
551 3724 654 3786 etiarn
678 3746 723 3787 ex
743 3724 924 3790 voluntate
940 3745 980 3789 ac
1004 3723 1207 3805 intellectu;
1231 3737 1267 3790 at
1288 3726 1379 3789 aliud
1399 3735 1453 3790 est

330 3839 378 3879 ex
400 3816 507 3880 libero
523 3819 709 3882 secundum
724 3821 903 3895 rationem,
924 3843 1046 3884 senex
1067 3820 1227 3886 libertate
1247 3833 1282 3885 et
1301 3823 1452 3886 rationa-

333 3912 433 3976 litate
453 3932 567 3994 agere,
588 3922 623 3978 et
647 3914 737 3978 aliud
757 3926 811 3980 est
835 3938 880 3980 ex
904 3916 979 3999 ipso
998 3917 1107 3980 libero
1130 3919 1318 3982 secundum
1343 3919 1451 3999 ipsam

330 4009 513 4082 rationem,
538 4031 598 4074 seu
621 4031 667 4074 ex
686 4012 762 4096 ipsa
787 4013 949 4077 libertate
976 4023 1011 4076 et
1034 4034 1079 4075 ex
1107 4014 1180 4095 ipsa
1203 4013 1452 4088 rationalitate,

330 4124 436 4186 agere
449 4127 456 4183 ;
476 4107 635 4188 quoniam
648 4105 754 4172 homo
766 4110 821 4192 qui
834 4107 962 4172 malum
975 4107 1057 4171 facit
1069 4129 1114 4171 ex
1127 4127 1244 4172 amore
1261 4109 1352 4183 mali,
1366 4119 1402 4173 et
1418 4109 1452 4172 id

330 4202 424 4283 apud
448 4223 484 4263 se
507 4201 699 4278 confirmat,
716 4204 774 4268 ille
790 4205 925 4287 quidem
943 4225 988 4267 ex
1012 4203 1121 4267 libero
1140 4205 1328 4268 secundum
1345 4205 1451 4268 ratio·

333 4316 411 4359 nem
431 4299 516 4378 agit,
530 4298 591 4362 sed
604 4319 711 4382 usque
728 4299 871 4363 liberum
884 4299 955 4380 ejus
972 4320 1039 4363 non
1057 4301 1089 4364 in
1110 4321 1146 4364 se
1162 4310 1217 4364 est
1234 4300 1376 4364 liberum
1393 4320 1452 4364 seu

330 4391 443 4473 ipsum
460 4392 614 4469 liberum,
632 4415 748 4459 verum
766 4404 819 4459 est
836 4396 978 4460 liberum
995 4395 1170 4468 infernale,
1188 4398 1278 4480 quod
1295 4397 1328 4460 in
1345 4418 1381 4460 se
1399 4405 1452 4460 est

330 4507 478 4564 servum,
498 4498 535 4552 et
557 4491 647 4554 ratio
670 4490 740 4573 ejus
760 4511 828 4555 non
847 4493 880 4555 in
898 4512 934 4555 se
953 4503 1006 4556 est
1026 4494 1125 4560 ratio.
1147 4494 1206 4556 sed
1223 4503 1276 4556 est
1293 4493 1347 4556 vel
1364 4493 1453 4556 ratio

329 4585 456 4665 spuria,
484 4585 540 4648 vel
570 4585 667 4660 falsa,
694 4585 750 4650 vel
781 4606 950 4670 apparens
982 4609 1040 4670 per
1067 4586 1356 4652 confirmationes.
1401 4587 1452 4652 At

329 4699 438 4763 usque
454 4688 635 4764 utrumque
651 4691 705 4745 est
722 4681 868 4748 Divinae
886 4683 1146 4762 Providentiae;
1171 4703 1249 4748 nam
1267 4684 1293 4748 si
1310 4683 1453 4748 liberum
