3418 5368
496 593 548 644 os
571 580 1176 662 1>1v1nnstomatasm-nam.
1337 595 1401 663 2¹5

271 766 455 852 Scriptura
479 766 586 833 Sacra
611 764 658 850 (n.
678 766 771 850 5-26,
789 775 826 833 et
846 767 954 852 seq.);
979 779 1014 834 et
1035 769 1091 846 ibi,
1113 777 1151 833 ut
1174 769 1262 853 quid.
1280 787 1404 832 sensus

272 864 459 946 spiritualis
481 863 528 946 (n.
549 863 657 946 5-26).
704 861 807 945 Quod
828 883 948 926 sensus
967 865 1152 946 spiritualis
1172 867 1217 929 sit
1237 867 1271 930 in
1288 864 1399 929 omni·

273 959 335 1022 bus
351 971 387 1025 et
405 959 549 1043 singulis
566 957 674 1022 Verbi
695 956 743 1040 (n.
759 958 870 1042 9-17).
917 957 1018 1040 Quod
1038 981 1084 1022 ex
1103 981 1208 1025 sensu
1230 959 1403 1044 spirituali

273 1055 318 1121 sit
333 1056 425 1139 quod
444 1052 598 1119 Verbum
616 1055 660 1118 sit
679 1052 853 1118 Divinitas
869 1054 1082 1138 inspiratum,
1100 1065 1137 1119 et
1153 1057 1188 1119 in
1204 1057 1298 1119 omni
1314 1077 1400 1120 voce

273 1149 430 1215 santium
459 1150 506 1234 (n.
540 1153 586 1226 18,
619 1150 683 1232 19).
734 1148 837 1232 Quod
864 1169 984 1212 sensus
1015 1151 1202 1232 spiritualis
1229 1150 1403 1216 hactenus

273 1247 414 1331 ignotus
431 1248 541 1323 luerit,
556 1259 591 1312 et
610 1267 670 1310 cur
687 1267 756 1310 non
773 1247 865 1330 prius
876 1245 1051 1310 revelatus
1066 1244 1113 1328 (n.
1127 1244 1258 1328 20-25).
1296 1244 1402 1329 Quod

274 1365 393 1408 sensus
421 1343 606 1426 spiritualis
637 1364 706 1407 non
737 1343 838 1407 alicui
869 1341 1014 1425 posthac
1046 1343 1157 1416 detur,
1186 1343 1249 1405 nisi
1279 1344 1335 1426 qui
1365 1345 1403 1408 in

274 1441 431 1522 genuinis
459 1441 549 1505 veris
575 1460 597 1504 a
623 1439 776 1504 Domino
803 1448 857 1503 est
886 1437 933 1521 (n.
950 1437 1018 1522 26).
1065 1451 1122 1515 [6.]
1155 1437 1211 1502 Ex
1239 1437 1291 1502 his
1310 1459 1403 1504 nunc

274 1547 435 1600 constare
468 1546 600 1620 potest,
635 1537 726 1620 quod
761 1557 807 1599 ex
841 1534 967 1598 Divina
1003 1535 1144 1599 Domini
1179 1535 1404 1599 Providentia

275 1631 330 1708 sit,
347 1631 439 1716 quod
458 1653 580 1695 sensus
602 1632 790 1714 spiritualis
813 1653 920 1714 usque
939 1631 983 1694 ad
1003 1631 1069 1694 hoc
1089 1630 1263 1694 saeculum
1283 1651 1404 1695 coram

275 1729 403 1790 mundo
422 1727 573 1804 latuerit,
587 1747 627 1790 ac
649 1729 782 1792 interea
797 1728 831 1790 in
851 1727 948 1790 caelo
965 1727 1055 1810 apud
1073 1727 1229 1810 angelos,
1246 1727 1304 1809 qui
1320 1727 1404 1790 inde

275 1823 477 1904 sapientiam
502 1843 599 1887 suam
621 1823 794 1897 hauriunt,
814 1835 1009 1887 reservatus
1033 1823 1146 1888 suerit.
1191 1821 1255 1887 Ille
1278 1843 1405 1887 sensus

275 1918 365 2000 apud
388 1919 561 2001 antiquos,
589 1920 645 2003 qui
673 1929 755 1983 ante
783 1918 904 1982 Mosen
932 1921 1106 1996 vixerunt,
1135 1929 1238 1984 notus
1265 1917 1338 1994 suit,
1363 1931 1404 1985 et

275 2032 409 2097 quoque
433 2013 620 2093 excultus;
647 2016 708 2078 sed
728 2016 807 2098 quia
826 2016 956 2097 posteri
976 2036 1105 2090 eorum,
1125 2018 1403 2098 corresponden-

274 2109 351 2182 tias,
368 2130 413 2172 ex
430 2109 551 2193 quibus
566 2108 650 2172 solis
666 2108 820 2174 Verbum
837 2130 954 2174 eorum
972 2121 1008 2175 et
1027 2113 1106 2176 inde
1121 2113 1243 2194 religio
1259 2124 1402 2177 consta·

275 2204 347 2280 bat,
360 2215 540 2270 verterunt
555 2206 588 2269 in
600 2207 712 2269 varias
726 2205 952 2282 idololatrias,
966 2227 1006 2270 ac
1021 2207 1189 2289 Aegyptii
1206 2207 1239 2269 in
1257 2210 1403 2289 magias,

275 2299 332 2362 ille
352 2321 397 2364 ex
422 2301 546 2364 Divina
570 2301 711 2364 Domini
734 2300 955 2365 Providentia
973 2301 1131 2365 occlusus
1152 2311 1228 2378 est;
1252 2302 1402 2384 primum

274 2395 366 2478 apud
395 2394 482 2460 filios
510 2396 658 2471 Israelis,
687 2406 723 2460 et
750 2406 874 2479 postea
896 2397 985 2478 apud
1010 2395 1234 2471 Christianos,
1260 2407 1406 2479 propter

275 2512 407 2567 causas,
421 2492 464 2555 de
480 2493 602 2574 quibus
618 2512 730 2573 supra,
745 2501 780 2554 et
798 2511 886 2554 nunc
904 2491 1049 2573 primum
1065 2511 1127 2573 pro
1143 2489 1243 2553 Nova
1260 2489 1405 2556 Domini

275 2585 436 2653 Ecclesia
452 2597 602 2670 apertus.

339 2683 438 2765 265.
467 2680 543 2764 (iii.)
574 2681 672 2761 Quod
683 2693 801 2746 contra
815 2682 978 2746 Divinam
994 2681 1250 2747 Providentiam
1265 2683 1406 2748 dubriam

269 2777 383 2862 possit
397 2777 526 2859 inferri
536 2800 580 2842 ex
593 2800 638 2854 co,
656 2779 748 2862 qnod
758 2777 822 2843 ltnc
836 2800 940 2861 usque
953 2779 1163 2854 nesciverint,
1181 2780 1406 2862 quodsngere

275 2873 367 2937 mala
386 2873 472 2936 sicut
490 2883 625 2955 peccata
643 2874 691 2937 sit
713 2874 790 2955 ipsa
809 2875 928 2955 religio
949 2872 978 2938 C
978 2873 1310 2957 tristiam—Quod
1334 2877 1399 2940 boc

275 2969 320 3031 sit
354 2971 427 3050 ipsa
457 2969 579 3051 religio
610 2968 817 3044 Christiana,
846 2970 878 3031 in
907 2968 1069 3032 Doiirina
1092 2969 1188 3033 Vitae
1210 2978 1276 3051 pro
1301 2969 1405 3032 Nova

275 3062 519 3146 Hierosolyma,
540 3086 560 3128 a
578 3066 744 3148 principio
767 3065 812 3128 ad
836 3063 949 3139 finem,
967 3075 1146 3128 ostensum
1166 3077 1241 3127 est:
1266 3073 1302 3128 et
1322 3067 1403 3148 quia

275 3157 360 3223 fides
386 3171 547 3242 separata
574 3181 594 3224 a
617 3161 786 3225 charitate
814 3160 924 3223 solum
948 3160 1079 3236 obstat,
1100 3160 1180 3242 quin
1203 3159 1402 3240 recipiatur,

275 3257 381 3320 etiam
404 3257 447 3320 de
471 3256 531 3320 illa
558 3254 671 3321 atium
695 3267 760 3320 est.
806 3255 939 3320 Dicitur
962 3256 1053 3340 quod
1077 3254 1283 3319 nesciverint
1307 3256 1402 3338 quod

274 3349 392 3433 sugere
410 3351 502 3414 mala
520 3351 608 3415 sicut
632 3361 778 3433 peccata
800 3351 845 3414 sit
864 3351 939 3431 ipsa
961 3349 1084 3431 religio
1107 3347 1321 3428 Christiana;
1345 3361 1403 3414 est

275 3446 353 3529 quia
379 3467 488 3530 paene
519 3467 641 3511 omnes
670 3448 841 3522 nesciunt,
866 3458 902 3511 et
930 3457 1048 3510 tamen
1076 3445 1305 3528 unusquisque
1332 3449 1399 3510 scit

277 3538 450 3622 (videatur
473 3563 584 3626 supra,
606 3564 638 3607 n.
658 3541 747 3625 258).
794 3540 896 3625 Quod
917 3563 1022 3624 usque
1045 3562 1156 3625 paene
1176 3561 1297 3606 omnes
1319 3563 1402 3606 nes·

275 3637 381 3712 ciant,
399 3647 453 3701 est
470 3639 548 3720 quia
564 3637 647 3702 fides
667 3646 825 3720 separata
845 3638 928 3700 illud
945 3638 1183 3716 oblitteravit;
1206 3637 1291 3702 haec
1308 3641 1400 3703 enim

276 3729 397 3809 dictat,
414 3734 506 3818 quod
525 3733 600 3797 sola
620 3733 704 3798 fides
723 3735 846 3807 salvet,
867 3745 902 3799 et
920 3754 989 3798 non
1009 3735 1145 3817 aliquod
1165 3734 1294 3797 bonum
1314 3754 1405 3817 opus

275 3849 334 3894 seu
361 3830 489 3895 bonum
517 3829 705 3906 charitatis,
733 3841 806 3895 tum
834 3833 925 3914 quod
953 3852 1021 3895 non
1048 3829 1193 3913 amplius
1223 3827 1288 3892 sub
1316 3827 1405 3911 jugo

274 3924 362 4008 legis
387 3927 467 4001 sint,
488 3928 602 3991 sedin
622 3928 795 3992 libertate.
842 3927 897 3992 Illi
920 3929 975 4011 qui
1000 3927 1084 3991 talia
1102 3926 1283 4008 aliquoties
1301 3927 1399 3989 audi·

274 4032 409 4094 verunt,
436 4042 504 4086 non
531 4026 690 4107 cogitant
720 4024 866 4108 amplius
890 4025 933 4087 de
958 4023 1072 4106 aliquo
1091 4022 1183 4086 malo
1206 4023 1310 4095 vitae,
1336 4041 1402 4084 nec

273 4117 318 4182 de
336 4118 451 4202 aliquo
470 4119 564 4185 bono
582 4123 695 4198 vitae;
720 4124 862 4205 quisque
881 4121 986 4186 homo
1006 4121 1111 4183 etiam
1131 4141 1175 4183 ex
1196 4128 1319 4181 natura
1338 4137 1403 4181 sua

273 4215 317 4277 ad
347 4215 382 4278 id
413 4215 692 4298 ampleiiendum
720 4220 875 4295 inclinat,
902 4229 938 4283 et
969 4236 1046 4280 cum
1076 4213 1184 4278 semel
1215 4212 1404 4295 amplexus

273 4321 340 4386 est,
366 4332 435 4375 non
464 4314 574 4395 magis
602 4315 737 4395 cogitat
760 4317 802 4378 de
826 4315 919 4378 vitae
942 4333 1023 4376 suae
1046 4321 1161 4375 statu:
1186 4309 1271 4372 haec
1295 4329 1403 4371 causa

273 4418 338 4481 est,
365 4409 456 4493 quod
488 4411 671 4475 nesciatur.
727 4416 784 4476 [2.]
816 4409 918 4490 Quod
948 4410 1132 4481 nesciatur,
1160 4406 1227 4470 hoc
1255 4405 1337 4470 mihi
1365 4406 1401 4468 in

274 4505 402 4567 mundo
435 4505 603 4588 spirituali
633 4501 807 4569 deted'tum
840 4517 904 4569 est.
958 4503 1118 4587 Quaesivi
1150 4502 1265 4584 plures
1296 4520 1402 4589 quam

273 4600 368 4665 mille
398 4599 593 4664 advenase
621 4601 760 4675 mundo,
790 4620 869 4662 num
900 4601 1011 4664 sciant
1036 4599 1128 4676 quod
1157 4597 1276 4677 lugere
1311 4595 1407 4670 mala
