3424 5368
528 683 581 738 DE
604 687 740 738 DIVINA
763 687 1211 760 PROV1DENT1A.-N.230.
1382 709 1442 777 171

301 856 451 922 minatio
479 856 518 922 fit
548 877 608 940 per
634 858 786 943 linguam
818 861 1042 943 spiritualem,
1071 884 1159 946 quae
1193 866 1275 931 talis
1306 886 1372 946 est,
1401 885 1440 940 ut

302 973 432 1016 nomen
452 952 533 1016 dare
552 955 664 1037 possit
681 956 861 1039 unicuique
880 959 938 1034 rei,
956 959 1034 1040 quia
1050 958 1095 1022 ibi
1111 963 1253 1043 quaevis
1270 961 1388 1030 littera
1404 970 1439 1032 in

301 1048 493 1126 alphabeto
511 1068 612 1112 unam
636 1069 707 1114 rem
732 1051 916 1134 significat,
933 1063 969 1117 et
988 1053 1104 1137 plures
1123 1055 1261 1122 litterae
1281 1060 1315 1122 in
1335 1081 1439 1126 unam

301 1163 425 1208 vocem
442 1142 656 1226 conjunctae,
673 1166 761 1228 quae
776 1147 905 1212 faciunt
922 1168 1047 1214 nomen
1065 1170 1246 1232 personae,
1264 1155 1439 1237 integrum

300 1250 435 1305 statum
453 1242 502 1305 rei
524 1241 716 1306 involvunt.
762 1240 841 1307 Hoc
865 1245 956 1308 inter
979 1245 1150 1310 mirabilia
1170 1259 1225 1313 est
1248 1250 1282 1312 in
1306 1249 1441 1316 Mundo

300 1338 480 1420 spirituali.
526 1351 583 1413 [2.]
615 1337 672 1400 Ex
697 1337 751 1401 his
774 1348 884 1421 patet,
904 1341 997 1422 quod
1023 1362 1085 1426 per
1105 1343 1272 1410 “Nomen
1292 1344 1382 1409 Dei”
1404 1349 1437 1410 in

302 1432 423 1498 Verbo
446 1431 658 1516 significetur
682 1433 777 1497 Deus
800 1454 878 1498 cum
906 1437 1000 1500 omni
1029 1437 1156 1502 Divino
1184 1440 1276 1524 quod
1300 1442 1333 1504 in
1357 1441 1439 1523 lpso

298 1538 368 1605 est,
390 1539 428 1594 et
445 1529 537 1612 quod
557 1549 602 1591 ex
627 1529 709 1611 lpso
732 1532 889 1612 procedit
906 1553 913 1609 ;
938 1541 973 1595 et
994 1534 1073 1616 quia
1091 1531 1246 1598 Verbum
1266 1547 1320 1600 est
1341 1536 1437 1599 Divi·

299 1645 384 1689 num
403 1625 606 1709 procedens,
623 1636 679 1689 est
698 1625 732 1688 id
750 1624 887 1690 Nomen
905 1626 993 1706 Dei;
1018 1637 1053 1692 et
1069 1630 1148 1710 quia
1163 1632 1281 1694 omnia
1300 1631 1436 1708 Divina,

298 1741 389 1803 quae
412 1720 604 1803 spiritualia
620 1720 789 1785 ecclesiae
811 1732 992 1798 vocantur,
1009 1744 1056 1787 ex
1076 1722 1196 1788 Verbo
1219 1735 1310 1801 sunt,
1330 1727 1437 1791 etiam

299 1816 362 1879 illa
386 1826 467 1880 sunt
491 1815 628 1879 Nomen
656 1816 732 1880 Dei.
778 1816 834 1880 Ex
854 1815 908 1880 his
926 1819 1035 1882 videri
1060 1829 1179 1902 potest
1203 1820 1285 1904 quid
1307 1819 1436 1886 intelli·

298 1914 394 1993 gitur
408 1911 443 1975 in
460 1910 620 1976 Secundo
640 1911 831 1996 Praecepto
849 1913 1010 1997 decalogi
1029 1934 1090 1995 per

526 2054 541 2077 ‘⁴
551 2051 613 2104 Non
627 2053 786 2118 profanabis
799 2067 900 2104 nomeu
914 2052 988 2105 Dei''
1003 2051 1106 2121 [(Exod.
1119 2070 1162 2106 xx
1176 2051 1213 2122 7)]
1227 2070 1235 2117 i

298 2203 338 2256 et
356 2191 391 2254 in
411 2187 580 2257 Oratione
599 2190 783 2255 Dominica
802 2210 863 2275 per

527 2320 542 2342 “
552 2315 738 2368 Sandlificetur
750 2331 850 2368 nomen
863 2325 941 2368 tuum
950 2317 963 2338 ''
978 2315 1097 2384 [marth.
1110 2319 1145 2370 vl.
1157 2315 1206 2385 9)].

301 2563 386 2627 locis
401 2565 436 2627 in
452 2562 572 2628 Verbo
589 2565 763 2648 utriusque
779 2564 1012 2640 Testamenti,

349 2707 399 2773 (Ut
409 2712 508 2762 Maur.
520 2713 564 2762 vii.
578 2725 625 2772 aa:
643 2727 668 2762 x.
681 2725 730 2771 απ
747 2713 820 2762 xviii.
832 2725 854 2772 5,
865 2725 918 2773 20;
934 2714 987 2764 xix.
998 2726 1047 2776 ²9:
1065 2714 1119 2764 xxi.
1129 2728 1163 2778 93
1180 2715 1252 2765 xxiv.
1264 2730 1289 2779 9,
1301 2729 1350 2775 ro,
1370 2715 1433 2783 Jole.

432 2777 496 2894 {vus
504 2777 602 2904 ,61’11223
608 2792 672 2906 bill,
683 2791 721 2839 17,
735 2779 783 2839 18;
801 2779 846 2828 xii.
861 2791 900 2840 13,
914 2779 964 2838 οὓς
981 2780 1035 2830 xiv.
1050 2780 1148 2841 14-16;
1165 2781 1219 2831 xvi
1229 2793 1269 2842 23,
1280 2793 1319 2842 24,
1332 2782 1372 2840 26,
1383 2793 1433 2843 ης

301 2993 444 3068 praeter
459 2983 493 3048 in
510 2983 585 3047 aliis
602 2983 698 3059 locis,
717 2992 753 3048 et
770 2985 803 3047 in
822 2985 1001 3066 permultis
1019 2985 1052 3046 in
1065 2983 1187 3049 Veteri
1203 2982 1432 3052 Testamento

299 3090 358 3154 13.]
393 3076 460 3160 Qui
490 3078 777 3161 significationem
812 3079 901 3142 hanc
935 3080 1138 3142 “nominis”
1168 3083 1276 3156 novit,
1311 3093 1431 3164 potest

296 3175 386 3238 scire
405 3175 486 3257 quid
503 3196 564 3258 per
579 3175 663 3238 haec
683 3175 822 3238 Domini
843 3176 948 3238 verba
967 3174 1196 3257 significatur:

349 3325 502 3390 “Quisquis
514 3327 626 3389 suscipit
638 3325 798 3388 propheram
814 3327 839 3374 in
857 3326 968 3374 nomine
981 3323 1137 3387 prophetae,
1150 3328 1301 3374 mercedem
1315 3326 1430 3389 prophe-

431 3401 475 3440 tae
486 3393 610 3455 accipiet:
624 3393 778 3455 ..quisquis
794 3392 905 3453 suscipit
917 3391 1018 3452 justum
1028 3391 1055 3439 in
1069 3391 1181 3439 nomine
1192 3391 1266 3452 justi,
1280 3393 1430 3442 mercedem

431 3457 495 3520 justi
507 3459 619 3520 accipiet
630 3466 682 3506 ⁸net
699 3458 820 3521 quisquis
841 3458 976 3520 potaverit
993 3470 1077 3504 unum
1094 3470 1237 3519 parvorum
1250 3457 1346 3506 borum
1365 3469 1431 3521 potu

431 3523 545 3586 frigidae
567 3533 670 3572 tantum
695 3524 722 3572 in
744 3523 857 3573 nornine
879 3523 1045 3585 discipuli...
1059 3537 1115 3572 non
1136 3523 1230 3586 perdet
1255 3524 1405 3573 mercedem
1416 3523 1430 3544 '¹

431 3590 537 3650 (Matth.
550 3604 575 3639 x.
589 3587 655 3650 12141,
667 3589 725 3651 sal:

294 3739 354 3822 qui
379 3759 439 3822 per
460 3744 617 3802 “nornen
641 3739 842 3822 prophetae,
861 3738 943 3820 justi
963 3747 998 3801 et
1022 3737 1211 3820 discipuli,’'
1228 3737 1283 3803 hic
1308 3739 1428 3804 solum.

296 3834 463 3917 intelligit
488 3835 702 3918 prophetam,
718 3835 858 3917 justum,
877 3846 913 3899 et
939 3833 1153 3915 discipulum,
1172 3835 1199 3897 is
1216 3853 1285 3897 non
1302 3837 1368 3898 scit
1384 3835 1429 3898 ibi

295 3930 402 3994 alium
419 3951 569 4006 sensum,
586 3951 687 4014 quam
704 3932 815 3995 solum
833 3950 971 3994 sensum
990 3928 1138 4003 litterae,
1156 3938 1192 3992 et
1209 3929 1267 3992 ille
1285 3950 1348 3992 nec
1364 3933 1430 3994 scit

296 4027 380 4109 quid
412 4033 575 4090 “merces
608 4027 828 4111 prophetae,”
862 4035 1026 4090 “merces
1056 4023 1169 4106 justi,”
1195 4036 1232 4089 et
1265 4031 1430 4089 “merces

296 4132 440 4206 propter
464 4134 584 4206 potum
609 4125 750 4206 frigidae
774 4127 894 4189 datum
915 4120 1113 4207 discipulo,”
1130 4139 1208 4183 cum
1232 4131 1350 4185 tamen
1370 4143 1431 4204 per

299 4225 456 4282 “nomen
468 4219 482 4242 ''
496 4230 530 4284 et
548 4243 606 4304 per
621 4223 846 4285 “mercedem
864 4220 1053 4302 prophetae
1066 4215 1300 4298 ”intelligitur
1316 4228 1430 4282 status

295 4325 335 4379 et
354 4314 502 4379 felicitas
518 4337 635 4382 eorum
654 4317 761 4401 quiin
780 4317 911 4380 Divinis
928 4318 1016 4379 veris
1034 4324 1123 4390 sunt,
1142 4335 1203 4398 per
1221 4319 1376 4378 “nomen
1392 4325 1429 4379 et

296 4414 495 4477 mercedem
520 4413 624 4498 justi”
647 4422 760 4477 status
786 4422 822 4476 et
847 4412 993 4475 felicitas
1016 4429 1134 4474 eorum
1158 4411 1214 4494 qui
1238 4411 1272 4474 in
1296 4407 1431 4474 Divinis

296 4508 401 4573 bonis
419 4519 511 4578 sunt.
530 4521 565 4572 et
585 4531 645 4592 per
666 4515 685 4542 ‘⁶
698 4507 900 4590 discipulum
913 4506 928 4532 ”
946 4517 1059 4570 status
1078 4506 1214 4570 illorum
1234 4507 1290 4590 qui
1310 4509 1344 4568 in
1367 4505 1429 4568 ali·

297 4604 422 4686 quibus
445 4605 675 4686 spiritualibus
698 4603 866 4668 ecclesiae
894 4613 995 4676 sunt;
1025 4609 1158 4684 “potus
1181 4601 1324 4684 frigidae
1336 4601 1352 4628 '’
1375 4611 1432 4665 est

296 4699 427 4780 aliquid
444 4701 526 4764 veri.
573 4716 630 4777 [4.]
661 4697 763 4780 Quod
782 4698 883 4781 quale
902 4709 1015 4761 status
1031 4699 1157 4761 amoris
1172 4709 1209 4761 et
1226 4699 1431 4779 sapientiae,
