3344 5402
426 693 477 744 οε
500 692 637 746 mvmo
660 693 805 760 anons,
824 695 917 747 nnus
941 697 1059 748 11.—n.
1081 700 1148 766 119.
1304 701 1346 768 47

221 864 368 942 duobus,
386 863 495 930 libero
517 875 553 929 et
574 865 823 943 rationalitate,
844 868 1005 932 consistit
1033 869 1105 934 vita
1130 891 1216 954 quae
1243 891 1345 934 voca·

223 969 281 1025 tur
303 960 461 1045 angelica
489 970 525 1025 et
553 959 712 1026 humana.
758 960 816 1026 Ex
839 962 892 1026 his
916 973 1076 1029 constare
1100 977 1230 1048 potest,
1255 967 1344 1049 quod

221 1055 350 1141 angelo
376 1057 423 1122 sit
449 1057 661 1140 reciprocum
691 1067 833 1142 propter
860 1057 1137 1140 conjunctionem
1167 1081 1243 1125 curn
1273 1061 1344 1126 Do·

221 1155 326 1230 mino,
343 1153 406 1218 sed
422 1153 513 1236 quod
529 1154 740 1238 reciprocum
759 1155 793 1218 in
812 1175 873 1219 sua
886 1155 1050 1220 facultate
1066 1155 1259 1238 spediatum
1276 1178 1343 1222 non

219 1248 266 1312 sit
290 1247 362 1330 ejus
384 1249 445 1313 sed
471 1247 620 1313 Domini.
666 1248 752 1314 Inde
782 1260 847 1326 est,
871 1251 899 1314 si
926 1252 1103 1335 reciproco
1134 1251 1205 1327 illo,
1230 1274 1251 1316 a
1277 1273 1345 1336 quo

220 1345 366 1427 percipit
390 1353 425 1408 et
449 1344 557 1409 sentit
581 1345 668 1409 sicut
691 1364 789 1408 suurn
812 1346 903 1428 quod
928 1355 982 1410 est
1007 1345 1158 1422 Domini,
1179 1347 1343 1425 abutitur,

219 1441 312 1522 quod
329 1439 366 1504 fit
383 1441 635 1524 appropriando
650 1439 734 1504 illud
751 1441 825 1517 sibi,
843 1442 934 1525 quod
951 1442 1090 1506 decidat
1111 1443 1154 1506 ab
1170 1443 1341 1526 angelico.

221 1533 324 1618 Quod
336 1533 532 1616 conjunctio
544 1537 785 1617 reciprocasit,
797 1537 901 1602 docet
913 1537 991 1619 lpse
1002 1535 1170 1601 Dominus
1182 1539 1271 1621 apud
1282 1538 1344 1614 Jo-

219 1631 361 1695 hannem
379 1630 468 1715 (cap.
483 1632 552 1694 xiv.
567 1648 691 1710 20-24;
712 1652 786 1713 cap.
799 1653 855 1694 xv.
865 1632 966 1714 4-6);
986 1633 1130 1716 acquod
1147 1631 1342 1714 conjunctio

219 1725 358 1791 Domini
383 1747 458 1791 cum
478 1727 627 1800 homine,
649 1737 684 1789 et
709 1726 857 1790 hominis
877 1748 953 1791 cum
974 1727 1135 1804 Domino,
1156 1730 1201 1792 sit
1220 1731 1253 1793 in
1272 1729 1341 1793 illis

218 1844 307 1905 quae
320 1822 458 1886 Domini
472 1832 563 1896 sunt,
578 1842 665 1905 quae
679 1832 848 1885 vocantur
860 1822 965 1887 verba
982 1823 1091 1905 Ipsius
1111 1822 1207 1907 (Joh.
1220 1845 1278 1886 xv.
1294 1822 1341 1908 7).

283 1929 371 1998 117.
402 1915 488 1981 Sunt
512 1918 569 2000 qui
593 1918 778 1998 opinantur
802 1918 892 1999 quod
913 1917 1070 1982 Adamus
1094 1919 1127 1982 in
1152 1917 1213 1983 tali
1233 1918 1341 1983 libero

218 2035 278 2078 seu
298 2013 406 2076 libero
421 2013 563 2076 arbitrio
582 2012 693 2088 luerit,
715 2021 752 2075 ut
772 2033 792 2076 a
810 2035 847 2076 se
864 2016 1016 2096 potuerit
1040 2034 1155 2078 amare
1175 2012 1286 2077 Deum
1303 2025 1339 2079 et

217 2129 348 2191 sapere,
369 2118 405 2172 et
424 2108 515 2191 quod
534 2108 569 2171 id
593 2107 736 2172 liberum
760 2108 937 2172 arbitrium
957 2111 990 2172 in
1011 2111 1159 2192 posteris
1183 2108 1254 2192 ejus
1278 2111 1339 2174 de·

216 2206 389 2288 perditum
406 2205 472 2282 sit;
492 2204 553 2267 sed
568 2202 634 2267 hoc
652 2213 706 2267 est
723 2225 836 2268 error:
861 2204 967 2268 homo
982 2206 1073 2269 enirn
1091 2225 1159 2269 non
1177 2214 1231 2268 est
1243 2204 1338 2280 Vita,

216 2301 278 2364 sed
291 2299 457 2383 recipiens
467 2300 560 2362 vitae
575 2297 748 2382 (videatur
760 2319 872 2382 supra,
885 2299 1000 2379 n.4-6,
1014 2298 1132 2384 54-60)
1146 2309 1202 2379 ;et
1214 2301 1270 2383 qui
1286 2311 1340 2365 est

214 2397 386 2476 recipiens
402 2395 503 2469 vitae,
522 2413 590 2458 non
609 2403 729 2477 potest
749 2414 793 2457 ex
811 2393 926 2479 aliquo
944 2415 1006 2458 suo
1023 2413 1139 2458 amare
1158 2403 1193 2458 et
1208 2415 1339 2477 sapere.

216 2489 333 2574 Quare
356 2491 462 2555 etiam
481 2489 551 2566 ille,
572 2509 648 2553 curn
668 2511 713 2553 ex
732 2510 794 2552 suo
809 2489 918 2554 voluit
937 2510 1058 2573 sapere
1077 2499 1113 2553 et
1132 2507 1259 2564 amare,
1279 2490 1339 2555 de·

200 2584 332 2669 lapsus
345 2596 399 2650 est
416 2607 436 2650 a
453 2587 623 2668 sapientia
639 2594 675 2649 et
692 2604 820 2662 amore,
834 2596 869 2649 et
886 2582 1013 2666 ejectus
1031 2593 1083 2649 est
1099 2605 1118 2649 e
1134 2583 1306 2648 Paradiso.

280 2681 373 2748 118.
403 2681 521 2746 Simile
541 2681 632 2765 quod
656 2701 745 2745 nunc
769 2677 897 2744 diCtum
921 2690 976 2744 est
999 2681 1042 2745 de
1065 2679 1203 2763 angelo,
1221 2680 1338 2744 dicen·

212 2778 297 2841 dum
310 2787 363 2842 est
380 2778 423 2840 de
440 2776 538 2841 caelo
551 2776 642 2859 quod
656 2797 701 2840 ex
718 2776 853 2858 angelis
870 2777 1050 2852 consistat,
1064 2777 1225 2859 quoniam
1243 2774 1338 2840 Divi·

215 2893 296 2938 num
315 2874 349 2936 in
366 2875 525 2936 maximis
549 2883 584 2938 et
608 2874 757 2936 minimis
775 2885 830 2936 est
854 2873 945 2936 idem
967 2871 1019 2954 (ut
1039 2892 1152 2954 supra,
1169 2891 1202 2934 n.
1219 2873 1335 2953 77—82,

212 2970 492 3033 demonstratum
509 2967 590 3052 est).
636 2968 753 3058 Simile
772 2969 864 3051 quod
884 2964 1011 3031 dictum
1032 2977 1085 3031 est
1104 2967 1148 3032 de
1164 2966 1291 3048 angelo
1301 2978 1338 3032 et

212 3067 324 3141 caelo,
345 3066 528 3129 dicendum
552 3074 606 3129 est
623 3065 667 3128 de
687 3063 827 3129 homine
846 3073 882 3128 et
902 3063 1068 3128 ecclesia:
1094 3081 1173 3126 nam
1193 3063 1338 3144 angelus

214 3163 303 3227 caeli
321 3171 358 3225 et
381 3161 486 3224 homo
509 3160 677 3225 ecclesiae
700 3179 803 3224 unum
827 3168 936 3242 agunt
957 3180 1017 3242 per
1039 3155 1315 3240 conjunctionem
1328 3180 1336 3237 ;

211 3267 250 3322 et
273 3277 408 3340 quoque
436 3256 542 3320 homo
564 3255 732 3320 ecclesiae
763 3254 877 3338 quoad
904 3255 1068 3318 interiora
1091 3273 1179 3336 quae
1208 3254 1335 3316 mentis

210 3353 285 3434 ejus
304 3360 396 3427 sunt,
414 3362 468 3415 est
485 3350 651 3434 angelus:
676 3351 736 3414 sed
755 3370 815 3431 per
830 3350 1005 3414 hominem
1021 3348 1191 3412 ecclesiae
1207 3347 1336 3411 intelli·

212 3450 306 3532 gitur
325 3447 431 3512 homo
449 3448 484 3511 in
503 3468 572 3531 quo
590 3457 644 3512 est
664 3446 822 3511 ecclesia.

212 3729 328 3814 Quoo
352 3745 394 3796 nt
418 3744 556 3796 nunno
579 3744 795 3795 sensnum
818 3727 965 3794 Oramus
988 3743 1047 3794 sm
1066 3744 1129 3795 ua1
1153 3728 1333 3795 Donrnus

341 3841 391 3893 ur
428 3825 504 3892 Son
539 3839 723 3903 arpenas,
747 3839 796 3890 ar
829 3839 933 3904 Quoo
960 3837 1154 3903 nsnrouns
1181 3837 1333 3889 ausona

341 3937 437 3987 moa
459 3935 556 3988 snm

276 4119 371 4188 119·
405 4103 533 4170 Actum
563 4116 618 4170 est
648 4107 692 4171 de
722 4105 803 4172 Sole
833 4106 950 4169 mundi
979 4104 1167 4188 spiritualis
1197 4113 1233 4167 et
1263 4102 1334 4185 ejus

210 4204 375 4277 essentia,
396 4222 436 4265 ac
456 4203 499 4266 de
519 4201 634 4267 calore
650 4212 686 4267 et
710 4202 785 4266 luce
808 4201 890 4283 ejus,
911 4220 950 4265 ac
974 4201 1017 4265 de
1041 4200 1238 4283 praesentia
1261 4198 1333 4262 Do·

212 4299 295 4364 mini
325 4298 427 4364 inde:
461 4317 550 4362 nunc
581 4300 686 4363 etiam
717 4298 761 4361 de
791 4298 903 4380 plagis
933 4297 1022 4361 illius
1053 4295 1171 4360 mundi
1200 4304 1332 4377 agetur.

213 4392 316 4477 Quod
334 4395 379 4459 de
398 4392 459 4459 illo
478 4392 558 4459 Sole
574 4404 610 4458 et
629 4395 671 4457 de
691 4393 750 4458 illo
767 4394 894 4458 mundo
913 4403 1043 4474 agatur,
1064 4401 1118 4456 est
1136 4411 1238 4455 causa
1256 4391 1334 4474 quia

212 4493 326 4573 agitur
345 4491 390 4554 de
409 4489 497 4566 Deo,
517 4499 554 4554 et
574 4491 617 4554 de
636 4509 752 4554 amore
771 4500 806 4554 et
826 4491 1016 4570 sapientia;
1041 4489 1136 4553 etde
1156 4488 1221 4552 illis
1234 4487 1334 4552 aliter

214 4605 316 4669 quam
340 4606 386 4650 ex
409 4586 483 4670 ipsa
503 4585 637 4669 origine
660 4605 774 4666 agere,
794 4585 880 4648 soret
901 4605 1005 4666 agere
1028 4584 1072 4647 ab
1095 4581 1280 4656 effectibus,
1298 4593 1334 4647 et

214 4701 284 4744 non
303 4703 322 4745 a
342 4682 474 4746 causis:
499 4691 535 4746 et
555 4691 673 4746 tamen
697 4676 836 4745 effectus
856 4680 939 4743 nihil
963 4681 1092 4743 docent
1112 4697 1212 4760 quam
1232 4677 1332 4742 effec-
