3352 5374
421 603 472 653 na
494 602 630 654 u1v1uo
653 603 798 668 nuoua,
820 603 914 655 unas
937 605 1071 655 111.-u.
1092 591 1163 656 268.
1294 609 1355 674 ¹13

229 794 266 838 se
288 771 519 849 confirmatur,
544 773 636 856 quod
665 773 758 837 Deus
788 794 856 837 non
887 775 940 850 sit,
966 785 1002 838 et
1033 776 1124 856 quod
1155 786 1277 840 natura
1307 777 1352 842 sit

229 885 341 941 omne,
359 875 395 929 et
417 865 510 948 quod
530 886 566 928 se
585 867 694 948 ipsam
714 867 905 943 creaverit;
929 867 1019 949 quod
1040 866 1161 948 religio
1183 868 1228 932 sit
1247 869 1355 931 modo

229 958 389 1033 medium,
407 979 474 1040 quo
490 958 594 1021 animi
612 956 786 1040 simplices
806 967 993 1022 teneantur
1011 959 1045 1021 in
1064 959 1231 1038 vinculis;
1259 959 1353 1042 quod

224 1045 408 1133 'prudentia
424 1049 574 1113 humana
592 1049 695 1112 saciat
715 1050 840 1125 omnia,
858 1060 894 1114 et
913 1051 1003 1132 quod
1024 1039 1150 1114 Divina
1166 1052 1352 1133 providen-

228 1143 276 1205 tia
294 1141 378 1205 nihil
397 1150 535 1224 praeter
547 1142 638 1224 quod
658 1143 852 1204 universum
869 1143 902 1205 in
919 1143 1049 1218 ordine,
1064 1143 1097 1205 in
1114 1163 1181 1224 quo
1197 1151 1352 1207 creatum

228 1244 292 1309 est,
313 1235 505 1311 sustineat3
536 1241 609 1297 tum
632 1235 724 1316 quod
746 1253 860 1309 neces,
881 1233 1061 1308 adulteria,
1082 1234 1183 1310 surta,
1202 1234 1350 1312 fraudes,

227 1345 266 1389 ac
285 1323 456 1390 vinditiae
476 1327 544 1389 sint
568 1325 673 1402 licita,
693 1327 881 1390 secundum
906 1325 1194 1389 Macchiavellum
1218 1336 1253 1390 et
1278 1326 1353 1408 ejus

226 1417 387 1481 asseclas.
434 1416 532 1480 Haec
564 1427 601 1480 et
630 1417 754 1482 similia
784 1418 881 1501 plura
908 1417 1073 1482 naturalis
1096 1417 1202 1482 homo
1225 1417 1349 1482 confir·

226 1528 329 1584 mare,
353 1510 460 1573 immo
489 1509 594 1575 libros
623 1509 941 1574 confirmationibus
970 1510 1113 1593 implere
1143 1518 1282 1592 potest;
1313 1519 1352 1576 et

225 1619 300 1666 cum
324 1600 529 1666 confirmata
552 1613 644 1677 sunt,
658 1613 741 1667 tunc
764 1602 852 1666 falsa
873 1602 934 1666 illa
952 1611 1120 1685 apparent
1140 1603 1173 1666 in
1194 1601 1270 1666 luce
1288 1622 1350 1666 sua

223 1695 326 1771 fatua,
347 1703 383 1759 et
406 1715 488 1758 vera
515 1695 549 1757 in
579 1695 642 1759 tali
665 1695 794 1771 umbra,
820 1705 857 1759 ut
885 1714 954 1758 non
984 1695 1120 1777 possint
1143 1694 1260 1770 videri,
1285 1695 1350 1759 nisi

223 1789 312 1850 sicut
329 1787 444 1852 larvae
460 1798 618 1871 tempore
634 1785 755 1852 noctis.
800 1787 930 1862 Verbo,
948 1807 1045 1851 sume
1063 1787 1294 1862 falsissimum,
1311 1795 1351 1852 et

223 1879 268 1942 da
283 1879 367 1944 illud
384 1882 418 1944 in
434 1881 719 1963 propositionem,
736 1890 772 1944 et
789 1879 843 1942 dic
860 1880 1052 1961 ingenioso,
1067 1878 1350 1955 “Confirma,”et

223 1971 439 2037 confirmabit
452 1993 558 2055 usque
573 1972 618 2035 ad
634 1972 773 2055 plenam
784 1970 1053 2036 exstinctionem
1070 1972 1155 2035 lucis
1175 1973 1266 2050 veri;
1286 1972 1350 2036 sed

224 2084 354 2147 sepone
366 2064 657 2140 confirmationes,
669 2064 752 2138 redi,
766 2074 802 2129 et
814 2061 934 2147 specta
946 2066 1056 2148 ipsam
1073 2065 1349 2148 propositionem

223 2178 269 2222 ex
288 2157 529 2222 rationalitate
545 2167 616 2233 tua,
631 2167 666 2221 et
679 2157 810 2220 videbis
825 2156 949 2221 laisum
965 2157 1036 2238 ejus
1055 2152 1169 2220 in'sua
1185 2157 1347 2221 deformi·

223 2259 310 2314 tate.
345 2249 403 2313 Ex
414 2250 468 2313 his
481 2259 644 2314 constare
657 2257 787 2332 potest,
802 2251 893 2332 quod
906 2249 1011 2313 homo
1027 2252 1137 2332 possit
1153 2251 1248 2314 abuti
1262 2250 1349 2313 dua·

221 2341 285 2405 bus
303 2342 370 2406 illis
387 2342 621 2418 facultatibus,
642 2362 729 2424 quae
752 2364 773 2406 a
792 2342 944 2406 Domino
966 2345 1057 2425 apud
1075 2342 1170 2405 illum
1190 2351 1281 2416 sunt,
1301 2341 1347 2406 ad

222 2433 493 2499 confirmandum
511 2434 604 2498 mala
619 2445 654 2498 et
669 2434 757 2498 falsa
773 2437 883 2499 omnis
900 2437 1046 2516 generis.
1083 2434 1161 2497 Hoc
1180 2454 1249 2498 non
1266 2444 1346 2515 pot·

221 2536 276 2590 est
292 2527 405 2610 aliqua
417 2527 541 2602 bestia,
555 2529 633 2610 quia
646 2547 715 2590 non
734 2526 960 2591 facultatibus
979 2526 1046 2589 illis
1065 2527 1216 2608 gaudet;
1241 2547 1349 2608 quare

221 2619 335 2684 bestia
357 2621 390 2683 in
414 2639 552 2684 omnem
572 2622 727 2684 ordinem
746 2640 827 2683 suae
845 2621 947 2692 vitae,
967 2628 1003 2682 et
1022 2619 1056 2682 in
1076 2638 1214 2682 omnem
1234 2619 1347 2683 scien·

221 2711 307 2777 tiam
322 2713 447 2776 amoris
467 2713 516 2775 sui
533 2712 709 2788 naturalis,
727 2712 889 2787 nascitur,
907 2732 1006 2776 secus
1025 2732 1065 2776 ac
1082 2711 1197 2774 homo.
1364 2773 1367 2778 r

281 2807 381 2874 268·
406 2805 482 2891 (iii.)
509 2806 606 2886 Quod
624 2807 717 2872 mala
738 2818 771 2872 et
783 2808 886 2890 falsa
907 2808 1107 2892 confirmata
1125 2806 1220 2888 apud
1237 2805 1347 2870 homi·
1368 2845 1371 2854 ·

222 2919 296 2962 nem
310 2909 542 2980 permaneant,
559 2921 598 2964 ac
603 2900 698 2984 fiant
715 2901 842 2964 amoris
865 2910 899 2963 et
919 2900 1010 2964 vitae
1026 2897 1343 2977 eiua-Confirma-

222 2991 334 3055 tiones
355 2992 435 3055 mali
455 3003 491 3057 et
514 2993 592 3056 salsi
610 3013 678 3057 non
699 3003 780 3057 sunt
798 2993 891 3056 aliud
911 3013 1012 3076 quam
1032 2993 1244 3057 remotiones
1262 2991 1346 3056 boni
1397 3027 1399 3038 ι

221 3094 257 3146 et
275 3085 357 3160 veri,
378 3095 414 3148 et
437 3087 465 3149 si
489 3086 685 3150 increscunt
704 3096 784 3150 sunt
804 3082 1019 3167 rejectiones,
1040 3105 1119 3148 nam
1140 3085 1266 3148 malum
1290 3105 1344 3149 re·

221 3186 339 3240 movet
369 3187 405 3240 et
434 3176 542 3259 rejicit
566 3178 705 3253 bonum,
730 3199 770 3241 ac
800 3178 923 3241 falsum
954 3196 1091 3242 verum:
1126 3177 1206 3240 inde
1236 3177 1344 3240 etiam

223 3267 502 3333 confirmationes
525 3269 605 3334 mali
629 3281 665 3334 et
695 3270 770 3334 falsi
798 3281 878 3334 sunt
902 3269 1117 3333 occlusiones
1141 3269 1238 3341 caeli,
1262 3287 1343 3332 nam

221 3362 470 3425 omnebonum
494 3372 529 3426 et
552 3383 670 3426 verum
694 3384 714 3426 a
738 3363 887 3426 Domino
912 3382 972 3444 per
991 3362 1124 3424 caelum
1148 3359 1277 3438 infiuit;
1305 3368 1342 3423 et

221 3471 297 3516 cum
314 3453 448 3517 caelum
465 3454 619 3518 clausum
637 3465 703 3529 est,
725 3466 806 3518 tunc
827 3454 933 3517 homo
952 3454 986 3516 in
1005 3453 1137 3516 inserno
1156 3462 1221 3527 est,
1241 3463 1276 3516 et
1296 3451 1343 3515 ibi

221 3543 255 3607 in
278 3547 449 3611 societate
473 3547 529 3610 ubi
553 3547 663 3611 simile
687 3548 813 3611 malum
843 3557 879 3610 et
909 3545 1032 3609 salsum
1062 3554 1197 3627 regnat,
1221 3565 1242 3607 a
1274 3566 1345 3627 quo

221 3640 299 3703 dein
323 3642 428 3704 eximi
453 3643 581 3724 nequit.
627 3642 756 3705 Datum
779 3653 833 3706 est
869 3641 960 3724 loqui
980 3661 1056 3704 cum
1080 3641 1260 3722 aliquibus,
1285 3639 1344 3722 qui

222 3740 303 3795 ante
323 3732 462 3798 saecula
478 3735 567 3815 apud
588 3755 624 3797 se
643 3733 932 3798 confirmaverunt
952 3733 1038 3797 falsa
1055 3732 1231 3815 religionis
1248 3751 1341 3809 suae,

221 3832 257 3888 ct
269 3825 337 3888 vidi
349 3826 441 3909 quod
457 3828 491 3890 in
504 3827 636 3902 iisdem,
651 3827 808 3891 similiter
821 3837 857 3891 ut
875 3829 908 3890 in
925 3826 990 3891 illis
1003 3827 1137 3891 suerunt
1154 3826 1186 3888 in
1200 3825 1341 3901 mundo,

219 3929 465 3999 permaneant:
497 3939 600 3983 causa
623 3930 687 3994 est,
708 3921 786 4002 quia
809 3922 933 3994 omnia,
955 3940 1042 4002 quae
1064 3918 1170 3981 homo
1189 3918 1278 3998 apud
1304 3937 1344 3980 se

220 4011 411 4089 confirmat,
436 4013 521 4079 fiunt
544 4017 671 4079 amoris
695 4025 730 4079 et
754 4017 847 4080 vitae
872 4016 963 4098 ejus;
995 4013 1078 4078 fiunt
1103 4014 1237 4092 amoris,
1262 4013 1343 4093 quia

219 4105 305 4172 fiunt
328 4108 520 4175 voluntatis
545 4121 580 4175 et
604 4109 813 4186 intellectus,
837 4131 876 4174 ac
900 4109 1062 4174 voluntas
1084 4118 1120 4172 et
1144 4104 1343 4171 intellecius

219 4201 350 4268 iaciunt
368 4205 477 4269 vitam
497 4206 665 4288 cujusvis3
697 4218 732 4272 et
756 4225 832 4270 cum
852 4205 937 4271 fiunt
961 4207 1055 4269 vitae
1074 4203 1233 4277 hominis,
1254 4200 1339 4268 fiunt

219 4319 288 4364 non
312 4300 423 4364 solum
451 4303 558 4366 totius
583 4304 708 4366 mentis
737 4302 808 4384 ejus
837 4303 899 4366 sed
926 4303 1030 4366 etiam
1055 4300 1163 4364 totius
1187 4297 1342 4380 corporis

219 4395 300 4478 ejus.
346 4395 433 4461 Inde
463 4408 573 4480 patet,
598 4399 689 4480 quod
716 4399 832 4473 homo,
857 4399 913 4481 qui
943 4419 979 4460 se
1010 4395 1273 4460 confirmaverat
1303 4394 1338 4456 in

218 4491 319 4555 malis
336 4502 371 4556 et
390 4492 497 4568 falsis,
517 4514 537 4556 a
556 4495 667 4576 capite
686 4495 729 4556 ad
750 4493 881 4556 calcem
901 4495 944 4557 sit
965 4493 1066 4570 talis;
1091 4502 1126 4556 et
1147 4510 1222 4554 cum
1243 4499 1342 4554 totus

218 4587 300 4653 talis
319 4597 385 4665 est,
405 4609 474 4652 non
498 4598 616 4672 potest
639 4609 699 4672 per
722 4589 870 4673 aliquam
895 4589 1122 4652 inversionem
1146 4596 1205 4651 aut
1229 4596 1337 4649 retor-
