3424 5368
493 658 542 708 DE
567 658 704 708 DIVINA
728 659 1086 712 PROVIDENTIA.-N.
1106 663 1176 731 205.
1339 664 1397 729 143

262 830 366 898 caelo
382 829 437 894 vel
458 831 490 894 in
512 829 654 906 inferno,
675 851 714 894 ac
735 839 917 917 utrumque
937 841 1009 898 tam
1029 833 1163 900 caelum
1180 855 1282 919 quam
1296 833 1396 898 inler-

264 948 359 1002 num,
374 929 437 991 erit
452 926 618 1002 informa,
632 948 719 1010 quae
736 939 773 992 ut
787 949 890 992 unum
903 941 997 1012 aget,
1013 942 1050 994 ut
1066 933 1159 1013 prius
1176 928 1305 994 didtum
1321 941 1396 1010 est;

262 1035 303 1089 et
317 1044 419 1087 nemo
432 1024 465 1086 in
478 1022 537 1086 illa
550 1023 659 1086 sorma
668 1024 772 1087 alium
785 1025 899 1088 locum
911 1037 1029 1107 potest
1043 1027 1158 1091 sortiri
1168 1047 1271 1111 quarn
1284 1046 1381 1090 suum
1387 1047 1396 1104 ;

263 1121 420 1203 sequitur
432 1118 523 1204 quod
540 1139 650 1200 genus
664 1119 848 1183 humanum
862 1123 896 1184 in
910 1132 988 1185 toto
1001 1132 1167 1186 terrarum
1181 1124 1262 1186 orbe
1276 1124 1321 1186 sit
1334 1121 1398 1185 sub

262 1217 419 1301 auspicio
437 1215 594 1294 Domini;
616 1226 651 1278 et
668 1217 897 1300 unusquisque
910 1217 953 1280 ab
969 1218 1112 1282 infantia
1128 1240 1234 1302 usque
1248 1218 1290 1282 ad
1304 1220 1397 1282 vitae

263 1334 348 1377 suae
373 1311 476 1376 finem
499 1311 533 1375 in
552 1310 832 1394 singularissimis
851 1313 895 1376 ab
920 1313 1001 1396 Ipso
1020 1314 1174 1392 ducatur,
1197 1334 1236 1378 ac
1261 1315 1395 1397 praevi-

263 1410 390 1474 deatur
414 1417 450 1472 et
473 1407 573 1472 simul
601 1409 823 1490 provideatur
851 1409 945 1473 locus
975 1409 1054 1492 ejus.
1101 1423 1158 1485 [2.]
1191 1411 1247 1474 Ex
1275 1411 1396 1494 quibus

266 1516 377 1588 patet,
395 1505 486 1588 quod
504 1504 629 1568 Divina
645 1503 784 1569 Domini
801 1505 1020 1570 Providentia
1039 1507 1083 1569 sit
1101 1507 1302 1569 universalis
1318 1508 1397 1589 quia

262 1612 320 1666 est
340 1603 374 1665 in
394 1599 696 1682 singularissimis;
721 1611 757 1665 et
777 1601 868 1685 quod
886 1601 951 1665 hoc
976 1603 1022 1665 sit
1042 1601 1174 1664 infinita
1193 1624 1232 1666 ac
1252 1612 1396 1666 aeterna

262 1701 407 1776 creatio,
428 1718 530 1782 quarn
551 1698 718 1762 Dominus
742 1697 814 1763 Sibi
838 1700 988 1784 providit
1007 1721 1068 1784 per
1091 1701 1301 1764 creationem
1322 1701 1395 1762 uni·

265 1799 365 1862 versi.
412 1797 468 1862 De,
481 1795 544 1860 hac
562 1797 745 1860 universali
764 1798 984 1862 Providentia
1004 1797 1109 1862 homo
1129 1819 1197 1862 non
1217 1799 1312 1862 videt
1331 1798 1394 1861 ali-

262 1894 369 1977 quid;
394 1904 430 1958 et
450 1895 477 1956 si
496 1893 641 1968 videret,
663 1893 722 1956 illa
742 1915 810 1956 non
831 1906 950 1977 potest
973 1894 1074 1958 aliter
1094 1915 1258 1977 apparere
1278 1915 1394 1959 coram

262 1989 374 2053 oculis
393 1988 475 2072 ejus,
496 2007 598 2072 quam
622 1989 710 2053 sicut
732 2009 752 2051 a
772 1991 1069 2070 praetereuntibus
1092 2002 1262 2073 apparent
1286 1979 1395 2072 sparsi

262 2087 379 2149 acervi
395 2097 430 2149 et
445 2095 636 2166 congestae
652 2095 775 2162 strues,
789 2106 835 2149 ex
852 2086 973 2169 quibus
990 2085 1169 2149 formanda
1180 2095 1233 2149 est
1249 2087 1371 2149 domus
1385 2107 1393 2165 ;

262 2191 302 2244 at
325 2203 346 2244 a
369 2180 520 2245 Domino
547 2181 636 2244 sicut
668 2180 887 2264 magnificum
919 2181 1090 2245 Palatium
1116 2180 1246 2265 jugiter
1272 2183 1306 2244 in
1333 2203 1395 2246 sua

262 2275 537 2352 construilione,
555 2287 591 2340 et
609 2279 642 2339 in
660 2297 721 2340 sua
738 2276 1016 2359 amplificatione.

328 2384 430 2456 2⁰4.
457 2371 520 2456 (ν.)
549 2371 645 2451 Quod
660 2373 794 2438 Caelum
806 2385 838 2438 et
852 2375 1028 2455 infernum
1043 2375 1078 2438 in
1093 2372 1160 2438 tali
1162 2375 1283 2455 forma
1296 2373 1396 2436 sit.-

262 2465 369 2550 Quod
393 2469 527 2533 caelum
550 2473 583 2533 in
603 2469 712 2534 forma
735 2472 884 2535 humana
909 2473 966 2545 sit,
984 2472 1017 2532 in
1042 2491 1144 2553 opere
1170 2469 1219 2532 De
1243 2468 1343 2534 Caelo
1363 2479 1395 2533 et

261 2564 412 2646 Inferna,
426 2565 586 2642 Londini,
605 2568 684 2649 1758
700 2566 796 2630 edito
812 2565 859 2649 (n.
876 2565 1027 2649 59-102),
1043 2578 1162 2630 notum
1175 2562 1301 2629 latium
1318 2574 1393 2646 est;

262 2672 301 2724 et
320 2682 455 2746 quoque
471 2665 505 2726 in
525 2661 760 2727 transaitione
775 2662 827 2727 De
843 2661 968 2726 Divino
985 2662 1114 2726 Amore
1130 2673 1162 2726 et
1178 2660 1308 2725 Divina
1327 2659 1393 2725 Sa·

256 2757 417 2839 pimtia‚·
440 2769 476 2823 et
496 2781 631 2843 quoque
650 2761 685 2822 in
704 2760 769 2822 hac
790 2756 1026 2822 transaitione
1054 2757 1260 2840 aliquoties:
1290 2778 1394 2840 quare

263 2852 323 2916 illa
350 2854 493 2918 ulterius
519 2854 721 2919 confirmare
748 2855 967 2937 supersedeo.
1013 2854 1146 2917 Dicitur
1172 2854 1263 2937 quod
1291 2852 1394 2918 inser·

263 2971 346 3014 num
362 2953 467 3016 etiam
486 2954 520 3016 in
538 2952 647 3016 sorma
666 2953 815 3017 humana
831 2953 896 3032 sit;
919 2953 981 3016 sed
997 2963 1051 3016 est
1070 2953 1104 3015 in
1120 2952 1228 3016 forma
1244 2949 1396 3016 humana

263 3060 473 3124 monstrosa,
501 3050 536 3113 in
563 3049 656 3133 quali
683 3059 737 3114 est
769 3048 939 3124 diabolus,
968 3069 1028 3132 per
1058 3067 1160 3132 quem
1187 3046 1395 3130 intelligitur

262 3141 431 3207 infernum
454 3145 489 3208 in
511 3155 591 3210 toto
614 3145 810 3229 complexu.
857 3145 897 3208 In
924 3145 1033 3209 forma
1055 3144 1206 3207 humana
1227 3154 1293 3219 est,
1314 3143 1394 3226 quia

261 3241 369 3303 etiam
392 3240 442 3304 illi
465 3241 523 3325 qui
545 3242 591 3306 ibi
615 3252 707 3316 sunt,
727 3243 800 3306 nati
823 3251 904 3304 sunt
924 3241 1091 3315 homines,
1112 3249 1148 3303 et
1172 3238 1239 3302 illis
1258 3260 1393 3322 quoque

261 3347 343 3400 sunt
360 3337 460 3402 binae
476 3337 557 3402 illae
575 3336 760 3402 facultates
776 3336 946 3401 humanae
962 3357 1049 3420 quae
1065 3343 1234 3398 vocantur
1250 3334 1393 3398 libertas

261 3441 300 3496 et
319 3432 560 3512 rationalitas;
584 3434 726 3498 tametsi
746 3433 908 3497 libertate
928 3432 1024 3496 abusi
1044 3441 1124 3495 sunt
1143 3430 1186 3494 ad
1205 3428 1392 3496 volendum

263 3538 301 3593 et
331 3529 523 3594 laciendum
552 3529 689 3605 malum,
713 3539 750 3594 et
777 3527 1014 3594 rationalitate
1038 3528 1082 3591 ad
1106 3526 1334 3609 cogitandum
1357 3535 1393 3592 et

262 3625 537 3690 confirmandum
553 3625 648 3689 illud.

328 3735 428 3812 2⁰5.
460 3719 534 3806 (vi.)
569 3719 666 3801 Quod
679 3720 735 3785 illi
753 3720 815 3804 qni
828 3719 935 3785 solam
953 3730 1113 3785 naturam
1130 3729 1163 3784 et
1179 3716 1286 3784 solam
1304 3727 1392 3799 pru·

261 3815 411 3880 dentiam
436 3817 619 3882 humanam
647 3826 864 3900 agnoverunt,
887 3817 1026 3897 faciant
1051 3816 1222 3897 infernum
1231 3836 1248 3889 ,·
1278 3811 1395 3896 etqui

263 3911 370 3976 Deum
387 3923 420 3977 et
436 3913 598 3978 Divinam
617 3914 733 3996 Ipsius
751 3911 1009 3977 Providentiam
1025 3921 1245 3994 agnoverunt,
1255 3908 1394 3991 saciant

261 4009 577 4076 caelum-Omnes
600 4014 657 4096 qui
680 4011 807 4076 malam
827 4011 935 4075 vitam
958 4021 1080 4094 agunt,
1099 4010 1240 4073 interius
1263 4026 1392 4089 agnos·

261 4119 346 4172 cunt
377 4120 545 4185 naturam,
573 4121 609 4175 et
637 4110 749 4175 solam
777 4110 995 4193 prudentiam
1026 4109 1235 4186 humanam
1270 4104 1390 4170 harum

262 4207 398 4287 agnitio
421 4205 508 4271 latet
531 4207 623 4271 intus
646 4208 680 4270 in
699 4206 792 4271 omni
816 4205 919 4279 malo,
939 4214 1112 4286 utcunque
1131 4201 1391 4268 circumvelatur

262 4299 362 4364 bonis
382 4311 417 4366 et
436 4303 548 4381 veris;
572 4303 658 4368 haec
678 4313 758 4367 sunt
778 4301 881 4366 modo
900 4311 1015 4365 vestes
1034 4308 1154 4363 mutuo
1174 4299 1314 4382 petitae,
1332 4307 1390 4364 aut

262 4396 352 4460 sicut
369 4407 461 4461 serta
475 4420 521 4462 ex
538 4397 688 4462 flosculis
700 4398 756 4483 qui
775 4408 932 4481 pereunt,
946 4394 1188 4477 circumposita
1205 4415 1248 4459 ne
1264 4393 1390 4459 malum

261 4492 296 4557 in
316 4514 377 4558 sua
397 4494 553 4559 nuditate
572 4504 749 4577 appareat.
796 4491 897 4576 Quod
917 4491 1114 4575 omnesqui
1137 4491 1264 4556 malam
1283 4491 1390 4555 vitam

260 4599 383 4670 agunt,
408 4589 549 4653 interius
576 4599 771 4674 agnoscant
794 4589 904 4653 solam
924 4599 1082 4652 naturam
1109 4597 1145 4650 et
1174 4586 1285 4650 solam
1312 4606 1390 4669 pru·

261 4684 421 4750 dentiam
440 4685 636 4763 humanam,
656 4707 702 4749 ex
721 4685 896 4750 communi
920 4684 979 4748 illa
997 4681 1302 4748 circumvelatione
1322 4700 1391 4744 non
