3434 5364
339 583 381 646 24
680 581 886 632 SAPIENTIA
909 581 1106 634 ANGELICA

339 753 420 816 mini
444 774 520 818 curn
543 754 695 830 homine,
715 755 805 837 apud
830 775 932 838 quem
956 753 1047 818 mala
1066 763 1201 819 remota
1224 763 1317 830 sunt,
1336 751 1467 818 intellia

337 851 430 932 gitur
448 871 509 933 per
522 851 608 916 haec
627 851 766 914 Domini
784 852 907 914 verba:

554 986 675 1038 “Mundi
688 987 769 1037 corde
783 986 870 1038 Deum
884 987 1015 1037 videbunt
1023 985 1038 1006 '⁹
1050 985 1158 1048 (Matri.
1171 1001 1196 1036 v.
1209 987 1250 1050 8):

335 1113 373 1166 et
391 1123 452 1186 per
471 1103 568 1174 haec,

386 1231 400 1252 ⁸·
409 1228 462 1292 Qui
477 1230 558 1278 habet
571 1239 716 1292 praecepta
730 1243 798 1288 mea,
811 1238 839 1280 et
856 1229 921 1279 iacit
936 1229 1002 1288 illa..
1012 1265 1019 1279 .
1029 1265 1036 1279 .
1046 1227 1129 1291 apud
1144 1227 1219 1277 illum
1237 1227 1411 1278 mansionem
1425 1228 1463 1278 ia·

467 1294 558 1344 ciam'’
570 1297 645 1360 (Jod.
658 1297 712 1346 xiv.
726 1306 765 1354 ²1,
779 1297 839 1358 23);

334 1421 462 1486 habere
482 1432 667 1505 praecepta
684 1431 738 1486 est
758 1424 856 1498 scire,
873 1431 909 1486 et
928 1421 1041 1485 iacere
1056 1429 1246 1504 praecepta
1264 1430 1319 1485 est
1335 1440 1461 1497 amare,

334 1538 413 1581 nam
437 1520 543 1582 etiam
567 1519 613 1581 ibi
636 1519 772 1594 dicitur,
794 1519 879 1602 “qui
902 1517 984 1581 sacit
1007 1525 1196 1599 praecepta
1219 1536 1307 1592 mea,
1327 1516 1386 1580 ille
1409 1527 1461 1589 est

333 1616 389 1696 qui
408 1626 502 1677 amat
523 1611 610 1676 Me.”

396 1723 467 1790 34.
493 1708 569 1791 (iii.)
597 1707 696 1787 Quod
713 1707 808 1774 homo
830 1731 893 1794 quo
911 1712 1058 1792 propius
1076 1708 1289 1793 conjungitur
1306 1707 1459 1786 Domino,

330 1827 366 1866 eo
384 1804 572 1884 sapientior
578 1805 878 1888 fiat—Quoniam
898 1814 969 1868 tres
985 1805 1113 1886 gradus
1128 1806 1222 1868 vitae
1239 1804 1329 1887 apud
1350 1803 1461 1867 homi·

332 1919 410 1962 nem
428 1919 447 1960 a
464 1901 641 1963 creatione
658 1911 694 1965 et
714 1902 793 1964 inde
813 1923 833 1964 a
852 1903 1040 1965 nativitate
1057 1910 1150 1975 sunt,
1164 1900 1223 1982 <de
1239 1900 1360 1982 quibus
1377 1920 1460 1965 mox

331 2016 444 2076 supra,
466 2016 498 2059 n.
524 1995 591 2078 32,)
612 2006 692 2060 sunt
716 1998 882 2079 imprimis
907 2007 978 2061 tres
1001 1997 1128 2078 gradus
1152 1997 1345 2079 sapientiae
1368 1995 1460 2078 apud

330 2089 435 2152 illum.
484 2091 529 2154 Hi
549 2091 676 2173 gradus
696 2101 775 2154 sunt
799 2094 856 2175 qui
875 2093 1075 2174 aperiuntur
1094 2091 1184 2172 apud
1203 2091 1380 2154 hominem
1404 2112 1460 2156 se·

330 2188 478 2251 cundum
510 2185 808 2268 conjunctionem
843 2190 1042 2270 aperiuntur
1072 2187 1260 2251 secundum
1291 2207 1458 2265 amorem,

330 2302 408 2344 nam
423 2303 518 2346 amor
534 2293 588 2346 est
605 2282 679 2365 ipsa
696 2281 901 2363 conjundiio.
947 2281 998 2346 At
1014 2285 1141 2347 amoris
1153 2302 1317 2346 ascensus
1333 2303 1458 2346 secun·

329 2379 411 2441 dum
431 2379 559 2460 gradus
578 2378 623 2441 ab
641 2378 781 2442 homine
801 2399 870 2441 non
890 2379 1077 2462 percipitur
1096 2379 1161 2442 nisi
1181 2397 1284 2460 quam
1300 2378 1457 2456 obscure,

328 2483 365 2535 at
383 2495 546 2537 ascensus
562 2475 754 2556 sapientiae
771 2473 862 2538 clare
878 2473 968 2556 apud
985 2473 1063 2536 illos
1079 2475 1135 2557 qui
1152 2475 1264 2537 sciunt
1281 2483 1318 2536 et
1337 2473 1458 2540 vident

328 2570 409 2652 quid
429 2571 609 2652 sapientia.
656 2569 768 2634 Causa
786 2569 878 2652 quod
902 2569 1030 2651 gradus
1050 2570 1242 2652 sapientiae
1263 2569 1456 2652 percipian-

328 2677 393 2740 tur,
418 2678 471 2731 est
496 2668 574 2749 quia
597 2687 694 2730 amor
717 2689 778 2750 per
800 2665 1000 2731 affectiones
1019 2669 1127 2732 intrat
1156 2668 1190 2731 in
1215 2669 1456 2750 perceptiones

327 2772 363 2824 et
381 2763 628 2844 cogitationes,
648 2773 683 2826 et
705 2763 771 2825 hae
794 2783 832 2825 se
855 2765 982 2827 sistunt
1004 2765 1038 2828 in
1062 2765 1136 2826 visu
1158 2765 1296 2828 interno
1315 2764 1454 2840 mentis,

327 2859 384 2940 qui
408 2859 658 2940 correspondet
681 2859 767 2920 visui
790 2867 940 2922 externo
963 2861 1136 2941 corporis;
1169 2859 1251 2923 inde
1274 2868 1329 2923 est
1363 2860 1455 2943 quod

327 2955 497 3038 sapientia
523 2964 700 3037 appareat,
725 2964 761 3018 et
788 2955 932 3018 nonita
958 2953 1093 3019 affedtio
1115 2957 1240 3019 amoris
1263 2977 1351 3038 quae
1374 2978 1454 3040 pro·

326 3052 421 3114 ducit
435 3051 550 3115 iliam:
574 3049 639 3114 hoc
658 3049 769 3113 simile
786 3061 841 3114 est
857 3051 945 3114 sicut
963 3071 1040 3114 cum
1056 3052 1215 3114 omnibus
1232 3073 1319 3135 quae
1336 3049 1453 3116 ad'tua·

326 3146 405 3210 liter
428 3145 513 3211 fiunt
544 3146 588 3209 ab
618 3145 782 3225 homine;
817 3147 1105 3209 animadvertitur
1128 3147 1304 3231 quomodo
1328 3168 1454 3230 corpus

325 3255 487 3326 operatur
502 3241 572 3318 illa,
590 3261 658 3305 non
675 3252 793 3306 autem
809 3242 985 3324 quomodo
998 3243 1132 3305 anima:
1156 3244 1206 3306 ita
1222 3264 1356 3326 quoque
1375 3265 1452 3328 per-

325 3341 448 3421 cipitur
467 3338 642 3422 quomodo
658 3337 763 3402 homo
783 3337 983 3412 meditatur,
1000 3339 1145 3420 percipit
1166 3349 1201 3404 et
1220 3339 1368 3421 cogitat,
1389 3339 1452 3404 sed

325 3454 393 3498 non
411 3436 584 3518 quomodo
600 3436 715 3498 anima
729 3434 875 3510 illarum,
892 3455 980 3517 quae
996 3444 1050 3497 est
1069 3433 1204 3500 affedtio
1216 3435 1296 3499 boni
1313 3449 1349 3501 et
1367 3437 1451 3513 veri,

324 3532 483 3612 producit
503 3530 590 3593 illas.
637 3543 695 3603 [2.]
719 3529 787 3594 Sed
804 3538 885 3592 sunt
899 3539 970 3593 tres
990 3531 1118 3611 gradus
1134 3531 1333 3613 sapientiae,
1350 3539 1450 3594 natu·

324 3625 415 3698 ralis,
436 3624 622 3707 spiritualis
639 3634 674 3688 et
691 3625 863 3688 caelestis
911 3625 951 3689 In
969 3627 1077 3710 gradu
1094 3627 1285 3710 sapientiae
1301 3625 1451 3690 naturali

323 3733 376 3786 est
393 3723 499 3785 homo
516 3722 596 3782 dum
611 3719 695 3783 vivit
712 3720 745 3783 in
763 3722 911 3802 mundo;
931 3721 986 3786 hic
1003 3723 1131 3805 gradus
1148 3722 1238 3806 apud
1254 3721 1351 3785 illum
1366 3732 1449 3786 tunc

323 3828 442 3903 potest
465 3817 508 3880 ad
533 3835 703 3878 summum
727 3815 798 3896 ejus
821 3816 949 3900 perfici,
970 3829 1006 3883 et
1030 3839 1136 3902 usque
1160 3839 1229 3883 non
1253 3827 1372 3901 potest
1395 3819 1449 3881 in·

322 3926 415 3980 trare
434 3915 579 3998 gradum
600 3911 822 3993 spiritualem,
843 3915 922 3996 quia
944 3915 999 3978 hic
1023 3915 1152 3996 gradus
1176 3934 1244 3978 non
1264 3915 1448 3977 continua·

322 4023 377 4077 tur
396 4013 516 4094 gradui
534 4009 680 4074 naturali
700 4030 760 4092 per
776 4011 988 4086 continuum,
1006 4011 1068 4074 sed
1084 4009 1301 4093 conjungitur
1320 4009 1369 4073 illi
1387 4031 1449 4094 per

321 4107 657 4192 correspondentias.
704 4105 744 4170 ln
761 4107 870 4189 gradu
886 4108 1075 4190 sapientiae
1088 4106 1254 4190 spirituali
1270 4116 1325 4170 est
1339 4105 1447 4171 homo

321 4217 401 4289 post
423 4218 591 4280 mortem,
616 4213 651 4268 et
675 4202 730 4267 hic
749 4204 876 4286 gradus
895 4203 1001 4267 etiam
1022 4203 1103 4268 talis
1122 4213 1188 4280 est,
1206 4213 1243 4267 ut
1267 4203 1379 4285 possit
1402 4200 1447 4265 ad

320 4323 490 4366 summum
519 4297 646 4383 perfici,
671 4300 732 4363 sed
767 4321 874 4382 usque
907 4319 977 4363 non
1008 4310 1125 4382 potest
1148 4299 1276 4364 intrare
1300 4299 1445 4381 gradum

319 4399 513 4479 sapientiae
543 4395 746 4472 caelestem,
778 4397 856 4480 quia
883 4395 940 4459 hic
971 4397 1098 4478 gradus
1128 4417 1191 4461 nec
1223 4397 1446 4460 continuatur

319 4492 488 4573 spirituali
511 4512 572 4574 per
595 4493 807 4567 continuum,
832 4491 893 4556 sed
919 4490 1137 4574 conjungitur
1167 4490 1216 4556 illi
1248 4512 1307 4572 per
1330 4511 1444 4555 corre-

319 4588 556 4670 spondentias.
602 4587 660 4652 Ex
678 4587 731 4652 his
748 4598 908 4653 constare
925 4597 1053 4672 potest,
1071 4587 1161 4671 quod
1177 4588 1348 4670 sapientia
1363 4607 1444 4670 pos·
