3448 5374
278 652 342 700 212
634 648 835 701 SAPIENTIA
858 650 1053 702 ANGELIca

339 823 438 907 428.
468 822 522 887 llli
545 833 660 887 autem
685 815 741 906 qui
770 823 804 886 in
828 842 943 887 amore
967 822 1131 906 spirituali
1154 833 1245 900 sunt,
1266 826 1322 908 qui
1345 835 1399 890 est

276 939 373 982 amor
396 939 478 1000 erga
501 921 706 1002 proximum,
727 938 796 981 non
819 919 950 983 habent
973 920 1179 1002 sapientiam
1202 920 1295 984 vitae
1318 941 1400 985 suae

276 1016 486 1096 inscriptam,
505 1015 566 1077 sed
582 1013 712 1077 habent
728 1014 996 1097 intelligentiam
1011 1036 1019 1094 ;
1043 1034 1123 1079 nam
1138 1016 1328 1098 sapientiae
1345 1025 1399 1080 est

275 1111 387 1174 facere
407 1112 535 1173 bonum
558 1130 603 1172 ex
626 1105 806 1172 affectione
829 1110 922 1186 boni,
941 1119 978 1174 at
1001 1110 1253 1192 intelligentiae
1272 1121 1327 1176 est
1349 1111 1399 1176 fa·

276 1225 353 1269 cere
376 1205 503 1268 bonum
527 1224 572 1267 ex
595 1200 775 1268 allectione
799 1206 880 1281 veri,
900 1214 938 1269 ut
962 1203 1216 1286 supradictum
1240 1215 1305 1270 est.
1351 1205 1398 1271 Hi

276 1319 339 1364 nec
359 1301 472 1364 sciunt
491 1300 571 1381 quid
591 1297 675 1361 fides
689 1301 748 1362 :si
768 1300 963 1364 nominatur
986 1299 1071 1364 lides
1089 1301 1291 1382 intelligunt
1309 1302 1399 1366 veri·

276 1405 397 1470 tatem,
412 1405 448 1459 et
464 1414 541 1459 curn
558 1395 753 1458 nominatur
769 1393 919 1458 charitas
935 1395 1134 1477 intelligunt
1150 1396 1398 1461 facereverita·

275 1501 367 1554 tem:
393 1500 429 1554 et
442 1508 519 1554 cum
532 1490 656 1552 dicitur
668 1489 759 1572 quod
772 1490 981 1554 credendum
994 1491 1050 1566 sit,
1062 1490 1181 1555 dicunt
1194 1492 1260 1555 hoc
1273 1511 1397 1556 vanarn

275 1586 487 1650 locutionem
506 1605 593 1660 esse,
612 1595 648 1648 et
666 1586 763 1649 aiunt
785 1583 900 1667 “Quis
919 1605 988 1649 non
1007 1586 1121 1650 credit
1139 1587 1280 1650 verum?
1318 1585 1397 1651 Hoc

275 1682 393 1745 dicunt
413 1683 491 1764 quia
509 1680 630 1744 vident
649 1699 766 1744 verum
785 1681 819 1743 in
839 1680 914 1744 luce
933 1682 984 1745 sui
1002 1681 1111 1762 caeli;
1136 1702 1239 1764 quare
1257 1682 1398 1748 credere

274 1779 366 1860 quod
385 1797 454 1841 non
470 1776 600 1851 vident,
618 1784 745 1840 vocant
763 1775 819 1840 vel
838 1776 1097 1857 simplicitatem
1116 1777 1171 1841 vel
1191 1778 1398 1842 fatuitatem.

275 1872 321 1937 Hi
338 1883 419 1938 sunt
435 1874 491 1957 qui
508 1873 639 1937 iaciunt
657 1872 889 1953 pulmonicum
905 1871 1002 1948 caeli,
1021 1872 1063 1936 de
1082 1892 1151 1955 quo
1166 1874 1271 1937 etiam
1286 1893 1398 1956 supra.

337 1983 437 2051 429.
463 1967 519 2032 llli
538 1978 655 2032 autern
674 1968 731 2050 qui
755 1969 789 2031 in
815 1987 932 2031 amore
951 1968 1099 2032 naturali
1119 1969 1284 2050 spirituali
1304 1978 1398 2046 sunt,

275 2084 344 2128 non
367 2062 498 2127 habent
517 2063 724 2146 sapientiam
747 2082 811 2126 nec
834 2062 1105 2144 intelligentiam
1126 2065 1218 2127 vitae
1240 2083 1322 2128 suae
1344 2065 1397 2127 in·

274 2162 450 2243 scriptam,
465 2160 526 2224 sed
546 2159 676 2223 habent
692 2158 821 2241 aliquid
841 2157 919 2222 fidei
937 2179 983 2222 ex
1000 2157 1129 2235 Verbo,
1143 2169 1310 2242 quantum
1331 2159 1397 2223 hoc

274 2257 437 2321 charitati
453 2251 673 2336 conjunttum
691 2262 757 2318 est.
804 2252 851 2317 Hi
869 2255 1033 2337 quianon
1052 2255 1166 2317 sciunt
1184 2255 1265 2338 quid
1285 2255 1397 2320 chari·

274 2360 339 2426 tas,
354 2371 416 2415 nec
433 2370 476 2414 an
490 2349 574 2413 fides
587 2351 632 2412 sit
644 2349 784 2423 veritas,
798 2369 867 2412 non
881 2358 1026 2431 possunt
1042 2348 1224 2414 interillos
1240 2351 1274 2412 in
1290 2351 1399 2415 caelis

274 2467 363 2522 esse,
383 2448 439 2528 qui
468 2447 502 2508 in
525 2446 696 2528 sapientia
717 2454 754 2508 et
783 2445 817 2508 in
848 2444 1082 2526 intelligentia
1105 2454 1197 2521 sunt,
1222 2447 1284 2509 sed
1307 2447 1398 2512 inter

273 2541 352 2605 illos
375 2543 431 2623 qui
458 2542 492 2603 in
520 2540 596 2604 sola
623 2541 778 2604 scientia.
822 2538 875 2603 At
898 2538 948 2602 illi
976 2539 1032 2622 qui
1058 2539 1150 2603 mala
1171 2539 1329 2622 fugerunt
1360 2553 1398 2607 ut

274 2648 429 2719 peccata,
454 2637 489 2699 in
520 2635 641 2698 ultimo
664 2635 762 2699 caelo
788 2642 877 2710 sunt,
903 2643 938 2698 et
965 2634 1012 2698 ibi
1042 2635 1076 2698 in
1105 2634 1181 2699 luce
1200 2636 1303 2700 simili
1331 2636 1398 2702 luci

274 2729 462 2795 nocturnae
482 2730 599 2794 lunari.
646 2729 714 2794 Sed
734 2730 789 2812 qui
813 2750 850 2793 se
874 2748 942 2793 non
961 2728 1250 2794 confirmaverunt
1274 2733 1307 2794 in
1332 2731 1398 2796 lide

273 2828 395 2909 ignoti,
411 2835 446 2890 et
459 2825 559 2888 simul
572 2826 605 2888 in
619 2824 732 2907 aliqua
745 2820 924 2887 affectione
936 2825 1007 2888 veri
1018 2825 1164 2899 luerunt,
1177 2824 1227 2888 illi
1240 2824 1398 2892 instrueii

273 2923 318 2987 ab
336 2920 470 3003 angelis
487 2921 674 2984 secundum
691 2921 925 3000 receptionem
943 2921 1138 2995 veritatum,
1155 2941 1195 2984 ac
1215 2923 1322 2987 vitam
1342 2944 1396 2986 se·

273 3018 422 3082 cundum
438 3017 524 3093 illas,
542 3016 721 3079 elevantur
740 3017 774 3078 in
794 3018 982 3080 societates
998 3015 1133 3080 illorum
1152 3016 1261 3099 quiin
1280 3037 1405 3084 amore-

274 3113 441 3196 spirituali
464 3123 499 3176 et
527 3111 606 3175 inde
626 3111 860 3192 intelligentia
879 3121 981 3174 sunt:
1012 3111 1047 3174 hi
1070 3110 1155 3174 fiunt
1178 3113 1396 3194 spirituales,

274 3209 393 3292 reliqui
410 3217 550 3272 manent
568 3207 743 3271 naturales
756 3203 960 3287 spirituales.
1006 3205 1075 3269 Ast
1092 3205 1147 3289 qui
1164 3206 1198 3268 in
1215 3205 1280 3270 fide
1297 3228 1396 3292 sepa·

273 3314 349 3369 rata
372 3325 394 3367 a
419 3303 591 3368 charitate
618 3303 793 3376 vixerunt,
818 3312 1040 3364 removentur
1067 3311 1103 3364 et
1131 3301 1339 3384 ablegantur
1361 3306 1396 3368 in

273 3399 422 3474 deserta,
443 3400 521 3482 quia
544 3417 613 3460 non
642 3397 676 3460 in
700 3396 813 3478 aliquo
832 3396 925 3459 bono
944 3405 1036 3472 sunt,
1056 3395 1106 3460 ita
1125 3417 1193 3460 non
1224 3398 1257 3460 in
1282 3399 1396 3481 aliquo

275 3495 434 3579 conjugio
457 3494 537 3558 boni
567 3501 603 3557 et
632 3493 713 3567 veri,
738 3494 772 3554 in
802 3512 870 3575 quo
893 3501 974 3555 sunt
997 3509 1118 3555 omnes
1144 3494 1201 3576 qui
1228 3494 1396 3582 incaelis

274 3601 365 3655 sunt.

336 3700 439 3768 430·
469 3681 594 3748 Omnia
612 3703 698 3765 quae
717 3683 751 3745 in
770 3682 834 3744 hac
855 3681 956 3745 Parte
975 3683 1018 3746 de
1034 3701 1152 3747 arnore
1171 3692 1206 3748 et
1226 3685 1396 3766 sapientia

273 3778 365 3846 dieta
387 3787 478 3853 sunt,
499 3779 565 3842 dici
589 3787 734 3860 possunt
762 3777 804 3840 de
835 3777 1007 3841 charitate
1034 3787 1069 3841 et
1096 3775 1173 3854 fide,
1198 3779 1303 3843 modo
1332 3799 1394 3862 pra

273 3877 442 3941 charitate
461 3872 676 3954 intelligatur
699 3893 795 3936 amor
817 3873 1012 3954 spiritualis,
1034 3883 1069 3937 et
1094 3893 1154 3956 pro
1177 3871 1243 3938 lide
1266 3877 1395 3940 veritas

272 3989 452 4055 perquam
471 3969 714 4052 intelligentia.
760 3967 877 4032 Simile
896 3979 950 4032 est
973 3969 1002 4032 si
1024 3969 1158 4032 dicatur
1176 3969 1338 4034 voluntas
1357 3980 1393 4035 et

273 4063 481 4140 intellectus,
506 4067 577 4128 sive
601 4084 761 4128 amotae
785 4063 1027 4145 intelligentia,
1048 4065 1209 4147 quoniam
1231 4064 1396 4130 voluntas

273 4173 326 4226 est
349 4160 605 4244 receptaculum
628 4161 764 4235 amoris,
785 4179 825 4222 ac
848 4157 1045 4223 intellectus
1064 4169 1118 4224 est
1137 4159 1393 4242 receptaculum

272 4261 407 4331 amoris,
428 4277 468 4320 ac
488 4253 684 4319 intellectus
704 4265 758 4318 est
782 4256 1039 4336 receptaculum
1059 4254 1324 4336 intelligentiae.
1397 4291 1401 4296 ·

336 4367 432 4436 431.
461 4350 525 4414 His
544 4351 701 4432 adjiciam
720 4351 785 4414 hoc
806 4351 1037 4414 memorabile.
1083 4351 1122 4413 In
1143 4350 1240 4414 caelo
1259 4370 1393 4428 omnes,

274 4449 330 4531 qui
349 4469 426 4510 usus
444 4448 571 4510 faciunt
588 4468 632 4510 ex
650 4443 829 4509 affectione
846 4467 936 4523 usus
955 4467 1000 4508 ex
1018 4447 1257 4510 communione
1276 4448 1395 4530 inqua

274 4551 365 4617 sunt,
387 4543 530 4606 trahunt
550 4543 641 4625 quod
660 4543 730 4606 sint
749 4542 825 4605 aliis
837 4541 1064 4623 sapientiores
1083 4551 1118 4604 et
1136 4541 1327 4620 feliciores;
1351 4561 1392 4606 ac

274 4659 354 4704 usus
377 4636 488 4702 iacere
517 4636 584 4700 illis
613 4637 659 4701 ibi
689 4645 751 4717 est,
775 4637 919 4714 sincere,
938 4633 1041 4712 recte,
1057 4635 1150 4719 juste
1179 4648 1215 4700 et
1245 4634 1394 4702 fideliter
