<?xml version="1.0" encoding="UTF-8"?>
<!DOCTYPE html PUBLIC "-//W3C//DTD XHTML 1.0 Transitional//EN"
    "http://www.w3.org/TR/xhtml1/DTD/xhtml1-transitional.dtd">
<html xmlns="http://www.w3.org/1999/xhtml" xml:lang="en" lang="en">
 <head>
  <title>
</title>
<meta http-equiv="Content-Type" content="text/html;charset=utf-8" />
  <meta name='ocr-system' content='tesseract 3.04.00' />
  <meta name='ocr-capabilities' content='ocr_page ocr_carea ocr_par ocr_line ocrx_word'/>
</head>
<body>
  <div class='ocr_page' id='page_1' title='image "./sapientaangelic01swedgoog_0155.png"; bbox 0 0 3352 5374; ppageno 0'>
   <div class='ocr_carea' id='block_1_1' title="bbox 318 669 1080 735">
    <p class='ocr_par' dir='ltr' id='par_1_1' title="bbox 318 669 1080 735">
     <span class='ocr_line' id='line_1_1' title="bbox 318 669 1080 735; baseline 0.003 -17"><span class='ocrx_word' id='word_1_1' title='bbox 318 672 378 735; x_wconf 79' lang='lat'>140</span> <span class='ocrx_word' id='word_1_2' title='bbox 666 669 865 720; x_wconf 77' lang='lat' dir='ltr'>SAPIENTIA</span> <span class='ocrx_word' id='word_1_3' title='bbox 888 669 1080 720; x_wconf 81' lang='lat' dir='ltr'><strong>ANGELICA</strong></span> 
     </span>
    </p>
   </div>
   <div class='ocr_carea' id='block_1_2' title="bbox 310 839 1431 2246">
    <p class='ocr_par' dir='ltr' id='par_1_2' title="bbox 310 839 1431 2246">
     <span class='ocr_line' id='line_1_2' title="bbox 312 839 1431 924; baseline 0.005 -25"><span class='ocrx_word' id='word_1_4' title='bbox 312 839 347 900; x_wconf 89' lang='lat' dir='ltr'>in</span> <span class='ocrx_word' id='word_1_5' title='bbox 371 859 496 903; x_wconf 91' lang='lat' dir='ltr'>annum</span> <span class='ocrx_word' id='word_1_6' title='bbox 526 850 772 922; x_wconf 87' lang='lat' dir='ltr'>propagantur,</span> <span class='ocrx_word' id='word_1_7' title='bbox 793 849 828 903; x_wconf 92' lang='lat' dir='ltr'>et</span> <span class='ocrx_word' id='word_1_8' title='bbox 856 842 1124 922; x_wconf 84' lang='lat' dir='ltr'>propagationes</span> <span class='ocrx_word' id='word_1_9' title='bbox 1148 860 1311 924; x_wconf 87' lang='lat' dir='ltr'>nusquam</span> <span class='ocrx_word' id='word_1_10' title='bbox 1336 842 1431 905; x_wconf 85' lang='lat' dir='ltr'>desi-</span> 
     </span>
     <span class='ocr_line' id='line_1_3' title="bbox 313 935 1427 1017; baseline 0.003 -21"><span class='ocrx_word' id='word_1_11' title='bbox 313 944 420 1012; x_wconf 90' lang='lat' dir='ltr'>nunt;</span> <span class='ocrx_word' id='word_1_12' title='bbox 453 954 520 997; x_wconf 93' lang='lat' dir='ltr'>non</span> <span class='ocrx_word' id='word_1_13' title='bbox 550 955 570 996; x_wconf 88' lang='lat' dir='ltr'>a</span> <span class='ocrx_word' id='word_1_14' title='bbox 599 936 775 998; x_wconf 88' lang='lat' dir='ltr'>creatione</span> <span class='ocrx_word' id='word_1_15' title='bbox 802 936 917 998; x_wconf 93' lang='lat' dir='ltr'>mundi</span> <span class='ocrx_word' id='word_1_16' title='bbox 940 935 1005 998; x_wconf 91' lang='lat' dir='ltr'>huc</span> <span class='ocrx_word' id='word_1_17' title='bbox 1029 955 1133 1017; x_wconf 91' lang='lat' dir='ltr'>usque</span> <span class='ocrx_word' id='word_1_18' title='bbox 1156 935 1340 1008; x_wconf 88' lang='lat' dir='ltr'>desierunt,</span> <span class='ocrx_word' id='word_1_19' title='bbox 1363 957 1427 1000; x_wconf 86' lang='lat' dir='ltr'>nec</span> 
     </span>
     <span class='ocr_line' id='line_1_4' title="bbox 313 1029 1428 1094; baseline 0.004 -4"><span class='ocrx_word' id='word_1_20' title='bbox 313 1029 475 1092; x_wconf 91' lang='lat' dir='ltr'>desinunt</span> <span class='ocrx_word' id='word_1_21' title='bbox 500 1029 533 1090; x_wconf 92' lang='lat' dir='ltr'>in</span> <span class='ocrx_word' id='word_1_22' title='bbox 556 1039 744 1092; x_wconf 89' lang='lat' dir='ltr'>aeternum.</span> <span class='ocrx_word' id='word_1_23' title='bbox 791 1029 886 1092; x_wconf 91' lang='lat' dir='ltr'>Haec</span> <span class='ocrx_word' id='word_1_24' title='bbox 906 1031 986 1093; x_wconf 87' lang='lat' dir='ltr'>bina</span> <span class='ocrx_word' id='word_1_25' title='bbox 1009 1039 1087 1092; x_wconf 93' lang='lat' dir='ltr'>sunt</span> <span class='ocrx_word' id='word_1_26' title='bbox 1106 1031 1284 1092; x_wconf 85' lang='lat' dir='ltr'>exstantia</span> <span class='ocrx_word' id='word_1_27' title='bbox 1302 1031 1428 1094; x_wconf 91' lang='lat' dir='ltr'>indicia</span> 
     </span>
     <span class='ocr_line' id='line_1_5' title="bbox 312 1123 1425 1205; baseline 0.002 -19"><span class='ocrx_word' id='word_1_28' title='bbox 312 1133 350 1186; x_wconf 89' lang='lat' dir='ltr'>et</span> <span class='ocrx_word' id='word_1_29' title='bbox 374 1123 540 1186; x_wconf 87' lang='lat' dir='ltr'>testantia</span> <span class='ocrx_word' id='word_1_30' title='bbox 558 1123 657 1205; x_wconf 90' lang='lat' dir='ltr'>signa</span> <span class='ocrx_word' id='word_1_31' title='bbox 674 1125 764 1205; x_wconf 93' lang='lat' dir='ltr'>quod</span> <span class='ocrx_word' id='word_1_32' title='bbox 784 1125 897 1188; x_wconf 91' lang='lat' dir='ltr'>omnia</span> <span class='ocrx_word' id='word_1_33' title='bbox 916 1124 1063 1187; x_wconf 87' lang='lat' dir='ltr'>universi</span> <span class='ocrx_word' id='word_1_34' title='bbox 1085 1146 1105 1187; x_wconf 90' lang='lat' dir='ltr'>a</span> <span class='ocrx_word' id='word_1_35' title='bbox 1129 1125 1205 1187; x_wconf 90' lang='lat' dir='ltr'>Deo</span> <span class='ocrx_word' id='word_1_36' title='bbox 1224 1123 1364 1188; x_wconf 87' lang='lat' dir='ltr'>lnfinito</span> <span class='ocrx_word' id='word_1_37' title='bbox 1385 1145 1425 1188; x_wconf 90' lang='lat' dir='ltr'>ac</span> 
     </span>
     <span class='ocr_line' id='line_1_6' title="bbox 314 1217 1425 1302; baseline 0.001 -20"><span class='ocrx_word' id='word_1_38' title='bbox 314 1219 470 1282; x_wconf 87' lang='lat' dir='ltr'>Aeterno</span> <span class='ocrx_word' id='word_1_39' title='bbox 500 1228 617 1281; x_wconf 89' lang='lat' dir='ltr'>creata</span> <span class='ocrx_word' id='word_1_40' title='bbox 646 1219 724 1282; x_wconf 90' lang='lat' dir='ltr'>sint.</span> <span class='ocrx_word' id='word_1_41' title='bbox 773 1219 911 1282; x_wconf 90' lang='lat' dir='ltr'>Praeter</span> <span class='ocrx_word' id='word_1_42' title='bbox 939 1219 1001 1282; x_wconf 90' lang='lat' dir='ltr'>has</span> <span class='ocrx_word' id='word_1_43' title='bbox 1034 1219 1201 1302; x_wconf 86' lang='lat' dir='ltr'>imagines</span> <span class='ocrx_word' id='word_1_44' title='bbox 1229 1217 1356 1282; x_wconf 85' lang='lat' dir='ltr'>infiniti</span> <span class='ocrx_word' id='word_1_45' title='bbox 1390 1230 1425 1283; x_wconf 90' lang='lat' dir='ltr'>et</span> 
     </span>
     <span class='ocr_line' id='line_1_7' title="bbox 314 1312 1424 1395; baseline 0 -19"><span class='ocrx_word' id='word_1_46' title='bbox 314 1313 471 1386; x_wconf 86' lang='lat' dir='ltr'>Aeterni,</span> <span class='ocrx_word' id='word_1_47' title='bbox 492 1323 545 1376; x_wconf 89' lang='lat' dir='ltr'>est</span> <span class='ocrx_word' id='word_1_48' title='bbox 565 1313 675 1376; x_wconf 91' lang='lat' dir='ltr'>adhuc</span> <span class='ocrx_word' id='word_1_49' title='bbox 695 1314 809 1395; x_wconf 87' lang='lat' dir='ltr'>imago</span> <span class='ocrx_word' id='word_1_50' title='bbox 829 1312 956 1376; x_wconf 90' lang='lat' dir='ltr'>Infiniti</span> <span class='ocrx_word' id='word_1_51' title='bbox 976 1323 1011 1376; x_wconf 89' lang='lat' dir='ltr'>et</span> <span class='ocrx_word' id='word_1_52' title='bbox 1035 1313 1179 1377; x_wconf 91' lang='lat' dir='ltr'>Aeterni</span> <span class='ocrx_word' id='word_1_53' title='bbox 1197 1314 1231 1376; x_wconf 92' lang='lat' dir='ltr'>in</span> <span class='ocrx_word' id='word_1_54' title='bbox 1250 1315 1424 1378; x_wconf 89' lang='lat' dir='ltr'>varietati·</span> 
     </span>
     <span class='ocr_line' id='line_1_8' title="bbox 313 1407 1426 1491; baseline 0.002 -21"><span class='ocrx_word' id='word_1_55' title='bbox 313 1409 396 1484; x_wconf 88' lang='lat' dir='ltr'>bus;</span> <span class='ocrx_word' id='word_1_56' title='bbox 431 1407 521 1490; x_wconf 92' lang='lat' dir='ltr'>quod</span> <span class='ocrx_word' id='word_1_57' title='bbox 552 1427 718 1491; x_wconf 90' lang='lat' dir='ltr'>nusquam</span> <span class='ocrx_word' id='word_1_58' title='bbox 747 1410 819 1472; x_wconf 91' lang='lat' dir='ltr'>dari</span> <span class='ocrx_word' id='word_1_59' title='bbox 854 1418 957 1491; x_wconf 90' lang='lat' dir='ltr'>queat</span> <span class='ocrx_word' id='word_1_60' title='bbox 991 1409 1193 1484; x_wconf 90' lang='lat' dir='ltr'>substantia,</span> <span class='ocrx_word' id='word_1_61' title='bbox 1224 1416 1337 1472; x_wconf 87' lang='lat' dir='ltr'>status</span> <span class='ocrx_word' id='word_1_62' title='bbox 1366 1417 1426 1472; x_wconf 91' lang='lat' dir='ltr'>aut</span> 
     </span>
     <span class='ocr_line' id='line_1_9' title="bbox 313 1502 1425 1578; baseline 0.001 -13"><span class='ocrx_word' id='word_1_63' title='bbox 313 1523 367 1566; x_wconf 91' lang='lat' dir='ltr'>res</span> <span class='ocrx_word' id='word_1_64' title='bbox 395 1504 428 1564; x_wconf 93' lang='lat' dir='ltr'>in</span> <span class='ocrx_word' id='word_1_65' title='bbox 453 1503 609 1566; x_wconf 87' lang='lat' dir='ltr'>universo</span> <span class='ocrx_word' id='word_1_66' title='bbox 632 1513 747 1566; x_wconf 89' lang='lat' dir='ltr'>creato</span> <span class='ocrx_word' id='word_1_67' title='bbox 771 1504 891 1567; x_wconf 90' lang='lat' dir='ltr'>eadem</span> <span class='ocrx_word' id='word_1_68' title='bbox 915 1524 973 1567; x_wconf 90' lang='lat' dir='ltr'>seu</span> <span class='ocrx_word' id='word_1_69' title='bbox 997 1502 1086 1566; x_wconf 89' lang='lat' dir='ltr'>idem</span> <span class='ocrx_word' id='word_1_70' title='bbox 1110 1521 1186 1566; x_wconf 92' lang='lat' dir='ltr'>cum</span> <span class='ocrx_word' id='word_1_71' title='bbox 1210 1502 1332 1578; x_wconf 88' lang='lat' dir='ltr'>altero,</span> <span class='ocrx_word' id='word_1_72' title='bbox 1357 1522 1425 1566; x_wconf 92' lang='lat' dir='ltr'>non</span> 
     </span>
     <span class='ocr_line' id='line_1_10' title="bbox 313 1597 1425 1679; baseline 0.001 -20"><span class='ocrx_word' id='word_1_73' title='bbox 313 1597 347 1659; x_wconf 90' lang='lat' dir='ltr'>in</span> <span class='ocrx_word' id='word_1_74' title='bbox 367 1597 629 1679; x_wconf 89' lang='lat' dir='ltr'>atmosphaeris,</span> <span class='ocrx_word' id='word_1_75' title='bbox 651 1617 719 1660; x_wconf 92' lang='lat' dir='ltr'>non</span> <span class='ocrx_word' id='word_1_76' title='bbox 743 1599 776 1661; x_wconf 91' lang='lat' dir='ltr'>in</span> <span class='ocrx_word' id='word_1_77' title='bbox 800 1599 911 1672; x_wconf 88' lang='lat' dir='ltr'>terris,</span> <span class='ocrx_word' id='word_1_78' title='bbox 932 1617 993 1661; x_wconf 90' lang='lat' dir='ltr'>nec</span> <span class='ocrx_word' id='word_1_79' title='bbox 1018 1599 1050 1660; x_wconf 92' lang='lat' dir='ltr'>in</span> <span class='ocrx_word' id='word_1_80' title='bbox 1074 1598 1189 1662; x_wconf 83' lang='lat' dir='ltr'>formis</span> <span class='ocrx_word' id='word_1_81' title='bbox 1208 1598 1357 1662; x_wconf 87' lang='lat' dir='ltr'>oriundis</span> <span class='ocrx_word' id='word_1_82' title='bbox 1380 1617 1425 1661; x_wconf 83' lang='lat' dir='ltr'>ex</span> 
     </span>
     <span class='ocr_line' id='line_1_11' title="bbox 312 1691 1423 1775; baseline 0.001 -21"><span class='ocrx_word' id='word_1_83' title='bbox 312 1691 400 1769; x_wconf 84' lang='lat' dir='ltr'>illis3</span> <span class='ocrx_word' id='word_1_84' title='bbox 424 1692 473 1754; x_wconf 93' lang='lat' dir='ltr'>ita</span> <span class='ocrx_word' id='word_1_85' title='bbox 493 1711 560 1754; x_wconf 92' lang='lat' dir='ltr'>non</span> <span class='ocrx_word' id='word_1_86' title='bbox 585 1693 617 1754; x_wconf 87' lang='lat' dir='ltr'>in</span> <span class='ocrx_word' id='word_1_87' title='bbox 640 1692 718 1754; x_wconf 91' lang='lat' dir='ltr'>ullis</span> <span class='ocrx_word' id='word_1_88' title='bbox 734 1713 820 1775; x_wconf 91' lang='lat' dir='ltr'>quae</span> <span class='ocrx_word' id='word_1_89' title='bbox 839 1692 982 1773; x_wconf 92' lang='lat' dir='ltr'>implent</span> <span class='ocrx_word' id='word_1_90' title='bbox 1006 1693 1207 1769; x_wconf 89' lang='lat' dir='ltr'>universum,</span> <span class='ocrx_word' id='word_1_91' title='bbox 1228 1701 1345 1775; x_wconf 87' lang='lat' dir='ltr'>potest</span> <span class='ocrx_word' id='word_1_92' title='bbox 1364 1693 1423 1756; x_wconf 86' lang='lat' dir='ltr'>ali·</span> 
     </span>
     <span class='ocr_line' id='line_1_12' title="bbox 310 1785 1425 1870; baseline 0.002 -23"><span class='ocrx_word' id='word_1_93' title='bbox 310 1786 392 1868; x_wconf 90' lang='lat' dir='ltr'>quid</span> <span class='ocrx_word' id='word_1_94' title='bbox 427 1785 518 1848; x_wconf 91' lang='lat' dir='ltr'>idem</span> <span class='ocrx_word' id='word_1_95' title='bbox 552 1787 584 1848; x_wconf 92' lang='lat' dir='ltr'>in</span> <span class='ocrx_word' id='word_1_96' title='bbox 617 1795 796 1850; x_wconf 88' lang='lat' dir='ltr'>aeternum</span> <span class='ocrx_word' id='word_1_97' title='bbox 827 1786 976 1868; x_wconf 89' lang='lat' dir='ltr'>produci.</span> <span class='ocrx_word' id='word_1_98' title='bbox 1023 1785 1099 1850; x_wconf 91' lang='lat' dir='ltr'>Hoc</span> <span class='ocrx_word' id='word_1_99' title='bbox 1133 1795 1316 1851; x_wconf 90' lang='lat' dir='ltr'>exstanter</span> <span class='ocrx_word' id='word_1_100' title='bbox 1349 1807 1425 1870; x_wconf 91' lang='lat' dir='ltr'>per-</span> 
     </span>
     <span class='ocr_line' id='line_1_13' title="bbox 311 1881 1425 1964; baseline 0.004 -23"><span class='ocrx_word' id='word_1_101' title='bbox 311 1881 456 1962; x_wconf 87' lang='lat' dir='ltr'>spicitur</span> <span class='ocrx_word' id='word_1_102' title='bbox 471 1882 504 1944; x_wconf 94' lang='lat' dir='ltr'>in</span> <span class='ocrx_word' id='word_1_103' title='bbox 520 1881 687 1944; x_wconf 87' lang='lat' dir='ltr'>uarietate</span> <span class='ocrx_word' id='word_1_104' title='bbox 704 1881 863 1943; x_wconf 84' lang='lat' dir='ltr'>facierum</span> <span class='ocrx_word' id='word_1_105' title='bbox 881 1881 1029 1944; x_wconf 93' lang='lat' dir='ltr'>omnium</span> <span class='ocrx_word' id='word_1_106' title='bbox 1047 1882 1232 1957; x_wconf 91' lang='lat' dir='ltr'>hominum,</span> <span class='ocrx_word' id='word_1_107' title='bbox 1250 1883 1340 1964; x_wconf 89' lang='lat' dir='ltr'>quod</span> <span class='ocrx_word' id='word_1_108' title='bbox 1356 1901 1425 1945; x_wconf 94' lang='lat' dir='ltr'>non</span> 
     </span>
     <span class='ocr_line' id='line_1_14' title="bbox 313 1974 1425 2059; baseline 0.004 -23"><span class='ocrx_word' id='word_1_109' title='bbox 313 1995 381 2037; x_wconf 91' lang='lat' dir='ltr'>una</span> <span class='ocrx_word' id='word_1_110' title='bbox 400 1974 520 2038; x_wconf 86' lang='lat' dir='ltr'>eadem</span> <span class='ocrx_word' id='word_1_111' title='bbox 540 1974 639 2037; x_wconf 90' lang='lat' dir='ltr'>detur</span> <span class='ocrx_word' id='word_1_112' title='bbox 656 1975 689 2037; x_wconf 91' lang='lat' dir='ltr'>in</span> <span class='ocrx_word' id='word_1_113' title='bbox 710 1976 868 2038; x_wconf 89' lang='lat' dir='ltr'>universo</span> <span class='ocrx_word' id='word_1_114' title='bbox 887 1985 1053 2038; x_wconf 90' lang='lat' dir='ltr'>terrarum</span> <span class='ocrx_word' id='word_1_115' title='bbox 1076 1975 1170 2051; x_wconf 90' lang='lat' dir='ltr'>orbe,</span> <span class='ocrx_word' id='word_1_116' title='bbox 1190 1986 1226 2041; x_wconf 90' lang='lat' dir='ltr'>et</span> <span class='ocrx_word' id='word_1_117' title='bbox 1248 1977 1338 2059; x_wconf 92' lang='lat' dir='ltr'>quod</span> <span class='ocrx_word' id='word_1_118' title='bbox 1362 1995 1425 2040; x_wconf 87' lang='lat' dir='ltr'>nec</span> 
     </span>
     <span class='ocr_line' id='line_1_15' title="bbox 313 2069 1425 2153; baseline 0 -20"><span class='ocrx_word' id='word_1_119' title='bbox 313 2090 381 2133; x_wconf 92' lang='lat' dir='ltr'>una</span> <span class='ocrx_word' id='word_1_120' title='bbox 405 2069 524 2133; x_wconf 89' lang='lat' dir='ltr'>eadem</span> <span class='ocrx_word' id='word_1_121' title='bbox 548 2069 657 2150; x_wconf 89' lang='lat' dir='ltr'>possit</span> <span class='ocrx_word' id='word_1_122' title='bbox 684 2069 757 2132; x_wconf 91' lang='lat' dir='ltr'>dari</span> <span class='ocrx_word' id='word_1_123' title='bbox 786 2070 820 2132; x_wconf 92' lang='lat' dir='ltr'>in</span> <span class='ocrx_word' id='word_1_124' title='bbox 851 2080 1050 2150; x_wconf 85' lang='lat' dir='ltr'>aeternum;</span> <span class='ocrx_word' id='word_1_125' title='bbox 1084 2080 1335 2153; x_wconf 85' lang='lat' dir='ltr'>consequenter</span> <span class='ocrx_word' id='word_1_126' title='bbox 1357 2090 1425 2135; x_wconf 90' lang='lat' dir='ltr'>non</span> 
     </span>
     <span class='ocr_line' id='line_1_16' title="bbox 312 2162 1005 2246; baseline 0 -18"><span class='ocrx_word' id='word_1_127' title='bbox 312 2165 404 2228; x_wconf 90' lang='lat' dir='ltr'>idem</span> <span class='ocrx_word' id='word_1_128' title='bbox 423 2165 565 2240; x_wconf 90' lang='lat' dir='ltr'>animus,</span> <span class='ocrx_word' id='word_1_129' title='bbox 586 2162 678 2245; x_wconf 91' lang='lat' dir='ltr'>cujus</span> <span class='ocrx_word' id='word_1_130' title='bbox 698 2172 800 2246; x_wconf 91' lang='lat' dir='ltr'>typus</span> <span class='ocrx_word' id='word_1_131' title='bbox 820 2173 873 2227; x_wconf 88' lang='lat' dir='ltr'>est</span> <span class='ocrx_word' id='word_1_132' title='bbox 892 2164 1005 2228; x_wconf 83' lang='lat' dir='ltr'>iacies.</span> 
     </span>
    </p>
   </div>
   <div class='ocr_carea' id='block_1_3' title="bbox 310 2446 1425 2712">
    <p class='ocr_par' dir='ltr' id='par_1_3' title="bbox 310 2446 1425 2712">
     <span class='ocr_line' id='line_1_17' title="bbox 310 2446 1424 2531; baseline -0.003 -18"><span class='ocrx_word' id='word_1_133' title='bbox 310 2446 430 2531; x_wconf 85' lang='lat' dir='ltr'>Quon</span> <span class='ocrx_word' id='word_1_134' title='bbox 455 2459 580 2511; x_wconf 81' lang='lat' dir='ltr'>ouum</span> <span class='ocrx_word' id='word_1_135' title='bbox 610 2458 788 2510; x_wconf 81' lang='lat' dir='ltr'>uurvnnst</span> <span class='ocrx_word' id='word_1_136' title='bbox 817 2457 958 2509; x_wconf 74' lang='lat' dir='ltr'>cuam</span> <span class='ocrx_word' id='word_1_137' title='bbox 990 2457 1040 2509; x_wconf 84' lang='lat' dir='ltr'>nx</span> <span class='ocrx_word' id='word_1_138' title='bbox 1072 2457 1199 2510; x_wconf 79' lang='lat' dir='ltr'>usnaus</span> <span class='ocrx_word' id='word_1_139' title='bbox 1228 2457 1424 2510; x_wconf 70' lang='lat' dir='ltr'>senerata</span> 
     </span>
     <span class='ocr_line' id='line_1_18' title="bbox 439 2551 1425 2616; baseline -0.003 -11"><span class='ocrx_word' id='word_1_140' title='bbox 439 2553 644 2605; x_wconf 65' lang='lat' dir='ltr'>assantur</span> <span class='ocrx_word' id='word_1_141' title='bbox 667 2553 707 2604; x_wconf 83' lang='lat' dir='ltr'>m</span> <span class='ocrx_word' id='word_1_142' title='bbox 731 2552 896 2604; x_wconf 72' lang='lat' dir='ltr'>macnus</span> <span class='ocrx_word' id='word_1_143' title='bbox 920 2552 1124 2616; x_wconf 63' lang='lat' dir='ltr'>somnum</span> <span class='ocrx_word' id='word_1_144' title='bbox 1165 2551 1213 2602; x_wconf 78' lang='lat' dir='ltr'>nr</span> <span class='ocrx_word' id='word_1_145' title='bbox 1245 2551 1350 2616; x_wconf 85' lang='lat' dir='ltr'>Quor&gt;</span> <span class='ocrx_word' id='word_1_146' title='bbox 1383 2551 1425 2602; x_wconf 86' lang='lat' dir='ltr'>m</span> 
     </span>
     <span class='ocr_line' id='line_1_19' title="bbox 439 2632 1124 2712; baseline -0.006 -14"><span class='ocrx_word' id='word_1_147' title='bbox 439 2649 637 2700; x_wconf 76' lang='lat' dir='ltr'>rnsrnrun</span> <span class='ocrx_word' id='word_1_148' title='bbox 661 2647 765 2712; x_wconf 84' lang='lat' dir='ltr'>ouon</span> <span class='ocrx_word' id='word_1_149' title='bbox 788 2633 891 2698; x_wconf 78' lang='lat' dir='ltr'>Deus</span> <span class='ocrx_word' id='word_1_150' title='bbox 914 2644 972 2697; x_wconf 77' lang='lat' dir='ltr'>sn</span> <span class='ocrx_word' id='word_1_151' title='bbox 996 2632 1124 2697; x_wconf 79' lang='lat' dir='ltr'>Hono.</span> 
     </span>
    </p>
   </div>
   <div class='ocr_carea' id='block_1_4' title="bbox 303 2819 1425 4135">
    <p class='ocr_par' dir='ltr' id='par_1_4' title="bbox 303 2819 1425 4135">
     <span class='ocr_line' id='line_1_20' title="bbox 375 2819 1423 2905; baseline -0.003 -22"><span class='ocrx_word' id='word_1_152' title='bbox 375 2835 473 2905; x_wconf 81' lang='lat'>319.</span> <span class='ocrx_word' id='word_1_153' title='bbox 504 2821 619 2884; x_wconf 93' lang='lat' dir='ltr'>Homo</span> <span class='ocrx_word' id='word_1_154' title='bbox 637 2821 681 2883; x_wconf 88' lang='lat' dir='ltr'>ab</span> <span class='ocrx_word' id='word_1_155' title='bbox 703 2820 851 2901; x_wconf 87' lang='lat' dir='ltr'>antiquis</span> <span class='ocrx_word' id='word_1_156' title='bbox 867 2826 1011 2883; x_wconf 90' lang='lat' dir='ltr'>vocatus</span> <span class='ocrx_word' id='word_1_157' title='bbox 1033 2827 1087 2881; x_wconf 90' lang='lat' dir='ltr'>est</span> <span class='ocrx_word' id='word_1_158' title='bbox 1108 2819 1361 2892; x_wconf 84' lang='lat' dir='ltr'>microcosmus,</span> <span class='ocrx_word' id='word_1_159' title='bbox 1378 2837 1423 2880; x_wconf 86' lang='lat' dir='ltr'>ex</span> 
     </span>
     <span class='ocr_line' id='line_1_21' title="bbox 308 2913 1424 2998; baseline -0.004 -20"><span class='ocrx_word' id='word_1_160' title='bbox 308 2936 354 2978; x_wconf 90' lang='lat' dir='ltr'>eo</span> <span class='ocrx_word' id='word_1_161' title='bbox 373 2916 463 2998; x_wconf 93' lang='lat' dir='ltr'>quod</span> <span class='ocrx_word' id='word_1_162' title='bbox 482 2915 604 2978; x_wconf 87' lang='lat' dir='ltr'>referat</span> <span class='ocrx_word' id='word_1_163' title='bbox 627 2931 910 2986; x_wconf 89' lang='lat' dir='ltr'>macrocosmum,</span> <span class='ocrx_word' id='word_1_164' title='bbox 931 2914 986 2994; x_wconf 90' lang='lat' dir='ltr'>qui</span> <span class='ocrx_word' id='word_1_165' title='bbox 1005 2921 1058 2976; x_wconf 91' lang='lat' dir='ltr'>est</span> <span class='ocrx_word' id='word_1_166' title='bbox 1082 2913 1274 2974; x_wconf 90' lang='lat' dir='ltr'>universum</span> <span class='ocrx_word' id='word_1_167' title='bbox 1293 2913 1326 2974; x_wconf 90' lang='lat' dir='ltr'>in</span> <span class='ocrx_word' id='word_1_168' title='bbox 1345 2921 1424 2974; x_wconf 91' lang='lat' dir='ltr'>toto</span> 
     </span>
     <span class='ocr_line' id='line_1_22' title="bbox 307 3005 1424 3090; baseline -0.004 -17"><span class='ocrx_word' id='word_1_169' title='bbox 307 3010 516 3090; x_wconf 85' lang='lat' dir='ltr'>complexu:</span> <span class='ocrx_word' id='word_1_170' title='bbox 542 3010 602 3072; x_wconf 92' lang='lat' dir='ltr'>sed</span> <span class='ocrx_word' id='word_1_171' title='bbox 620 3008 723 3072; x_wconf 92' lang='lat' dir='ltr'>hodie</span> <span class='ocrx_word' id='word_1_172' title='bbox 741 3029 812 3072; x_wconf 93' lang='lat' dir='ltr'>non</span> <span class='ocrx_word' id='word_1_173' title='bbox 830 3009 947 3082; x_wconf 91' lang='lat' dir='ltr'>scitur,</span> <span class='ocrx_word' id='word_1_174' title='bbox 968 3007 1058 3070; x_wconf 87' lang='lat' dir='ltr'>unde</span> <span class='ocrx_word' id='word_1_175' title='bbox 1077 3015 1131 3070; x_wconf 91' lang='lat' dir='ltr'>est</span> <span class='ocrx_word' id='word_1_176' title='bbox 1147 3008 1238 3088; x_wconf 94' lang='lat' dir='ltr'>quod</span> <span class='ocrx_word' id='word_1_177' title='bbox 1257 3005 1361 3069; x_wconf 92' lang='lat' dir='ltr'>homo</span> <span class='ocrx_word' id='word_1_178' title='bbox 1379 3007 1424 3068; x_wconf 91' lang='lat' dir='ltr'>ab</span> 
     </span>
     <span class='ocr_line' id='line_1_23' title="bbox 307 3101 1425 3186; baseline -0.004 -18"><span class='ocrx_word' id='word_1_179' title='bbox 307 3105 459 3186; x_wconf 81' lang='lat' dir='ltr'>antiquis</span> <span class='ocrx_word' id='word_1_180' title='bbox 477 3105 526 3168; x_wconf 91' lang='lat' dir='ltr'>ita</span> <span class='ocrx_word' id='word_1_181' title='bbox 544 3113 686 3168; x_wconf 89' lang='lat' dir='ltr'>vocatus</span> <span class='ocrx_word' id='word_1_182' title='bbox 705 3105 760 3178; x_wconf 89' lang='lat' dir='ltr'>sit,</span> <span class='ocrx_word' id='word_1_183' title='bbox 778 3105 811 3166; x_wconf 92' lang='lat' dir='ltr'>in</span> <span class='ocrx_word' id='word_1_184' title='bbox 831 3103 892 3167; x_wconf 93' lang='lat' dir='ltr'>illo</span> <span class='ocrx_word' id='word_1_185' title='bbox 911 3103 1001 3165; x_wconf 91' lang='lat' dir='ltr'>enim</span> <span class='ocrx_word' id='word_1_186' title='bbox 1021 3121 1088 3165; x_wconf 94' lang='lat' dir='ltr'>non</span> <span class='ocrx_word' id='word_1_187' title='bbox 1108 3101 1183 3183; x_wconf 89' lang='lat' dir='ltr'>plus</span> <span class='ocrx_word' id='word_1_188' title='bbox 1201 3121 1246 3164; x_wconf 89' lang='lat' dir='ltr'>ex</span> <span class='ocrx_word' id='word_1_189' title='bbox 1267 3101 1425 3164; x_wconf 89' lang='lat' dir='ltr'>universo</span> 
     </span>
     <span class='ocr_line' id='line_1_24' title="bbox 309 3195 1422 3280; baseline -0.005 -17"><span class='ocrx_word' id='word_1_190' title='bbox 309 3221 371 3264; x_wconf 87' lang='lat' dir='ltr'>seu</span> <span class='ocrx_word' id='word_1_191' title='bbox 394 3218 630 3264; x_wconf 89' lang='lat' dir='ltr'>macrocosmo</span> <span class='ocrx_word' id='word_1_192' title='bbox 648 3208 803 3280; x_wconf 91' lang='lat' dir='ltr'>apparet,</span> <span class='ocrx_word' id='word_1_193' title='bbox 824 3217 925 3280; x_wconf 93' lang='lat' dir='ltr'>quam</span> <span class='ocrx_word' id='word_1_194' title='bbox 945 3197 1035 3279; x_wconf 92' lang='lat' dir='ltr'>quod</span> <span class='ocrx_word' id='word_1_195' title='bbox 1059 3217 1103 3258; x_wconf 84' lang='lat' dir='ltr'>ex</span> <span class='ocrx_word' id='word_1_196' title='bbox 1127 3216 1234 3278; x_wconf 90' lang='lat' dir='ltr'>regno</span> <span class='ocrx_word' id='word_1_197' title='bbox 1257 3195 1327 3274; x_wconf 86' lang='lat' dir='ltr'>ejus</span> <span class='ocrx_word' id='word_1_198' title='bbox 1350 3197 1422 3258; x_wconf 91' lang='lat' dir='ltr'>ani·</span> 
     </span>
     <span class='ocr_line' id='line_1_25' title="bbox 311 3292 1424 3375; baseline -0.004 -18"><span class='ocrx_word' id='word_1_199' title='bbox 311 3295 391 3359; x_wconf 91' lang='lat' dir='ltr'>mali</span> <span class='ocrx_word' id='word_1_200' title='bbox 408 3304 444 3356; x_wconf 86' lang='lat' dir='ltr'>et</span> <span class='ocrx_word' id='word_1_201' title='bbox 461 3315 506 3357; x_wconf 86' lang='lat' dir='ltr'>ex</span> <span class='ocrx_word' id='word_1_202' title='bbox 523 3313 631 3375; x_wconf 88' lang='lat' dir='ltr'>regno</span> <span class='ocrx_word' id='word_1_203' title='bbox 646 3293 717 3375; x_wconf 86' lang='lat' dir='ltr'>ejus</span> <span class='ocrx_word' id='word_1_204' title='bbox 733 3293 922 3374; x_wconf 87' lang='lat' dir='ltr'>vegetabili</span> <span class='ocrx_word' id='word_1_205' title='bbox 935 3292 1104 3354; x_wconf 90' lang='lat' dir='ltr'>nutriatur</span> <span class='ocrx_word' id='word_1_206' title='bbox 1120 3301 1155 3354; x_wconf 90' lang='lat' dir='ltr'>et</span> <span class='ocrx_word' id='word_1_207' title='bbox 1172 3292 1285 3373; x_wconf 95' lang='lat' dir='ltr'>quoad</span> <span class='ocrx_word' id='word_1_208' title='bbox 1301 3309 1424 3371; x_wconf 89' lang='lat' dir='ltr'>corpus</span> 
     </span>
     <span class='ocr_line' id='line_1_26' title="bbox 310 3386 1424 3471; baseline -0.005 -18"><span class='ocrx_word' id='word_1_209' title='bbox 310 3393 414 3465; x_wconf 89' lang='lat' dir='ltr'>vivat,</span> <span class='ocrx_word' id='word_1_210' title='bbox 428 3399 464 3453; x_wconf 92' lang='lat' dir='ltr'>et</span> <span class='ocrx_word' id='word_1_211' title='bbox 484 3390 575 3471; x_wconf 94' lang='lat' dir='ltr'>quod</span> <span class='ocrx_word' id='word_1_212' title='bbox 591 3410 636 3452; x_wconf 86' lang='lat' dir='ltr'>ex</span> <span class='ocrx_word' id='word_1_213' title='bbox 653 3389 768 3452; x_wconf 90' lang='lat' dir='ltr'>calore</span> <span class='ocrx_word' id='word_1_214' title='bbox 783 3388 855 3470; x_wconf 83' lang='lat' dir='ltr'>ejus</span> <span class='ocrx_word' id='word_1_215' title='bbox 870 3388 903 3451; x_wconf 91' lang='lat' dir='ltr'>in</span> <span class='ocrx_word' id='word_1_216' title='bbox 921 3397 1015 3450; x_wconf 90' lang='lat' dir='ltr'>statu</span> <span class='ocrx_word' id='word_1_217' title='bbox 1027 3386 1164 3449; x_wconf 90' lang='lat' dir='ltr'>vivendi</span> <span class='ocrx_word' id='word_1_218' title='bbox 1180 3395 1349 3458; x_wconf 88' lang='lat' dir='ltr'>teneatur,</span> <span class='ocrx_word' id='word_1_219' title='bbox 1364 3405 1424 3468; x_wconf 92' lang='lat' dir='ltr'>per</span> 
     </span>
     <span class='ocr_line' id='line_1_27' title="bbox 310 3481 1423 3564; baseline -0.004 -16"><span class='ocrx_word' id='word_1_220' title='bbox 310 3486 421 3550; x_wconf 90' lang='lat' dir='ltr'>lucem</span> <span class='ocrx_word' id='word_1_221' title='bbox 445 3481 517 3563; x_wconf 88' lang='lat' dir='ltr'>ejus</span> <span class='ocrx_word' id='word_1_222' title='bbox 535 3485 661 3558; x_wconf 88' lang='lat' dir='ltr'>videat,</span> <span class='ocrx_word' id='word_1_223' title='bbox 681 3493 716 3547; x_wconf 90' lang='lat' dir='ltr'>et</span> <span class='ocrx_word' id='word_1_224' title='bbox 735 3504 794 3564; x_wconf 90' lang='lat' dir='ltr'>per</span> <span class='ocrx_word' id='word_1_225' title='bbox 812 3481 1071 3562; x_wconf 89' lang='lat' dir='ltr'>atmosphaeras</span> <span class='ocrx_word' id='word_1_226' title='bbox 1091 3481 1161 3561; x_wconf 89' lang='lat' dir='ltr'>ejus</span> <span class='ocrx_word' id='word_1_227' title='bbox 1180 3483 1297 3544; x_wconf 89' lang='lat' dir='ltr'>audiat</span> <span class='ocrx_word' id='word_1_228' title='bbox 1316 3491 1351 3543; x_wconf 90' lang='lat' dir='ltr'>et</span> <span class='ocrx_word' id='word_1_229' title='bbox 1370 3501 1423 3543; x_wconf 92' lang='lat' dir='ltr'>re·</span> 
     </span>
     <span class='ocr_line' id='line_1_28' title="bbox 308 3576 1422 3663; baseline -0.004 -20"><span class='ocrx_word' id='word_1_230' title='bbox 308 3582 435 3663; x_wconf 88' lang='lat' dir='ltr'>spiret:</span> <span class='ocrx_word' id='word_1_231' title='bbox 456 3580 517 3642; x_wconf 89' lang='lat' dir='ltr'>sed</span> <span class='ocrx_word' id='word_1_232' title='bbox 533 3578 617 3643; x_wconf 92' lang='lat' dir='ltr'>haec</span> <span class='ocrx_word' id='word_1_233' title='bbox 634 3599 704 3643; x_wconf 90' lang='lat' dir='ltr'>non</span> <span class='ocrx_word' id='word_1_234' title='bbox 715 3578 855 3651; x_wconf 83' lang='lat' dir='ltr'>faciunt,</span> <span class='ocrx_word' id='word_1_235' title='bbox 869 3576 961 3659; x_wconf 91' lang='lat' dir='ltr'>quod</span> <span class='ocrx_word' id='word_1_236' title='bbox 980 3577 1084 3638; x_wconf 94' lang='lat' dir='ltr'>homo</span> <span class='ocrx_word' id='word_1_237' title='bbox 1103 3577 1148 3638; x_wconf 92' lang='lat' dir='ltr'>sit</span> <span class='ocrx_word' id='word_1_238' title='bbox 1167 3577 1422 3652; x_wconf 90' lang='lat' dir='ltr'>microcosmus,</span> 
     </span>
     <span class='ocr_line' id='line_1_29' title="bbox 306 3667 1422 3752; baseline -0.006 -14"><span class='ocrx_word' id='word_1_239' title='bbox 306 3678 396 3738; x_wconf 88' lang='lat' dir='ltr'>sicut</span> <span class='ocrx_word' id='word_1_240' title='bbox 414 3675 606 3737; x_wconf 89' lang='lat' dir='ltr'>universum</span> <span class='ocrx_word' id='word_1_241' title='bbox 622 3693 698 3737; x_wconf 87' lang='lat' dir='ltr'>cum</span> <span class='ocrx_word' id='word_1_242' title='bbox 715 3672 871 3736; x_wconf 91' lang='lat' dir='ltr'>omnibus</span> <span class='ocrx_word' id='word_1_243' title='bbox 891 3670 960 3752; x_wconf 88' lang='lat' dir='ltr'>ejus</span> <span class='ocrx_word' id='word_1_244' title='bbox 980 3679 1033 3734; x_wconf 91' lang='lat' dir='ltr'>est</span> <span class='ocrx_word' id='word_1_245' title='bbox 1051 3689 1313 3734; x_wconf 90' lang='lat' dir='ltr'>macrocosmus.</span> <span class='ocrx_word' id='word_1_246' title='bbox 1351 3667 1422 3732; x_wconf 90' lang='lat' dir='ltr'>Ve-</span> 
     </span>
     <span class='ocr_line' id='line_1_30' title="bbox 305 3765 1423 3852; baseline -0.005 -18"><span class='ocrx_word' id='word_1_247' title='bbox 305 3790 381 3834; x_wconf 88' lang='lat' dir='ltr'>rum</span> <span class='ocrx_word' id='word_1_248' title='bbox 401 3770 490 3852; x_wconf 92' lang='lat' dir='ltr'>quod</span> <span class='ocrx_word' id='word_1_249' title='bbox 509 3770 639 3851; x_wconf 90' lang='lat' dir='ltr'>antiqui</span> <span class='ocrx_word' id='word_1_250' title='bbox 662 3769 834 3832; x_wconf 90' lang='lat' dir='ltr'>hominem</span> <span class='ocrx_word' id='word_1_251' title='bbox 856 3766 1056 3830; x_wconf 87' lang='lat' dir='ltr'>vocaverint</span> <span class='ocrx_word' id='word_1_252' title='bbox 1079 3765 1340 3828; x_wconf 89' lang='lat' dir='ltr'>microcosmum</span> <span class='ocrx_word' id='word_1_253' title='bbox 1363 3785 1423 3828; x_wconf 89' lang='lat' dir='ltr'>seu</span> 
     </span>
     <span class='ocr_line' id='line_1_31' title="bbox 305 3859 1422 3948; baseline -0.007 -20"><span class='ocrx_word' id='word_1_254' title='bbox 305 3883 449 3948; x_wconf 87' lang='lat' dir='ltr'>parvum</span> <span class='ocrx_word' id='word_1_255' title='bbox 466 3865 669 3936; x_wconf 90' lang='lat' dir='ltr'>universum,</span> <span class='ocrx_word' id='word_1_256' title='bbox 690 3863 876 3925; x_wconf 91' lang='lat' dir='ltr'>hauserunt</span> <span class='ocrx_word' id='word_1_257' title='bbox 895 3881 939 3925; x_wconf 89' lang='lat' dir='ltr'>ex</span> <span class='ocrx_word' id='word_1_258' title='bbox 959 3860 1104 3922; x_wconf 88' lang='lat' dir='ltr'>scientia</span> <span class='ocrx_word' id='word_1_259' title='bbox 1122 3859 1422 3938; x_wconf 89' lang='lat' dir='ltr'>correspondenti-</span> 
     </span>
     <span class='ocr_line' id='line_1_32' title="bbox 303 3953 1424 4041; baseline -0.006 -18"><span class='ocrx_word' id='word_1_260' title='bbox 303 3977 413 4033; x_wconf 88' lang='lat' dir='ltr'>arum,</span> <span class='ocrx_word' id='word_1_261' title='bbox 432 3960 466 4021; x_wconf 94' lang='lat' dir='ltr'>in</span> <span class='ocrx_word' id='word_1_262' title='bbox 489 3979 556 4041; x_wconf 93' lang='lat' dir='ltr'>qua</span> <span class='ocrx_word' id='word_1_263' title='bbox 577 3957 801 4039; x_wconf 89' lang='lat' dir='ltr'>antiquissimi</span> <span class='ocrx_word' id='word_1_264' title='bbox 820 3955 966 4028; x_wconf 87' lang='lat' dir='ltr'>luerunt,</span> <span class='ocrx_word' id='word_1_265' title='bbox 986 3965 1022 4018; x_wconf 90' lang='lat' dir='ltr'>et</span> <span class='ocrx_word' id='word_1_266' title='bbox 1046 3973 1091 4017; x_wconf 90' lang='lat' dir='ltr'>ex</span> <span class='ocrx_word' id='word_1_267' title='bbox 1114 3953 1424 4016; x_wconf 83' lang='lat' dir='ltr'>communicatione</span> 
     </span>
     <span class='ocr_line' id='line_1_33' title="bbox 303 4047 1425 4135; baseline -0.008 -16"><span class='ocrx_word' id='word_1_268' title='bbox 303 4074 385 4120; x_wconf 84' lang='lat' dir='ltr'>cum</span> <span class='ocrx_word' id='word_1_269' title='bbox 408 4053 543 4135; x_wconf 88' lang='lat' dir='ltr'>angelis</span> <span class='ocrx_word' id='word_1_270' title='bbox 565 4052 671 4128; x_wconf 90' lang='lat' dir='ltr'>caeli;</span> <span class='ocrx_word' id='word_1_271' title='bbox 702 4052 816 4133; x_wconf 91' lang='lat' dir='ltr'>angeli</span> <span class='ocrx_word' id='word_1_272' title='bbox 839 4049 925 4114; x_wconf 92' lang='lat' dir='ltr'>caeli</span> <span class='ocrx_word' id='word_1_273' title='bbox 948 4049 1039 4112; x_wconf 91' lang='lat' dir='ltr'>enim</span> <span class='ocrx_word' id='word_1_274' title='bbox 1059 4049 1170 4112; x_wconf 89' lang='lat' dir='ltr'>sciunt</span> <span class='ocrx_word' id='word_1_275' title='bbox 1193 4067 1213 4110; x_wconf 93' lang='lat' dir='ltr'>a</span> <span class='ocrx_word' id='word_1_276' title='bbox 1236 4047 1425 4110; x_wconf 88' lang='lat' dir='ltr'>visibilibus</span> 
     </span>
    </p>
   </div>
   <div class='ocr_carea' id='block_1_5' title="bbox 303 4140 1428 4702">
    <p class='ocr_par' dir='ltr' id='par_1_5' title="bbox 303 4140 1423 4324">
     <span class='ocr_line' id='line_1_34' title="bbox 303 4140 1423 4230; baseline -0.008 -16"><span class='ocrx_word' id='word_1_277' title='bbox 303 4150 435 4214; x_wconf 86' lang='lat' dir='ltr'>circum</span> <span class='ocrx_word' id='word_1_278' title='bbox 457 4169 505 4222; x_wconf 90' lang='lat' dir='ltr'>se,</span> <span class='ocrx_word' id='word_1_279' title='bbox 526 4149 617 4230; x_wconf 88' lang='lat' dir='ltr'>quod</span> <span class='ocrx_word' id='word_1_280' title='bbox 640 4148 756 4211; x_wconf 91' lang='lat' dir='ltr'>omnia</span> <span class='ocrx_word' id='word_1_281' title='bbox 774 4145 920 4209; x_wconf 89' lang='lat' dir='ltr'>universi</span> <span class='ocrx_word' id='word_1_282' title='bbox 943 4144 1055 4227; x_wconf 91' lang='lat' dir='ltr'>quoad</span> <span class='ocrx_word' id='word_1_283' title='bbox 1080 4163 1159 4205; x_wconf 90' lang='lat' dir='ltr'>usus</span> <span class='ocrx_word' id='word_1_284' title='bbox 1181 4140 1349 4224; x_wconf 71' lang='lat' dir='ltr'>speciata,</span> <span class='ocrx_word' id='word_1_285' title='bbox 1368 4162 1423 4206; x_wconf 89' lang='lat' dir='ltr'>re·</span> 
     </span>
     <span class='ocr_line' id='line_1_35' title="bbox 304 4243 848 4324; baseline -0.011 -15"><span class='ocrx_word' id='word_1_286' title='bbox 304 4245 419 4310; x_wconf 77' lang='lat' dir='ltr'>ferant</span> <span class='ocrx_word' id='word_1_287' title='bbox 442 4244 476 4306; x_wconf 93' lang='lat' dir='ltr'>in</span> <span class='ocrx_word' id='word_1_288' title='bbox 494 4244 644 4324; x_wconf 89' lang='lat' dir='ltr'>imagine</span> <span class='ocrx_word' id='word_1_289' title='bbox 664 4243 848 4305; x_wconf 91' lang='lat' dir='ltr'>hominem.</span> 
     </span>
    </p>

    <p class='ocr_par' dir='ltr' id='par_1_6' title="bbox 305 4333 1428 4702">
     <span class='ocr_line' id='line_1_36' title="bbox 369 4333 1423 4419; baseline -0.007 -17"><span class='ocrx_word' id='word_1_290' title='bbox 369 4352 470 4419; x_wconf 74' lang='lat'>32⁰·</span> <span class='ocrx_word' id='word_1_291' title='bbox 501 4335 602 4419; x_wconf 88' lang='lat' dir='ltr'>Quod</span> <span class='ocrx_word' id='word_1_292' title='bbox 621 4347 737 4400; x_wconf 88' lang='lat' dir='ltr'>autem</span> <span class='ocrx_word' id='word_1_293' title='bbox 757 4336 860 4398; x_wconf 92' lang='lat' dir='ltr'>homo</span> <span class='ocrx_word' id='word_1_294' title='bbox 879 4334 924 4398; x_wconf 91' lang='lat' dir='ltr'>sit</span> <span class='ocrx_word' id='word_1_295' title='bbox 944 4333 1187 4397; x_wconf 88' lang='lat' dir='ltr'>microcosmus</span> <span class='ocrx_word' id='word_1_296' title='bbox 1206 4352 1265 4395; x_wconf 91' lang='lat' dir='ltr'>seu</span> <span class='ocrx_word' id='word_1_297' title='bbox 1283 4351 1423 4414; x_wconf 87' lang='lat' dir='ltr'>parvum</span> 
     </span>
     <span class='ocr_line' id='line_1_37' title="bbox 305 4427 1424 4512; baseline -0.008 -14"><span class='ocrx_word' id='word_1_298' title='bbox 305 4437 512 4507; x_wconf 85' lang='lat' dir='ltr'>universum,</span> <span class='ocrx_word' id='word_1_299' title='bbox 536 4452 583 4495; x_wconf 86' lang='lat' dir='ltr'>ex</span> <span class='ocrx_word' id='word_1_300' title='bbox 615 4452 657 4495; x_wconf 90' lang='lat' dir='ltr'>eo</span> <span class='ocrx_word' id='word_1_301' title='bbox 684 4430 775 4512; x_wconf 92' lang='lat' dir='ltr'>quod</span> <span class='ocrx_word' id='word_1_302' title='bbox 802 4430 995 4491; x_wconf 90' lang='lat' dir='ltr'>universum</span> <span class='ocrx_word' id='word_1_303' title='bbox 1023 4437 1176 4490; x_wconf 87' lang='lat' dir='ltr'>creatum</span> <span class='ocrx_word' id='word_1_304' title='bbox 1202 4427 1315 4508; x_wconf 88' lang='lat' dir='ltr'>quoad</span> <span class='ocrx_word' id='word_1_305' title='bbox 1343 4447 1424 4489; x_wconf 88' lang='lat' dir='ltr'>usus</span> 
     </span>
     <span class='ocr_line' id='line_1_38' title="bbox 306 4519 1422 4608; baseline -0.009 -17"><span class='ocrx_word' id='word_1_306' title='bbox 306 4526 501 4608; x_wconf 68' lang='lat' dir='ltr'>spetiatum</span> <span class='ocrx_word' id='word_1_307' title='bbox 520 4527 564 4590; x_wconf 88' lang='lat' dir='ltr'>sit</span> <span class='ocrx_word' id='word_1_308' title='bbox 584 4527 616 4589; x_wconf 92' lang='lat' dir='ltr'>in</span> <span class='ocrx_word' id='word_1_309' title='bbox 636 4526 785 4606; x_wconf 89' lang='lat' dir='ltr'>imagine</span> <span class='ocrx_word' id='word_1_310' title='bbox 803 4523 919 4597; x_wconf 91' lang='lat' dir='ltr'>homo,</span> <span class='ocrx_word' id='word_1_311' title='bbox 940 4541 1007 4585; x_wconf 93' lang='lat' dir='ltr'>non</span> <span class='ocrx_word' id='word_1_312' title='bbox 1027 4531 1145 4604; x_wconf 91' lang='lat' dir='ltr'>potest</span> <span class='ocrx_word' id='word_1_313' title='bbox 1165 4521 1281 4582; x_wconf 89' lang='lat' dir='ltr'>venire</span> <span class='ocrx_word' id='word_1_314' title='bbox 1304 4521 1337 4582; x_wconf 91' lang='lat' dir='ltr'>in</span> <span class='ocrx_word' id='word_1_315' title='bbox 1360 4519 1422 4583; x_wconf 91' lang='lat' dir='ltr'>ali-</span> 
     </span>
     <span class='ocr_line' id='line_1_39' title="bbox 305 4613 1428 4702; baseline -0.006 -19"><span class='ocrx_word' id='word_1_316' title='bbox 305 4619 402 4701; x_wconf 88' lang='lat' dir='ltr'>cujus</span> <span class='ocrx_word' id='word_1_317' title='bbox 431 4621 679 4702; x_wconf 88' lang='lat' dir='ltr'>cogitationem</span> <span class='ocrx_word' id='word_1_318' title='bbox 708 4627 745 4681; x_wconf 90' lang='lat' dir='ltr'>et</span> <span class='ocrx_word' id='word_1_319' title='bbox 776 4618 856 4681; x_wconf 94' lang='lat' dir='ltr'>inde</span> <span class='ocrx_word' id='word_1_320' title='bbox 885 4617 1066 4680; x_wconf 88' lang='lat' dir='ltr'>scientiam</span> <span class='ocrx_word' id='word_1_321' title='bbox 1097 4634 1141 4677; x_wconf 87' lang='lat' dir='ltr'>ex</span> <span class='ocrx_word' id='word_1_322' title='bbox 1171 4613 1248 4676; x_wconf 87' lang='lat' dir='ltr'>idea</span> <span class='ocrx_word' id='word_1_323' title='bbox 1278 4613 1428 4676; x_wconf 86' lang='lat' dir='ltr'>universi</span> 
     </span>
    </p>
   </div>
   <div class='ocr_carea' id='block_1_6' title="bbox 0 0 1680 5374">
    <p class='ocr_par' dir='ltr' id='par_1_7' title="bbox 0 0 1680 5374">
     <span class='ocr_line' id='line_1_40' title="bbox 0 0 1680 5374; baseline 0 1"><span class='ocrx_word' id='word_1_324' title='bbox 0 0 1680 5374; x_wconf 95' lang='lat' dir='ltr'> </span> 
     </span>
    </p>
   </div>
  </div>
 </body>
</html>
