3358 5384
450 677 501 727 na
524 677 661 730 mvruo
683 677 830 742 nunus,
855 679 948 732 unns
971 680 1076 732 1.—n.
1092 667 1144 750 65.
1322 685 1362 754 ²5

234 871 274 916 se
301 851 463 924 referunt,
489 872 576 933 quae
607 863 698 928 sunt,
727 863 765 918 ut
788 851 916 918 dictum
941 864 1006 930 est,
1031 855 1147 920 omnia
1169 866 1205 920 et
1229 854 1366 936 singula

235 951 335 1034 regni
368 950 585 1032 vegetabilis,
617 961 654 1014 et
686 953 734 1015 sic
768 973 848 1016 usus
881 953 1099 1035 praestandi:
1142 961 1179 1016 ut
1217 955 1363 1036 primum

235 1048 329 1112 enim
362 1067 481 1112 semen
508 1049 540 1111 in
575 1050 742 1130 gremium
766 1062 877 1115 terrae
908 1051 1070 1127 illabitur,
1094 1051 1189 1115 fovet
1213 1051 1307 1130 illud,
1328 1064 1366 1121 et

234 1147 282 1211 ab
312 1145 537 1230 undequaque
564 1148 625 1211 dat
652 1170 698 1211 ex
728 1171 765 1214 se
802 1151 931 1232 copias,
957 1160 994 1213 ut
1024 1151 1228 1232 egerminet,
1260 1160 1296 1217 et
1328 1173 1365 1218 se

236 1245 339 1308 sistat
356 1245 389 1308 in
405 1244 513 1308 forma
529 1249 805 1326 representativa
819 1247 987 1326 hominis;
1023 1248 1113 1330 quod
1148 1247 1227 1311 talis
1261 1269 1366 1314 cona·

236 1351 294 1405 tus
324 1343 429 1406 etiam
460 1344 505 1408 sit
538 1345 572 1406 in
608 1345 708 1408 siccis
738 1345 819 1427 ejus,
852 1355 950 1428 patet
973 1365 993 1408 a
1016 1344 1165 1409 coralliis
1195 1347 1229 1408 in
1259 1347 1366 1412 fundo

239 1440 393 1516 marium,
426 1462 539 1524 exque
573 1440 711 1505 floribus
745 1445 778 1507 in
812 1444 946 1520 fodinis,
982 1443 1028 1507 ibi
1064 1464 1109 1507 ex
1146 1444 1296 1521 mineris,
1327 1454 1365 1511 et

237 1556 372 1621 quoque
400 1560 445 1602 ex
469 1539 632 1604 metallis.
679 1540 832 1606 Conatus
855 1542 898 1605 ad
925 1541 1160 1622 vegetandum
1188 1563 1236 1618 se,
1260 1551 1296 1607 et
1317 1543 1366 1608 sic

239 1636 439 1717 praestandi
454 1657 545 1712 usus,
564 1648 617 1702 est
637 1637 795 1702 ultimum
812 1660 857 1702 ex
875 1638 1000 1702 Divino
1019 1640 1053 1702 in
1072 1641 1206 1702 creatis.

301 1733 371 1799 62.
404 1733 501 1800 Sicut
520 1746 574 1800 est
592 1747 737 1799 conatus
757 1737 962 1800 minerarum
981 1747 1092 1801 terrae
1112 1757 1148 1800 se
1165 1736 1365 1819 vegetandi,

238 1827 288 1892 ita
307 1841 361 1896 est
379 1843 524 1898 conatus
542 1834 789 1916 vegetabilium
810 1855 846 1898 se
862 1832 1076 1911 vivificandi;
1104 1835 1183 1898 inde
1202 1835 1286 1899 varii
1304 1855 1367 1919 ge·

239 1930 330 1992 neris
357 1929 489 1995 insec‘ta
511 1932 688 1996 odoriferis
712 1932 874 1995 halitibus
899 1951 1015 1996 eorum
1040 1933 1367 2015 correspondentla:

239 2028 333 2107 quod
352 2028 418 2093 hoc
437 2049 506 2094 non
525 2031 570 2093 sit
589 2050 635 2093 ex
655 2029 768 2094 calore
791 2030 873 2093 solis
893 2030 1021 2104 mundi,
1042 2029 1103 2092 sed
1122 2048 1183 2111 per
1207 2030 1301 2096 illum
1320 2049 1368 2097 ex

241 2125 314 2188 vita
329 2127 516 2191 secundum
533 2127 744 2208 recipientia,
764 2127 937 2191 videbitur
955 2129 988 2191 in
1009 2127 1243 2209 sequentibus.

304 2226 378 2309 63.
409 2222 511 2306 Quod
531 2226 683 2289 omnium
703 2226 850 2288 universi
868 2225 976 2290 creati
992 2225 1114 2289 relatio
1133 2225 1178 2290 sit
1193 2226 1237 2288 ad
1255 2225 1368 2291 homl·

241 2343 332 2399 nem,
356 2343 402 2386 ex
426 2321 543 2387 allatis
568 2322 705 2405 quidem
731 2324 808 2386 sciri
833 2333 961 2404 potest,
986 2321 1047 2386 sed
1073 2342 1142 2386 non
1166 2322 1274 2386 videri
1301 2323 1367 2388 nisi

238 2422 405 2498 obscure3
429 2428 465 2484 at
484 2419 517 2483 iri
537 2420 665 2485 mundo
682 2421 850 2503 spirituali
867 2421 1003 2484 videtur
1020 2419 1054 2484 id
1072 2418 1174 2484 clare.
1223 2419 1274 2485 Ibi
1294 2439 1369 2486 om·

241 2521 298 2582 nia
327 2518 430 2583 trium
458 2537 642 2600 regnorum
673 2520 778 2583 etiam
809 2528 899 2592 sunt,
928 2519 961 2582 in
991 2536 1135 2602 quorum
1165 2519 1280 2583 medio
1312 2528 1368 2585 est

238 2615 406 2698 angelus3
435 2615 532 2680 videt
556 2615 616 2680 illa
642 2618 768 2681 circum
796 2636 843 2691 se,
870 2625 905 2680 et
932 2637 1066 2699 quoque
1091 2616 1156 2679 scit
1184 2616 1275 2699 quod
1299 2617 1369 2682 sint

239 2716 580 2796 repraesentationes
595 2714 686 2796 ejus3
709 2715 826 2790 immo,
844 2715 983 2797 quando
1001 2714 1159 2777 intimum
1178 2713 1249 2795 ejus
1267 2713 1370 2779 intel·

242 2810 352 2876 lectus
374 2812 534 2893 aperitur,
555 2812 737 2894 cognoscit
760 2833 808 2886 se,
829 2822 864 2876 et
887 2813 981 2876 videt
1008 2811 1192 2894 imaginem
1216 2831 1312 2875 suam
1335 2811 1370 2877 iu

242 2910 320 2986 illis,
340 2910 400 2972 vix
416 2908 517 2974 aliter
536 2928 637 2992 quam
656 2911 744 2973 sicut
763 2910 797 2973 in
817 2909 969 2992 speculo.

307 3009 381 3091 64.
410 3005 468 3071 Ex
491 3007 543 3071 his
563 3016 599 3071 et
618 3028 664 3072 ex
687 3007 806 3071 multis
828 3007 903 3072 aliis
926 3006 1192 3082 concordandis,
1212 3027 1296 3088 quas
1314 3005 1371 3072 hic

241 3126 313 3169 non
331 3115 435 3170 vacat
450 3105 632 3181 adducere,
652 3125 714 3188 pro
737 3115 834 3170 certo
857 3114 976 3189 potest
995 3106 1083 3180 sciri,
1101 3104 1192 3187 quod
1210 3103 1303 3168 Deus
1325 3104 1372 3169 sit

245 3203 373 3278 Homo,
391 3213 427 3266 et
444 3203 535 3286 quod
552 3203 746 3267 universum
762 3213 915 3267 creatum
934 3203 978 3266 sit
994 3203 1109 3283 imago
1127 3200 1258 3282 Ipsius;
1281 3199 1370 3264 rela-

242 3303 294 3365 tio
324 3303 415 3365 enim
443 3302 633 3365 communis
661 3301 812 3365 omnium
844 3309 898 3364 est
921 3299 964 3362 ad
988 3298 1116 3382 Ipsum,
1136 3299 1226 3361 sicut
1248 3296 1372 3363 relatio

244 3398 461 3482 particularis
480 3409 534 3463 est
550 3399 594 3462 ad
614 3398 799 3462 hominem.

245 3674 361 3758 Quoi>
374 3687 464 3740 usus
475 3686 633 3738 ouumu
645 3685 748 3750 Quin
761 3682 916 3736 cunm
928 3681 1037 3746 suus,
1052 3680 1283 3733 ascennnnc
1301 3679 1373 3734 PER

374 3784 526 3836 cunnus
549 3783 598 3833 aa
617 3781 773 3835 ucrnus
792 3782 845 3831 nu
869 3779 1067 3842 uolumen,
1087 3778 1136 3830 aa
1158 3777 1229 3829 eun
1253 3776 1372 3829 nosu-

374 3883 456 3934 Nnu
480 3883 532 3932 nn
556 3866 672 3936 Dsuu
695 3864 949 3940 Ceutronum,
970 3879 995 3926 A
1014 3876 1101 3942 QUO.

311 4055 384 4137 65.
420 4051 548 4118 Ultima
566 4059 657 4127 sunt,
678 4060 717 4115 ut
740 4068 843 4132 supra
866 4045 994 4113 dictum
1019 4056 1085 4123 est,
1106 4045 1222 4110 omnia
1246 4053 1282 4109 et
1305 4043 1374 4108 sin·

246 4152 330 4236 gula
347 4153 445 4234 regni
464 4148 648 4224 mineralis,
670 4169 756 4231 quae
775 4157 855 4211 sunt
874 4145 1041 4209 materiae
1060 4145 1143 4208 varii
1159 4142 1307 4226 generis,
1328 4157 1375 4204 ex

248 4251 444 4315 substantia
467 4247 613 4330 lapidea,
634 4245 754 4319 salina,
775 4244 904 4319 oleosa,
925 4240 1091 4317 minerali,
1111 4239 1297 4314 metallica,
1317 4257 1374 4301 su·

248 4345 449 4432 perindufta
467 4346 572 4410 humo
588 4365 633 4408 ex
650 4341 837 4425 vegetabili
853 4351 889 4405 et
908 4339 1047 4404 animali
1063 4340 1097 4402 in
1113 4337 1376 4401 minutissimum

247 4446 413 4529 pollinem
443 4443 682 4508 fatiscentibus
711 4448 917 4516 constante;
953 4439 987 4500 in
1018 4435 1072 4500 his
1105 4435 1193 4499 latet
1224 4435 1376 4498 omnium

249 4565 380 4619 usuum,
398 4543 454 4627 qui
478 4563 523 4606 ex
539 4541 612 4604 vita
634 4548 726 4615 sunt,
744 4536 819 4600 finis
835 4545 871 4600 et
895 4554 1029 4618 quoque
1047 4533 1268 4615 principium3
1301 4529 1376 4593 finis

248 4644 402 4707 omnium
429 4659 550 4706 usuum
580 4646 635 4704 est
665 4645 812 4701 conatus
842 4630 1054 4716 producendi
1077 4630 1170 4707 illos,
1191 4651 1230 4693 ac
1251 4626 1377 4710 princi-
