3352 5374
309 637 353 706 74
673 635 876 686 SAPIENTIA
898 635 1095 688 ANGELICA

309 817 364 871 est
382 804 563 871 discrimen
584 808 670 872 sicut
688 809 777 872 inter
793 809 884 891 prius
903 817 938 872 et
958 809 1140 892 posterius,
1158 820 1217 874 aut
1240 813 1329 877 sicut
1348 813 1439 880 inter

308 902 458 968 formans
478 912 513 966 et
532 902 727 968 formatum.

372 998 471 1064 186.
501 997 552 1064 Ut
564 999 675 1064 adhuc
693 1000 814 1064 melius
833 998 1149 1082 comprehendatur
1164 1001 1245 1085 quid
1262 1012 1298 1067 et
1315 1003 1437 1086 quales

308 1105 387 1158 sunt
407 1095 535 1177 gradus
553 1095 705 1171 discreti,
723 1106 759 1162 et
778 1116 866 1180 quae
885 1095 1077 1161 differentia
1092 1094 1229 1161 illorum
1245 1108 1301 1163 est
1319 1119 1340 1162 a
1354 1118 1436 1182 gra·

307 1190 407 1254 dibus
436 1191 619 1269 continuis,
643 1192 714 1256 sint
740 1192 827 1256 caeli
856 1190 1005 1274 angelici
1033 1210 1095 1274 pro
1125 1192 1299 1276 exemplo.
1346 1191 1435 1261 Sunt

307 1295 377 1350 tres
402 1285 500 1362 caeli,
525 1296 560 1350 et
589 1284 639 1350 illi
665 1283 820 1352 distintti
844 1306 905 1369 per
929 1287 1056 1368 gradus
1080 1285 1295 1368 altitudinis;
1328 1310 1434 1372 quare

307 1400 410 1445 unum
435 1381 569 1447 caelum
591 1390 647 1446 est
670 1383 733 1446 sub
751 1380 883 1462 altero;
919 1402 980 1446 nec
1006 1384 1264 1448 communicant
1284 1385 1375 1448 inter
1394 1406 1433 1450 se

305 1477 406 1542 aliter
421 1497 523 1562 quam
546 1497 608 1562 per
629 1477 806 1555 influxum,
826 1479 883 1562 qui
906 1477 944 1542 fit
964 1498 984 1540 a
1004 1478 1155 1544 Domino
1178 1499 1239 1563 per
1261 1479 1379 1544 caelos
1398 1482 1433 1544 in

304 1591 366 1636 suo
382 1573 501 1640 ordine
517 1574 561 1638 ad
577 1572 740 1650 infimum,
760 1583 797 1638 et
814 1593 883 1639 non
900 1575 1060 1638 vicissim.
1106 1574 1158 1638 At
1178 1576 1433 1658 unumquodvis

304 1667 440 1733 caelum
463 1689 524 1753 per
542 1690 580 1734 se
599 1689 668 1735 non
687 1689 748 1754 per
766 1670 893 1751 gradus
916 1667 1122 1746 altitudinis,
1143 1671 1205 1734 sed
1225 1691 1286 1754 per
1304 1671 1434 1754 gradus

303 1761 499 1829 latitudinis
520 1762 724 1830 distindtum
748 1774 822 1845 est;
853 1763 903 1829 illi
926 1766 983 1850 qui
1006 1767 1040 1829 in
1064 1765 1179 1830 medio
1202 1776 1293 1842 sunt,
1314 1787 1374 1830 seu
1396 1767 1431 1829 in

303 1869 437 1936 centro,
454 1859 490 1924 in
508 1860 701 1943 sapientiae
720 1859 797 1925 luce
815 1868 908 1938 sunt,
925 1871 963 1926 at
978 1861 1035 1945 qui
1050 1861 1085 1926 in
1101 1863 1303 1946 peripheriis
1322 1882 1432 1945 usque

303 1954 346 2019 ad
367 1955 532 2020 terminos
550 1964 631 2020 sunt
650 1955 685 2020 in
704 1957 895 2040 sapientiae
915 1957 1052 2021 umbra:
1077 1957 1127 2022 ita
1146 1958 1316 2022 decrescit
1335 1957 1428 2040 sapi·

303 2051 400 2115 entia
418 2070 525 2135 usque
540 2051 585 2115 ad
600 2051 831 2133 ignorantiam
844 2053 933 2116 sicut
950 2051 1011 2116 lux
1024 2051 1194 2117 decrescit
1210 2053 1244 2116 in
1259 2051 1428 2128 umbram,

301 2145 394 2230 quod
411 2143 449 2210 fit
465 2165 526 2230 per
541 2147 752 2211 continuum.
798 2143 917 2212 Simile
932 2156 987 2213 est
1003 2147 1093 2230 apud
1106 2147 1283 2212 homines:
1307 2147 1429 2211 interi·

302 2262 362 2306 ora
385 2261 473 2325 quae
500 2243 625 2307 mentis
655 2260 773 2306 eorum
799 2253 891 2319 sunt,
912 2239 1078 2306 distind'ta
1107 2253 1187 2307 sunt
1216 2243 1253 2307 in·
1276 2241 1428 2306 totidem

300 2337 429 2422 gradus
447 2338 481 2402 in
504 2347 589 2422 quot
612 2349 692 2402 sunt
713 2337 799 2402 caeli
817 2337 976 2422 angelici,
996 2358 1036 2402 ac
1056 2358 1141 2402 unus
1161 2358 1279 2403 eorum
1298 2339 1429 2423 gradus

300 2445 355 2499 est
374 2454 476 2516 supra
495 2434 663 2512 alterum;
688 2453 792 2516 quare
815 2435 978 2498 interiora
997 2434 1174 2498 hominum
1194 2455 1282 2518 quae
1301 2435 1430 2499 mentis

300 2549 419 2594 eorum
443 2538 534 2605 sunt,
554 2527 720 2592 distindia
739 2539 819 2592 sunt
842 2548 903 2613 per
925 2528 1054 2611 gradus
1077 2529 1249 2593 discretos
1267 2549 1328 2593 seu
1346 2531 1427 2595 alti·

300 2624 438 2690 tudinis.
484 2622 569 2686 inde
586 2633 652 2701 est,
667 2624 757 2709 quod
776 2623 882 2690 homo
899 2623 1009 2706 possit
1028 2624 1062 2687 in
1078 2623 1197 2689 infimo
1213 2624 1322 2709 gradu
1338 2645 1425 2702 esse,

299 2729 373 2783 tum
390 2721 424 2783 in
441 2719 618 2802 superiori,
633 2731 669 2783 et
688 2739 824 2803 quoque
840 2720 873 2783 in
890 2738 1060 2801 supremo,
1070 2720 1259 2784 secundum
1280 2720 1426 2802 gradum

298 2817 491 2900 sapientiae
515 2815 607 2897 ejus;
641 2826 677 2879 et
701 2815 792 2898 quod
812 2834 889 2878 curn
908 2814 1020 2879 solum
1039 2814 1072 2878 in
1091 2812 1208 2879 infimo
1231 2815 1341 2898 gradu
1359 2825 1425 2894 est,

297 2913 453 2993 superior
482 2912 609 2995 gradus
638 2912 775 2974 clausus
799 2912 863 2990 sit;
897 2920 934 2976 et
957 2909 1048 2994 quod
1071 2909 1100 2974 is
1123 2911 1309 2993 aperiatur,
1334 2912 1425 2976 sicut

297 3009 417 3091 recipit
434 3009 672 3092 sapientiama
689 3005 850 3071 Domino.
896 3003 984 3072 Sunt
999 3005 1106 3069 etiam
1124 3007 1215 3089 apud
1235 3007 1424 3083 hominem,

297 3105 386 3168 sicut
399 3105 432 3167 in
447 3103 555 3180 caelo,
569 3104 698 3185 gradus
711 3103 867 3166 continui
879 3123 939 3166 seu
956 3100 1162 3166 latitudinis.
1199 3098 1304 3185 Quod
1317 3101 1425 3167 homo

296 3199 401 3264 caelis
421 3199 539 3264 similis
559 3201 614 3275 sit,
635 3209 689 3263 est
709 3199 787 3282 quia
805 3197 864 3262 ille
883 3197 996 3282 quoad
1016 3197 1179 3261 interiora
1198 3197 1325 3261 mentis
1344 3218 1425 3263 suae

296 3306 350 3360 est
370 3295 502 3360 caelum
522 3297 555 3359 in
577 3297 717 3358 minima
740 3294 859 3370 forma,
881 3302 1047 3378 quantum
1067 3293 1100 3356 in
1120 3311 1239 3357 amore
1257 3309 1294 3357 et
1312 3293 1348 3357 in
1368 3314 1422 3358 sa·

295 3394 423 3474 pientia
435 3401 488 3454 est
502 3412 521 3454 a
535 3390 696 3454 Domino.
743 3387 846 3470 Quod
863 3389 968 3453 homo
984 3388 1098 3472 quoad
1114 3387 1280 3452 interiora
1295 3389 1424 3454 mentis

296 3507 376 3550 suae
409 3489 454 3549 sit
477 3485 610 3549 caelum
635 3489 667 3548 in
693 3486 833 3548 minima
863 3485 983 3560 forma,
1004 3483 1163 3548 videatur
1185 3483 1220 3547 in
1244 3502 1348 3565 opere
1371 3481 1424 3547 De

299 3580 398 3646 Caelo
415 3592 447 3644 et
462 3581 599 3660 Inferna
616 3579 663 3655 (n.
687 3579 817 3663 51-58).

360 3676 453 3760 187.
484 3676 540 3737 Ex
557 3676 608 3738 his
628 3677 744 3758 paucis
759 3686 921 3740 constare
938 3683 1066 3758 potest,
1084 3673 1176 3758 quod
1193 3674 1250 3758 qui
1269 3693 1339 3738 non
1354 3674 1421 3738 scit

296 3771 423 3854 aliquid
444 3772 486 3833 de
506 3772 668 3852 gradibus
687 3771 846 3835 discretis
862 3791 922 3835 seu
941 3769 1144 3846 altitudinis,
1165 3789 1229 3833 nec
1254 3770 1340 3835 scire
1358 3767 1421 3833 ali·

295 3865 374 3950 quid
393 3867 500 3950 possit
521 3866 564 3929 de
583 3877 677 3930 statu
692 3865 841 3929 hominis
860 3865 974 3950 quoad
995 3864 1065 3947 ejus
1084 3864 1365 3929 reformationem
1384 3871 1432 3928 et·

295 3963 608 4046 regenerationem,
640 3982 727 4046 quae
757 3959 842 4025 liunt
871 3982 931 4044 per
962 3961 1198 4043 receptionem
1229 3959 1355 4023 amoris
1385 3967 1421 4024 et

294 4059 484 4142 sapientiae
508 4079 528 4121 a
552 4058 714 4133 Domino,
740 4067 776 4121 et
805 4070 887 4121 tunc
917 4077 977 4139 per
996 4055 1224 4138 aperitionem
1252 4054 1420 4137 graduum

293 4155 495 4220 interiorum
513 4155 639 4218 mentis
655 4152 725 4236 ejus
743 4154 776 4216 in
794 4173 855 4215 suo
872 4151 1010 4229 ordine;
1035 4171 1098 4214 nec
1117 4151 1205 4213 scire
1221 4158 1340 4232 potest
1355 4148 1417 4212 ali·

295 4253 375 4336 quid
407 4252 449 4314 de
480 4250 610 4314 influxu
644 4270 704 4332 per
734 4248 849 4312 caelos
880 4265 897 4310 a
930 4246 1092 4323 Domino,
1122 4265 1186 4308 nec
1214 4243 1342 4326 aliquid
1374 4245 1417 4307 de

295 4349 414 4412 ordine
430 4348 463 4410 in
480 4367 581 4431 quem
599 4355 735 4410 creatus
754 4353 828 4422 est;
853 4345 880 4406 si
897 4343 987 4407 enim
1004 4341 1126 4424 aliquis
1143 4341 1187 4403 de
1203 4339 1271 4403 illis
1287 4359 1356 4402 non
1373 4361 1418 4402 ex

295 4444 459 4527 gradibus
478 4443 636 4506 discretis
659 4463 718 4504 seu
743 4439 946 4515 altitudinis,
968 4438 1028 4502 sed
1053 4459 1098 4500 ex
1123 4435 1285 4518 gradibus
1305 4436 1417 4498 conti·

296 4541 371 4603 nuis
390 4561 450 4603 seu
469 4538 670 4612 latitudinis
685 4536 830 4619 cogitat,
849 4546 930 4598 tunc
951 4553 1019 4596 non
1040 4543 1157 4614 potest
1174 4531 1353 4614 quicquam
1374 4529 1418 4593 de

296 4635 364 4700 illis
387 4635 503 4699 videre
528 4653 629 4718 quam
654 4635 696 4696 ab
720 4631 906 4708 eflestibus,
927 4641 962 4694 et
988 4629 1068 4692 nihil
1091 4649 1136 4692 ex
1157 4627 1287 4704 causis;
1311 4635 1346 4688 et
1371 4647 1416 4688 ex
