3422 5380
286 699 349 765 300
636 697 839 749 SAPIENTIA
862 698 1060 753 ANGELICA

282 867 396 945 tualis,
417 890 503 954 quae
526 869 592 934 hoc
615 869 708 934 iacit.
753 870 866 934 Immo
888 870 976 954 plus,
997 892 1066 936 non
1089 880 1208 955 potest
1231 869 1353 956 aliquis
1374 871 1410 938 in

282 967 452 1032 societate
470 967 626 1031 habitare
645 968 679 1031 in
698 967 766 1031 alia
785 967 889 1032 domo
907 988 1009 1052 quam
1028 969 1062 1032 in
1081 990 1154 1046 sua,
1174 969 1280 1033 cuivis
1299 969 1333 1033 in
1353 991 1410 1034 so·

282 1065 412 1130 cietate
430 1085 492 1128 sua
510 1065 632 1128 domus
651 1073 717 1142 est,
737 1085 839 1148 quam
857 1066 990 1129 invenit
1009 1067 1074 1130 sibi
1092 1077 1260 1150 paratam,
1281 1075 1321 1131 ut
1339 1069 1408 1150 pri·

282 1181 376 1226 mum
392 1163 598 1226 societatem
613 1163 729 1227 intrat.
767 1161 806 1227 In
823 1164 1006 1229 consortiis
1018 1173 1137 1248 potest
1149 1185 1226 1230 esse
1243 1184 1321 1229 cum
1333 1165 1411 1230 aliis

281 1272 384 1326 extra
412 1280 509 1325 suam
541 1260 693 1337 domum,
713 1260 777 1325 sed
806 1282 912 1346 usque
942 1281 1012 1326 non
1041 1261 1123 1326 alibi
1156 1282 1259 1347 quam
1288 1263 1323 1327 in
1349 1284 1410 1328 sua

192 1387 198 1400 ·
281 1360 416 1423 morari.
461 1358 509 1423 Et
538 1359 629 1443 quod
659 1358 771 1424 adhuc
800 1359 877 1442 plus
900 1367 966 1436 est,
990 1379 1061 1424 non
1085 1370 1205 1444 potest
1227 1359 1350 1444 aliquis
1373 1361 1409 1426 in

280 1457 422 1521 alterius
434 1455 591 1521 conclavi
607 1458 727 1522 sedere
739 1476 842 1540 quam
858 1457 892 1522 in
905 1478 968 1522 suo
983 1457 1085 1538 loco;
1108 1458 1136 1522 si
1152 1459 1186 1522 in
1203 1458 1272 1522 alio
1288 1457 1326 1523 fit
1342 1459 1408 1523 sic·

280 1565 318 1619 ut
338 1557 450 1637 impos
469 1555 595 1618 mentis
614 1565 650 1619 et
669 1565 807 1634 mutus;
831 1564 869 1619 et
892 1554 984 1638 quod
1007 1555 1162 1620 mirabile
1178 1567 1245 1633 est,
1264 1556 1409 1640 quisque

280 1651 361 1716 dum
377 1654 485 1717 intrat
497 1652 677 1729 conclave,
691 1654 757 1717 scit
769 1673 867 1717 suum
880 1652 1014 1733 locum;
1037 1652 1196 1720 similiter
1210 1653 1249 1718 fit
1264 1653 1299 1717 in
1316 1663 1407 1718 tem·

280 1750 365 1834 plis;
389 1761 425 1816 et
445 1771 579 1835 quoque
598 1751 633 1814 in
652 1751 811 1815 coetibus
829 1752 969 1834 quando
986 1751 1195 1837 congregati
1212 1761 1303 1816 sunt.
1349 1757 1409 1819 [5.]

280 1848 338 1912 Ex
360 1848 413 1912 his
433 1858 542 1931 patet,
563 1849 655 1933 quod
678 1858 789 1913 status
813 1849 999 1932 spiritualis
1022 1852 1068 1914 sit
1091 1869 1229 1933 prorsus
1252 1850 1409 1914 diversus

280 1966 302 2010 a
323 1955 418 2010 statu
441 1946 598 2022 naturali,
622 1966 662 2010 ac
687 1946 768 2011 talis
797 1956 836 2010 ut
855 1947 976 2031 aliquis
999 1968 1069 2011 non
1092 1949 1204 2032 possit
1227 1947 1308 2010 alibi
1331 1966 1409 2010 esse

279 2063 382 2128 quam
406 2045 462 2107 ubi
485 2064 635 2125 regnans
658 2043 730 2126 ejus
752 2065 851 2109 amor
872 2056 949 2124 est;
973 2045 1020 2110 ibi
1038 2046 1130 2110 enim
1146 2055 1201 2110 est
1220 2043 1408 2127 jucundum

279 2142 373 2206 vitae
392 2141 474 2224 ejus,
494 2151 530 2205 et
553 2143 695 2225 quisque
712 2141 789 2205 vult
811 2143 846 2206 in
866 2163 948 2208 suae
967 2144 1062 2208 vitae
1080 2143 1232 2226 jucundo
1251 2163 1349 2222 esse;
1371 2151 1409 2206 et

279 2239 420 2323 spiritus
439 2239 588 2303 hominis
606 2259 675 2303 non
691 2248 809 2322 potest
833 2239 925 2317 alibi,
942 2242 1022 2322 quia
1040 2240 1074 2304 id
1096 2240 1178 2304 iacit
1197 2240 1305 2304 vitam
1325 2239 1408 2322 ejus,

279 2337 386 2402 immo
404 2338 515 2419 ipsam
527 2337 800 2418 respirationem,
816 2347 855 2401 ut
871 2347 907 2402 et
927 2336 1061 2420 pulsum
1079 2337 1193 2400 cordis
1212 2335 1294 2418 ejus.
1330 2336 1408 2400 Ali·

280 2443 335 2500 ter
344 2436 378 2499 in
392 2435 521 2498 mundo
533 2434 701 2500 naturali:
722 2435 756 2498 in
768 2435 834 2499 hoc
848 2445 1033 2500 externum
1045 2433 1194 2498 hominis
1207 2434 1251 2499 ab
1263 2433 1411 2499 infantia

279 2530 442 2598 edodtum
461 2542 516 2597 est
536 2531 686 2614 jucunda
703 2533 772 2596 alia
790 2533 950 2597 simulare
968 2533 1064 2608 facie,
1082 2531 1220 2616 loquela
1238 2541 1275 2596 et
1293 2541 1408 2614 gestu,

280 2650 383 2715 quam
406 2631 467 2694 illa
488 2650 575 2714 quae
595 2640 674 2695 sunt
692 2631 817 2694 interni
833 2631 924 2714 ejus;
948 2650 1052 2713 quare
1071 2651 1117 2694 ex
1141 2640 1237 2695 statu
1260 2629 1411 2694 hominis

280 2728 315 2792 in
329 2730 458 2792 mundo
470 2726 620 2792 naturali
636 2748 705 2791 non
718 2738 836 2809 potest
849 2727 1010 2792 concludi
1028 2728 1073 2791 ad
1091 2736 1223 2792 statum
1242 2727 1314 2809 ejus
1329 2736 1411 2809 post

281 2837 452 2903 mortem;
475 2843 556 2888 nam
574 2834 688 2888 status
704 2825 851 2905 cujusvis
870 2835 950 2907 post
970 2835 1117 2888 mortem
1136 2835 1192 2890 est
1210 2824 1410 2908 spiritualis,

281 2923 338 3008 qui
360 2932 426 2998 est,
446 2922 538 3005 quod
563 2942 631 2984 non
654 2923 766 3006 possit
789 2921 870 2985 alibi
893 2943 980 2997 esse,
1005 2941 1106 3005 quam
1130 2923 1164 2986 in
1183 2921 1335 3006 jucundo
1358 2922 1411 2987 sui

281 3021 416 3096 amoris,
436 3020 528 3103 quod
544 3020 609 3083 sibi
625 3021 659 3083 in
675 3019 804 3083 mundo
820 3019 967 3084 naturali
982 3039 1044 3103 per
1058 3021 1168 3084 vitam
1184 3021 1410 3102 comparavit.

282 3123 340 3184 led
371 3118 428 3182 Ex
451 3118 503 3182 his
527 3117 709 3182 manifeste
727 3127 889 3182 constare
908 3127 1037 3200 potest,
1056 3118 1149 3202 quod
1172 3136 1276 3183 nemo
1299 3118 1412 3201 possit

280 3215 421 3280 immitti
450 3219 483 3280 in
505 3215 693 3298 jucundum
720 3215 819 3291 caeli,
843 3217 935 3298 quod
959 3217 1133 3280 communi
1156 3237 1244 3280 voce
1266 3225 1413 3280 vocatur

281 3315 443 3396 gaudium
456 3313 621 3388 caeleste,
635 3313 691 3396 qui
703 3313 737 3376 in
750 3312 903 3395 jucundo
915 3313 1035 3377 inferni
1047 3322 1113 3388 est,
1126 3333 1187 3377 seu
1200 3313 1293 3395 quod
1305 3313 1410 3390 idem,

280 3411 314 3474 in
336 3411 522 3494 jucundum
544 3411 625 3475 boni
653 3411 709 3493 qui
733 3411 766 3474 in
790 3409 941 3493 jucundo
968 3408 1048 3474 mali
1075 3419 1151 3474 est:
1177 3410 1269 3492 quod
1296 3410 1410 3475 adhuc

281 3509 404 3573 clarius
427 3519 546 3592 potest
570 3509 729 3572 concludi
752 3530 798 3573 ex
817 3529 871 3584 eo,
891 3508 983 3592 quod
1002 3507 1130 3571 nemini
1153 3516 1234 3589 post
1259 3517 1410 3573 mortem

281 3618 429 3689 negetur
438 3608 626 3672 ascendere
638 3608 672 3670 in
683 3605 827 3682 caelum,
838 3615 1051 3671 monstratur
1060 3606 1092 3670 ei
1104 3606 1171 3681 via,
1185 3605 1287 3669 datur
1298 3608 1411 3689 copia,

280 3714 318 3769 et
341 3705 601 3783 intromittitur3
626 3705 687 3768 sed
721 3705 802 3768 dum
827 3706 863 3768 in
892 3703 1027 3767 caelum
1056 3704 1165 3779 venit,
1190 3712 1228 3767 et
1258 3705 1412 3786 aspiratu

277 3801 463 3884 jucundum
487 3801 558 3884 ejus
581 3802 739 3878 attrahit,
762 3803 883 3886 incipit
917 3803 998 3884 angi
1022 3799 1175 3884 pedtore,
1199 3811 1235 3865 et
1258 3802 1411 3884 torqueri

280 3899 397 3974 corde,
421 3920 461 3964 ac
486 3900 616 3964 sentire
644 3900 841 3982 deliquium,
865 3901 899 3963 in
929 3919 997 3982 quo
1025 3919 1064 3961 se
1086 3909 1296 3981 contorquet
1320 3901 1411 3964 sicut

281 3997 403 4078 anguis
422 3997 584 4060 admotus
603 3997 685 4078 igni,
705 4006 742 4060 et
763 4015 840 4059 cum
860 4016 982 4059 aversa
998 3995 1085 4060 facie
1100 4016 1119 4059 e
1137 3994 1249 4070 caelo,
1269 4004 1307 4059 et
1326 4016 1410 4059 con·

280 4111 380 4155 versa
398 4093 442 4155 ad
461 4092 640 4168 infernum,
661 4112 826 4175 praeceps
846 4091 988 4173 aufugit,
1008 4110 1072 4154 nec
1092 4091 1239 4174 quiescit
1254 4111 1356 4174 quam
1376 4093 1409 4155 in

281 4189 451 4251 societate
464 4190 590 4250 amoris
603 4189 663 4250 sui.
701 4187 785 4250 Inde
799 4197 961 4250 constare
974 4195 1104 4270 potest,
1118 4184 1210 4268 quod
1227 4187 1261 4250 in
1275 4187 1409 4250 caelum

281 4285 397 4346 venire
421 4303 489 4346 non
514 4283 558 4346 sit
582 4282 683 4346 alicui
701 4303 746 4346 ex
766 4283 967 4346 immediata
986 4281 1240 4358 misericordia3
1266 4282 1411 4363 proinde

281 4381 374 4463 quod
391 4402 459 4444 non
478 4381 588 4444 solum
605 4381 650 4444 sit
666 4381 815 4452 admitti,
833 4390 870 4443 ut
890 4379 989 4443 multi
1005 4379 1038 4441 in
1058 4377 1187 4441 mundo
1205 4387 1411 4458 autumant;

282 4489 356 4541 tum
379 4480 470 4562 quod
495 4500 557 4543 nec
581 4479 625 4542 sit
649 4489 893 4542 momentanea
916 4477 1073 4552 salvatio,
1098 4495 1179 4539 nam
1202 4475 1288 4541 haec
1312 4477 1411 4559 ponit

281 4575 516 4639 immediatam
539 4575 817 4638 misericordiam.
863 4579 920 4640 [7.]
953 4573 1106 4637 Fuerunt
1129 4572 1268 4655 quidam
1296 4573 1410 4656 quiin

281 4669 413 4734 mundo
431 4679 712 4734 momentaneam
735 4669 964 4734 salvationem
985 4690 1029 4732 ex
1054 4667 1256 4732 immediata
1278 4665 1410 4731 miseri·
