3352 5374
315 673 375 742 152
664 673 866 724 SAPIENTIA
889 673 1083 726 ANGELICA

310 841 550 924 adscripsisset
564 851 715 918 naturae,
732 861 833 927 quam
853 844 944 928 quod
963 845 1140 910 inserviret
1157 846 1323 929 spirituali
1338 846 1428 931 quod

310 952 333 998 a
352 933 437 1009 Deo,
452 954 512 1017 pro
532 934 670 1017 figendo
689 935 749 998 illa
768 955 852 1019 quae
869 938 1030 1001 continue
1049 939 1082 1001 in
1102 947 1258 1002 naturam
1274 939 1428 1004 influunt.

374 1041 475 1109 345.
499 1024 562 1110 (v.)
589 1025 686 1106 Quod
693 1026 846 1091 ultimum
861 1027 1040 1110 spirituale
1054 1038 1249 1111 separatum
1264 1052 1285 1094 a
1297 1031 1427 1114 superi-

309 1117 369 1182 ori
383 1138 442 1182 suo
463 1117 504 1180 id
521 1119 769 1199 operclum-In
794 1119 894 1183 Parte
913 1119 1033 1184 Tertia
1051 1130 1229 1185 ostensum
1252 1133 1317 1197 est,
1335 1123 1427 1206 quod

310 1209 487 1292 spirituale
510 1231 530 1273 a
553 1208 633 1273 Sole
653 1231 713 1274 suo
733 1232 838 1295 usque
855 1213 898 1276 ad
917 1213 1038 1276 ultima
1056 1222 1200 1277 naturae
1219 1215 1345 1280 defluat
1369 1235 1428 1298 per

309 1311 381 1366 tres
400 1303 536 1384 gradus,
550 1311 584 1365 et
604 1303 695 1384 quod
711 1303 758 1366 illi
775 1304 901 1386 gradus
914 1304 1070 1369 dicantur
1085 1306 1254 1381 caelestis,
1269 1309 1426 1388 spiritua·

309 1394 352 1458 lis
371 1404 406 1457 et
426 1394 611 1472 naturalis;
635 1405 670 1457 et
687 1396 777 1478 quod
797 1397 830 1459 in
849 1395 987 1459 homine
1007 1417 1026 1460 a
1044 1399 1230 1470 creatione,
1250 1409 1285 1462 et
1308 1400 1388 1462 inde
1406 1419 1426 1464 a

308 1487 504 1561 nativitate,
524 1497 595 1549 tres
620 1487 668 1550 illi
690 1487 818 1569 gradus
837 1489 951 1562 insint,
976 1497 1011 1552 et
1035 1489 1126 1572 quod
1146 1493 1341 1572 aperiantur
1370 1511 1423 1555 se·

307 1579 458 1642 cundum
482 1580 590 1642 vitam
613 1578 693 1659 ejus,
714 1589 749 1642 et
773 1579 862 1662 quod
886 1582 914 1643 si
937 1583 1087 1660 aperitur
1109 1582 1268 1646 caelestis
1287 1583 1423 1664 gradus,

307 1671 365 1754 qui
384 1681 436 1734 est
454 1691 629 1753 supremus
645 1682 680 1734 et
697 1671 847 1745 intimus,
859 1671 963 1734 homo
979 1671 1037 1734 fiat
1054 1673 1232 1750 caelestis;
1256 1675 1283 1736 si
1300 1676 1425 1756 gradus

308 1763 504 1846 spiritualis,
524 1764 580 1845 qui
610 1763 750 1836 medius,
771 1764 930 1844 aperitur,
951 1763 1056 1826 homo
1075 1763 1134 1828 fiat
1157 1765 1360 1846 spiritualis;
1388 1776 1424 1831 et

307 1855 336 1917 si
366 1855 470 1917 modo
499 1854 663 1918 naturalis
689 1854 826 1936 gradus,
851 1856 906 1938 qui
933 1865 985 1919 est
1016 1855 1148 1920 infimus
1173 1867 1208 1921 et
1237 1868 1423 1936 extremus,

307 1948 467 2028 aperitur,
488 1946 592 2009 homo
611 1945 670 2009 fiat
690 1946 872 2009 naturalis:
897 1957 933 2011 et
952 1948 1042 2029 quod
1063 1950 1089 2011 si
1109 1949 1212 2012 modo
1228 1947 1265 2012 fit
1285 1961 1423 2013 natura·

307 2036 360 2113 lis,
381 2050 474 2102 amet
493 2039 604 2102 solum
623 2037 682 2101 illa
700 2058 786 2120 quae
805 2040 955 2120 corporis
974 2050 1010 2103 et
1030 2041 1146 2103 mundi
1161 2051 1252 2115 sunt,
1277 2051 1313 2105 et
1332 2041 1421 2125 quod

305 2141 471 2213 quantum
492 2130 549 2193 illa
564 2141 668 2202 amat,
686 2140 820 2193 tantum
841 2150 908 2192 non
925 2142 1018 2194 amet
1034 2131 1197 2195 caelestia
1215 2143 1250 2195 et
1266 2134 1422 2214 spiritua-

307 2221 363 2296 lia,
384 2233 419 2286 et
444 2242 511 2285 non
531 2219 663 2304 spedtet
686 2221 729 2284 ad
754 2221 874 2294 Deum.
895 2232 931 2286 et
954 2223 1045 2304 quod
1066 2233 1199 2287 tantum
1220 2224 1329 2287 malus
1352 2224 1421 2289 fiat.

307 2312 365 2378 Ex
384 2313 437 2376 his
456 2325 563 2395 patet.
585 2313 675 2396 quod
695 2313 851 2376 ultimum
870 2314 1056 2395 spirituale,
1077 2316 1167 2398 quod
1186 2327 1330 2379 vocatur
1352 2318 1421 2398 spi·

254 2427 258 2436 ·
305 2408 429 2474 rituale
459 2406 625 2480 naturale,
650 2407 799 2486 separari
829 2407 939 2490 possit
969 2428 990 2470 a
1018 2408 1246 2488 superioribus
1276 2409 1355 2482 suis,
1385 2419 1422 2474 et

304 2501 398 2584 quod
432 2499 497 2563 hoc
530 2507 706 2580 separetur
735 2497 824 2579 apud
858 2497 1013 2562 homines
1042 2519 1063 2561 a
1095 2500 1215 2580 quibus
1244 2499 1420 2564 infernum.

305 2591 476 2656 Ultimum
496 2589 670 2672 spirituale
686 2610 706 2652 a
724 2591 951 2671 superioribus
968 2591 1035 2653 suis
1054 2609 1122 2653 non
1145 2601 1260 2672 potest
1280 2611 1351 2655 ase
1368 2612 1421 2656 se·

304 2686 426 2766 parari,
447 2704 510 2746 nec
533 2683 622 2764 apud
646 2683 785 2755 bestias,
806 2682 921 2745 necin
944 2683 1052 2756 terris,
1073 2693 1108 2745 et
1132 2679 1287 2764 spedtare
1306 2703 1421 2746 versus

304 2777 492 2851 infernum;
529 2775 591 2837 nisi
618 2773 727 2837 solum
758 2773 847 2854 apud
875 2773 1040 2837 homines.
1089 2773 1145 2838 Ex
1176 2774 1228 2837 his
1258 2777 1419 2859 sequitur,

303 2869 395 2951 quod
417 2866 573 2930 ultimum
593 2865 767 2946 spirituale
787 2875 982 2946 separatum
1005 2887 1026 2929 a
1048 2868 1210 2948 superiori
1230 2887 1300 2941 suo,
1321 2867 1420 2950 quale

305 2969 359 3024 est
384 2959 451 3022 illis
478 2959 533 3040 qui
563 2961 596 3021 in
623 2957 753 3020 inserno
769 2965 857 3031 sunt,
879 2957 988 3020 malos
1015 2957 1092 3022 illos
1115 2979 1204 3032 usus,
1228 2959 1272 3021 de
1301 2959 1420 3040 quibus

304 3073 415 3134 supra,
436 3071 536 3132 super
560 3049 682 3113 tellure
706 3059 875 3131 operetur.
922 3047 1024 3131 Quod
1048 3051 1153 3114 noxia
1175 3071 1276 3132 super
1298 3049 1419 3113 tellure

303 3145 469 3226 originem
490 3143 616 3205 ducant
637 3143 680 3204 ab
699 3141 847 3214 homine,
868 3150 903 3204 et
927 3142 975 3205 sic
998 3162 1043 3204 ex
1067 3141 1208 3214 inferno,
1229 3139 1419 3205 confirmari

303 3247 422 3321 potest
441 3257 486 3298 ex
505 3244 599 3298 statu
618 3243 729 3298 terrae
750 3232 931 3304 Canaanis‚
952 3234 996 3298 de
1025 3253 1093 3315 quo
1122 3234 1155 3296 in
1179 3231 1307 3307 Verb0,
1329 3233 1418 3316 quod

239 3387 245 3398 .
301 3349 381 3392 cum
399 3328 456 3391 filii
476 3327 612 3391 Israelis
631 3327 790 3390 vixerunt
809 3324 994 3388 secundum
1015 3334 1211 3407 praecepta,
1229 3336 1340 3388 terrae
1359 3326 1418 3389 de·

301 3421 417 3484 derint
437 3430 639 3501 proventum
662 3437 768 3490 suum,
789 3418 945 3480 similiter
967 3437 1090 3499 greges
1114 3427 1150 3481 et
1178 3426 1353 3494 armenta;
1383 3425 1419 3480 et

300 3512 394 3595 quod
418 3531 494 3574 cum
517 3521 638 3574 contra
657 3518 841 3592 praecepta
856 3511 1029 3582 vixerunt,
1047 3518 1158 3572 terrae
1177 3509 1299 3572 luerint
1319 3509 1418 3573 steri·

302 3603 365 3674 les,
385 3613 421 3667 et
444 3605 530 3666 sicut
553 3602 678 3664 dicitur
700 3597 914 3674 maledidtae,
932 3600 1008 3664 loco
1028 3601 1148 3664 messis
1170 3600 1327 3664 dederint
1350 3600 1417 3682 spi·

301 3715 366 3758 nas
385 3703 420 3758 et
438 3703 565 3766 sentes,
586 3711 625 3756 ac
645 3692 734 3774 quod
754 3693 978 3756 abortiverint
998 3712 1122 3775 greges
1140 3701 1176 3756 et
1196 3701 1362 3766 armenta,
1382 3701 1418 3756 et

301 3787 393 3851 ferae
415 3785 606 3867 irruperint.
651 3782 768 3848 Simile
790 3794 907 3866 potest
930 3785 1053 3848 deduci
1077 3805 1128 3848 ex
1151 3783 1303 3858 locustis,
1328 3784 1418 3848 ranis

301 3889 338 3944 et
357 3877 522 3961 pediculis
540 3878 574 3940 in
593 3876 772 3958 Aegypto.

364 3967 468 4054 346.
499 3967 573 4052 (vi.)
607 3967 704 4047 Quod
726 3969 824 4035 binae
847 3969 985 4050 formae
1006 3967 1086 4044 sint,
1110 3965 1146 4030 in
1168 3987 1253 4050 quas
1271 3967 1418 4049 operatae

296 4073 363 4148 per
383 4059 546 4146 instuxum
559 4060 630 4144 fit,·
652 4060 771 4140 forma
792 4059 986 4140 vegetabilis
1011 4067 1044 4120 et
1063 4058 1184 4138 forma
1205 4057 1418 4122 animalis.-

301 4153 404 4238 Quod
422 4173 489 4217 non
506 4153 570 4216 nisi
584 4171 686 4235 quam
704 4152 803 4215 binae
822 4150 949 4214 iormae
966 4149 1172 4213 universales
1188 4149 1418 4230 producantur

299 4268 346 4312 ex
370 4246 504 4320 tellure,
529 4255 649 4309 notum
672 4253 726 4307 est
753 4263 797 4306 ex
821 4243 908 4306 binis
931 4243 1044 4323 regnis
1068 4251 1221 4316 naturae,
1245 4261 1332 4322 quae
1354 4261 1415 4305 vo·

300 4354 423 4408 cantur
443 4359 587 4423 regnum
617 4338 765 4403 animale
791 4348 827 4402 et
853 4355 995 4419 regnum
1013 4337 1231 4419 vegetabile3
1262 4347 1297 4422 et
1324 4337 1416 4418 quod

300 4439 415 4502 omnia
434 4438 531 4499 unius
554 4435 650 4517 regni
668 4433 776 4497 multa
796 4435 989 4496 communia
1006 4431 1179 4510 habeant;
1212 4439 1250 4494 ut
1272 4449 1416 4513 regnum

300 4531 459 4606 animale,
483 4530 574 4613 quod
606 4531 639 4592 in
670 4528 740 4610 ejus
763 4523 922 4610 subjedtis
944 4529 1014 4592 sint
1044 4547 1175 4609 organa
1197 4542 1357 4589 sensuum
1380 4534 1416 4589 et

299 4644 432 4708 organa
450 4634 616 4699 motuum,
636 4633 710 4688 tum
729 4623 882 4686 membra
899 4631 935 4687 et
952 4623 1093 4698 viscera,
1113 4642 1200 4705 quae
1219 4639 1239 4684 a
1257 4619 1417 4696 cerebris,
