3410 5382
478 666 528 716 na
554 665 1074 720 o1v1unrnovrnenr1n.-N.
1099 656 1166 721 161.
1333 677 1396 746 109

262 844 430 918 appareat
460 836 547 900 sicut
578 859 624 902 ex
656 857 731 916 me;
769 849 805 902 et
835 859 971 922 quoque
1003 840 1123 904 datum
1154 851 1209 907 est
1235 842 1326 908 velle
1359 855 1397 912 et

262 953 377 998 amare
397 933 441 997 id.
487 933 584 998 Idem
603 936 668 1000 hoc
689 947 805 1019 potest
830 959 890 1020 per
910 937 1007 1020 plura
1026 937 1093 1001 alia
1110 957 1130 1001 e
1149 940 1279 1004 mundo
1296 941 1396 1027 spiri·

263 1032 347 1096 tuali
367 1029 570 1108 confirmari,
591 1033 652 1097 sed
671 1033 739 1096 duo
759 1034 818 1097 illa
836 1055 898 1118 pro
918 1046 1075 1116 tempore
1094 1030 1278 1100 sufficiunt.

263 1223 272 1238 ο
315 1143 425 1288 553.
455 1128 558 1212 Quod
588 1129 654 1193 soli
684 1130 835 1195 Domino
858 1133 930 1195 vita
958 1133 1014 1208 sit,
1039 1141 1138 1214 patet
1163 1152 1209 1196 ex
1233 1133 1287 1197 his
1310 1132 1397 1200 locis

262 1243 296 1288 1n
351 1243 457 1286 ero:

313 1357 394 1422 “Ego
409 1373 469 1407 rum
484 1356 647 1409 resurredlio
659 1369 686 1410 et
700 1360 771 1420 vita,
795 1359 840 1424 qui
854 1361 938 1410 credit
956 1360 983 1410 in
1003 1360 1057 1421 Me,
1073 1363 1124 1412 etsi
1143 1361 1283 1422 moriatur,
1299 1363 1373 1414 vivet
1380 1361 1396 1384 '⁹

393 1425 468 1488 (Joh.
481 1425 515 1474 xl.
529 1426 578 1485 25).

311 1491 326 1514 ‘¹
335 1489 394 1553 Ego
406 1505 466 1540 sum
479 1490 531 1549 via,
544 1499 571 1540 et
585 1491 684 1541 veritas
699 1501 726 1541 et
738 1493 795 1541 vita
803 1491 818 1512 ’'
830 1491 905 1557 (Joh.
917 1493 970 1542 xiv.
983 1492 1016 1554 d).

311 1555 487 1688 “Deufflat
500 1558 618 1684 VerlJmm
631 1573 648 1615 ;.
659 1595 665 1608 .
675 1595 681 1608 .
692 1559 731 1608 ‚in
748 1557 813 1621 lpao
827 1559 884 1608 vita
898 1568 964 1617 erat,
976 1569 1003 1608 et
1017 1559 1074 1609 vita
1087 1568 1146 1610 erat
1163 1559 1210 1610 lux
1226 1559 1370 1610 hominum
1380 1557 1395 1580 ’⁸

429 1639 442 1671 o
461 1660 467 1672 .
481 1639 496 1672 1.
511 1637 532 1682 1,
544 1637 577 1683 4.

262 1751 417 1819 Verbum
436 1755 482 1818 ibi
502 1765 556 1818 est
577 1754 755 1828 Dominus,

312 1880 581 1944 “Quemadmodum
592 1880 774 1930 .Paterhabe1
785 1881 867 1929 vitam
884 1881 911 1930 in
925 1881 959 1930 Se
975 1881 1047 1945 Ipso,
1057 1883 1106 1932 lta.
1117 1881 1202 1932 dedit
1216 1882 1285 1932 Filio
1293 1883 1393 1934 habere

393 1947 477 1996 vitam
493 1947 519 1996 in
534 1946 568 1996 Se
581 1945 667 2009 lpso''
680 1947 754 2011 (Joh.
768 1962 792 1996 v.
805 1948 855 2008 πό).

262 2078 365 2164 Quod
391 2081 495 2145 homo
523 2100 543 2142 a
573 2079 649 2144 solo
670 2081 821 2144 Domino
850 2081 997 2145 ducatur
1023 2091 1060 2146 et
1089 2083 1268 2159 doceatur,
1293 2091 1392 2166 patet

262 2196 308 2241 ex
326 2177 399 2240 his:

312 2312 399 2362 “Sine
413 2309 458 2362 Me
471 2326 525 2361 non
539 2310 653 2374 potestis
665 2310 755 2360 iacere
767 2310 909 2375 quicquam
917 2308 932 2330 ”
944 2307 1020 2377 (Joh.
1033 2325 1076 2361 xv.
1091 2311 1123 2375 5).

312 2377 396 2428 “Non
409 2387 501 2442 potest
514 2377 597 2426 homo
610 2390 717 2425 sumere
730 2375 880 2440 quicquam,
894 2375 947 2426 nisi
961 2377 996 2426 ait
1010 2378 1103 2427 datum
1122 2377 1162 2428 illi
1176 2393 1191 2428 e
1206 2376 1304 2428 caelo''
1316 2377 1393 2444 (Joa

312 2443 679 2574 Nonddiedl)i10mo·⁴unum
689 2508 773 2572 pilum
782 2507 874 2557 album
884 2517 932 2558 aut
940 2507 1047 2572 nigrum
1057 2509 1147 2558 iacere
1156 2508 1170 2529 ’³
1180 2509 1288 2570 (Marta.
1298 2524 1323 2561 v.
1334 2509 1375 2574 ³⁶)
1385 2523 1394 2570 ς

260 2673 321 2738 per
342 2651 476 2736 “pilum
486 2650 503 2676 ”
520 2651 555 2714 in
574 2649 694 2715 Verbo
713 2649 927 2734 significatur
946 2651 1097 2714 omnium
1118 2651 1304 2715 minimum.
1463 2727 1470 2744 ἱ

324 2744 428 2810 160.
458 2745 561 2828 Quod
577 2747 650 2810 vita
669 2745 836 2810 malorum
856 2746 960 2810 etiam
976 2747 1021 2810 sit
1039 2767 1086 2809 ex
1106 2748 1227 2811 eadem
1245 2747 1390 2830 origine,

260 2845 295 2910 in
313 2865 376 2907 suo
395 2841 541 2906 articulo
560 2843 593 2904 in
614 2843 837 2925 sequentibus
857 2841 1154 2906 demonstrabitur
1170 2864 1177 2919 ;
1210 2841 1264 2906 hic
1285 2843 1393 2908 modo

259 2939 295 3004 id
315 2959 377 3024 per
395 2939 690 3021 comparationem
709 2937 946 3001 illustrabitur.
995 2936 1029 3000 A
1048 2937 1122 3002 sole
1144 2939 1262 3001 mundi
1282 2937 1391 3004 influit

260 3043 297 3100 et
316 3034 411 3098 calor
429 3042 464 3097 et
484 3033 563 3111 lux;
595 3053 634 3096 ac
655 3031 762 3094 influit
783 3032 939 3096 similiter
958 3033 993 3096 in
1014 3035 1154 3098 arbores
1173 3054 1261 3117 quae
1280 3034 1392 3100 lerunt

261 3129 373 3197 malos
390 3125 530 3205 srudtus,
547 3138 584 3192 ut
602 3129 635 3192 in
656 3128 795 3191 arbores
811 3148 898 3210 quae
918 3126 1032 3191 ferunt
1050 3128 1161 3193 bonos
1181 3125 1328 3208 iruftus3
1352 3149 1391 3194 ac

261 3227 420 3293 similiter
441 3234 650 3308 vegetantur
676 3232 712 3286 et
740 3232 923 3302 crescunt;
962 3221 1103 3299 formae,
1129 3226 1163 3288 in
1190 3245 1275 3308 quas
1298 3223 1394 3290 calor

261 3324 382 3400 influit,
402 3321 531 3387 iaciunt
555 3321 790 3385 diversitatem
814 3319 919 3396 illam,
941 3339 1012 3383 non
1032 3329 1150 3383 autem
1170 3319 1265 3383 calor
1287 3321 1322 3385 in
1345 3340 1393 3384 se.

262 3419 381 3486 Simile
404 3427 459 3483 est
482 3437 559 3482 cum
582 3417 679 3496 luce;
716 3417 801 3482 haec
825 3415 1023 3498 variegatur
1046 3414 1239 3480 incolores
1269 3435 1392 3480 secun·

263 3517 343 3582 dum
363 3517 500 3592 formas,
518 3515 551 3578 in
570 3535 654 3599 quas
673 3512 803 3592 influit;
835 3521 915 3576 sunt
933 3510 1223 3606 colores'pulchri
1242 3519 1278 3574 et
1298 3510 1392 3589 laeti,

262 3623 300 3679 et
323 3622 403 3678 sunt
427 3611 561 3676 colores
584 3609 762 3693 impulchri
786 3619 822 3674 et
847 3609 976 3684 tristes,
1003 3616 1038 3672 et
1062 3627 1168 3691 usque
1192 3605 1315 3671 eadem
1339 3617 1393 3671 est

262 3709 334 3774 lux.
380 3706 499 3773 Simile
523 3716 577 3772 est
600 3725 678 3769 cum
701 3705 830 3770 influxu
853 3705 978 3770 caloris
1001 3701 1197 3788 spiritualis,
1218 3702 1275 3785 qui
1298 3701 1331 3764 in
1356 3722 1393 3766 se

263 3817 319 3872 est
342 3825 450 3882 amor,
474 3815 511 3870 et
534 3805 620 3869 lucis
646 3805 830 3888 spiritualis
860 3806 916 3889 qui
947 3803 981 3867 in
1012 3822 1049 3866 se
1081 3810 1135 3866 est
1167 3799 1350 3882 sapientia,
1375 3821 1394 3864 e

263 3901 345 3969 Sole
364 3902 482 3965 mundi
501 3899 697 3984 spiritualis,
742 3900 901 3978 Formae,
921 3901 956 3964 in
977 3919 1061 3984 quas
1084 3895 1242 3970 influunt,
1263 3894 1394 3959 iaciunt

263 3999 515 4073 diversitatem,
536 4019 604 4062 non
628 4009 745 4062 autem
769 3999 863 4063 calor
892 3996 951 4063 ille
980 3997 1036 4081 qui
1060 4004 1114 4059 est
1139 4010 1246 4066 amor,
1272 3998 1307 4054 et
1332 3989 1393 4053 lux

264 4094 324 4160 illa
347 4117 434 4180 quae
464 4105 517 4159 est
547 4096 727 4177 sapientia,
751 4097 784 4159 in
809 4116 855 4159 se.
902 4095 1050 4159 Formae
1074 4094 1109 4156 in
1134 4107 1219 4173 quas
1248 4084 1394 4150 influunt

264 4205 344 4260 sunt
363 4205 500 4260 mentes
518 4194 700 4259 humanae.
747 4193 803 4258 Ex
824 4193 878 4258 his
895 4212 984 4256 nunc
1004 4198 1114 4275 patet,
1136 4185 1227 4271 quod
1247 4183 1354 4248 homo
1374 4203 1395 4246 a

264 4292 340 4358 solo
359 4293 511 4358 Domino
529 4294 674 4356 ducatur
693 4302 729 4356 et
749 4292 922 4355 doceatur.

328 4392 423 4458 161.
453 4393 545 4478 Quid
578 4405 696 4459 autem
728 4393 802 4458 vita
836 4389 1043 4464 animalium,
1080 4409 1180 4472 supra
1215 4391 1393 4448 ostensum

264 4501 331 4568 est,
355 4492 447 4575 quod
472 4513 596 4577 nempe
618 4494 664 4556 sit
687 4491 760 4556 vita
783 4486 973 4554 affestionis
1004 4507 1096 4551 mere
1125 4481 1291 4549 naturalis
1316 4495 1393 4540 cum

266 4610 428 4674 compare
455 4613 517 4655 sua
547 4589 712 4666 scientia;
752 4596 787 4651 et
814 4585 906 4669 quod
930 4586 975 4649 sit
998 4585 1071 4648 vita
1101 4581 1254 4645 mediata
1279 4597 1394 4641 corre-

266 4691 442 4776 spondens
460 4690 554 4754 vitae
573 4685 710 4752 illorum
730 4683 838 4768 quiin
859 4682 988 4746 mundo
1008 4678 1175 4764 spirituali
1196 4686 1286 4740 sunt.
