3434 5364
440 681 492 734 DE
514 679 649 731 DIVINO
671 679 815 741 AMORE,
837 678 929 728 PARS
952 677 1068 726 V.-·N.
1086 681 1159 743 421.
1296 677 1356 745 205

236 852 414 918 sinistrum
439 850 608 915 diminuta
630 849 738 932 copia.
786 847 883 927 Quod
899 847 1039 930 sanguis
1056 869 1099 910 ex
1116 869 1192 910 aere
1213 846 1359 910 attrailo

238 969 274 1012 se
292 944 423 1010 nutrior
442 943 708 1020 conducibilibus,
729 953 869 1008 constat
897 964 943 1007 ex
966 943 1133 1006 immensa
1151 942 1250 1026 copia
1273 942 1358 1007 odo·

238 1061 312 1106 rum
336 1049 372 1106 et
396 1040 564 1104 halituum
582 1060 626 1102 ex
649 1039 777 1115 viretis,
798 1037 926 1103 floretis
949 1048 986 1103 et
1009 1037 1176 1101 arboretis
1195 1041 1359 1104 continue

240 1135 473 1214 effluentium3
508 1155 622 1218 exque
643 1135 812 1198 immensa
841 1134 941 1216 copia
968 1132 1090 1196 salium
1112 1134 1196 1196 varii
1222 1134 1359 1216 generis

239 1251 399 1296 unacum
417 1231 513 1314 aquis
533 1251 552 1293 e
569 1230 679 1304 terris,
701 1228 809 1293 fluviis
827 1237 863 1292 et
883 1229 1016 1310 stagnis
1031 1249 1038 1306 ;
1063 1248 1176 1312 exque
1191 1228 1359 1292 immensa

238 1327 338 1409 copia
360 1326 528 1390 halituum
552 1334 588 1389 et
618 1324 829 1388 effluviorum
853 1344 898 1388 ex
928 1324 1122 1388 hominibus
1144 1334 1180 1388 et
1203 1323 1358 1388 animali·

238 1423 313 1499 bus,
327 1443 372 1486 ex
384 1422 505 1506 quibus
518 1441 577 1484 aer
588 1422 854 1502 impraegnatur.
900 1417 1002 1501 Quod
1015 1418 1100 1483 haec
1114 1420 1148 1482 in
1162 1419 1358 1501 pulmonem

239 1537 316 1581 cum
335 1513 488 1581 attradio
506 1537 584 1580 aere
600 1514 755 1591 influant,
773 1535 841 1579 non
861 1523 978 1599 potest
996 1514 1126 1596 negari,
1145 1523 1181 1577 et
1200 1514 1277 1596 quia
1293 1511 1358 1577 hoc

239 1632 308 1677 non
328 1621 447 1695 potest
466 1612 596 1693 negari,
617 1631 680 1674 nec
699 1621 820 1694 potest
838 1611 918 1694 quin
939 1610 1079 1692 sanguis
1098 1610 1255 1673 attrahat
1274 1608 1358 1672 talia

238 1707 319 1771 inde
334 1727 422 1790 quae
438 1707 469 1770 ei
485 1706 703 1784 conducunt;
727 1714 763 1769 et
780 1705 865 1770 talia
881 1705 1090 1780 conducunt,
1104 1725 1191 1787 quae
1206 1701 1358 1767 affectio-

238 1803 338 1866 nibus
354 1802 479 1866 amoris
498 1801 568 1882 ejus
587 1802 868 1884 correspondent.
916 1802 1001 1864 Inde
1024 1810 1078 1864 est
1098 1800 1188 1883 quod
1212 1801 1245 1862 in
1268 1799 1358 1863 vesi-

237 1897 322 1962 culis
337 1919 397 1961 seu
412 1897 540 1961 intimis
557 1896 727 1978 pulmonis
744 1897 813 1961 sint
829 1897 862 1960 in
880 1896 989 1960 multa
1005 1897 1103 1979 copia
1120 1894 1265 1959 venulae
1280 1912 1357 1959 cum

236 1992 375 2066 osculis,
395 2011 482 2074 quae
505 1989 589 2055 talia
607 1992 807 2069 insorbent;
839 2001 912 2054 tum
936 1991 1027 2074 quod
1050 1992 1190 2073 sanguis
1213 1990 1358 2054 refluens

236 2089 271 2151 in
291 2086 519 2151 ventriculum
536 2086 648 2150 cordis
665 2087 839 2150 sinistrum
856 2096 1009 2150 mutatus
1026 2088 1072 2151 sit
1091 2087 1124 2149 in
1141 2087 1355 2160 arteriosum‚

237 2202 276 2246 ac
297 2183 416 2246 niteat.
463 2181 560 2245 Haec
580 2179 794 2256 confirmant,
812 2181 903 2263 quod
926 2182 1065 2264 sanguis
1084 2202 1121 2244 se
1141 2180 1295 2264 purificet
1314 2180 1358 2243 ab

237 2277 491 2359 heterogeneis‚
517 2286 552 2340 et
576 2276 666 2360 quod
691 2297 727 2340 se
751 2278 882 2341 nutriat
905 2277 949 2340 ab
971 2277 1207 2358 homogeneis.
1255 2275 1358 2358 Quod

236 2374 376 2454 sanguis
393 2373 426 2434 in
445 2371 605 2454 pulmone
622 2393 658 2435 se
676 2371 831 2453 purificet
844 2380 879 2435 et
897 2374 1027 2436 nutriat
1045 2372 1359 2453 correspondenter

236 2465 472 2531 affectionibus
490 2469 604 2542 animi,
621 2465 687 2530 hoc
705 2466 857 2531 nondum
877 2477 997 2530 notum
1014 2477 1077 2541 est,
1096 2466 1157 2529 sed
1176 2477 1230 2531 est
1247 2467 1355 2530 notis-

235 2563 357 2626 simum
374 2563 408 2625 in
426 2563 552 2625 mundo
570 2561 757 2645 spirituali:
781 2561 896 2644 angeli
912 2563 1002 2626 enim
1020 2563 1126 2645 quiin
1144 2561 1247 2624 caelis
1263 2569 1356 2638 sunt,

236 2659 336 2720 unice
352 2654 570 2721 delei'tantur
585 2657 758 2732 odoribus,
777 2657 833 2737 qui
852 2658 1126 2740 correspondent
1143 2658 1250 2719 amori
1269 2657 1358 2739 sapi·

235 2752 351 2816 entiae
374 2751 534 2829 illorum;
569 2760 605 2814 at
633 2751 772 2833 spiritus
801 2751 835 2814 in
866 2751 997 2815 inferno
1020 2754 1118 2816 unice
1142 2749 1358 2816 delcetantur

235 2846 397 2912 odoribus
415 2847 472 2930 qui
490 2845 762 2928 correspondent
781 2846 889 2910 amori
908 2847 1069 2930 opposito
1088 2847 1298 2928 sapientiae;
1322 2845 1357 2910 hi

236 2930 362 3008 odores
385 2951 465 3004 sunt
489 2950 641 3024 putores,
666 2939 716 3004 illi
743 2951 860 3005 autem
884 2942 1009 3006 odores
1033 2952 1113 3007 sunt
1137 2942 1356 3024 fragrantiae.

237 3035 339 3118 Quod
363 3036 519 3100 homines
547 3037 583 3099 in
612 3035 741 3099 mundo
771 3036 1010 3118 impraegnent
1034 3038 1236 3119 sanguinem
1259 3055 1356 3100 suum

235 3131 402 3195 similibus
425 3131 611 3194 secundum
634 3131 978 3213 correspondentiam
1010 3151 1086 3194 cum
1121 3128 1356 3195 affedtionibus

235 3227 361 3289 amoris
380 3245 510 3301 eorum,
530 3227 610 3290 inde
630 3227 803 3310 sequitur;
828 3227 919 3310 quod
939 3229 1030 3291 enim
1050 3227 1189 3308 spiritus
1207 3226 1357 3290 hominis

234 3330 341 3395 amat,
352 3320 419 3384 hoc
437 3323 576 3403 sanguis
592 3322 780 3386 secundum
797 3321 1140 3403 correspondentiam
1156 3322 1356 3403 appetitae

234 3417 463 3498 respiratione
482 3416 637 3481 attrahit.
683 3416 739 3481 Ex
755 3417 819 3481 hac
839 3416 1147 3499 correspondentia
1165 3414 1248 3494 fluit,
1265 3417 1357 3500 quod

234 3509 340 3574 homo
356 3512 469 3593 quoad
485 3531 636 3576 amorem
653 3533 749 3576 suum
770 3511 964 3595 purificetur
979 3513 1007 3575 si
1025 3521 1119 3576 amat
1139 3513 1355 3594 sapientiam,

235 3613 271 3670 et
285 3606 375 3688 quod
388 3616 635 3689 conspurcetur
646 3609 674 3670 si
688 3628 755 3671 non
768 3617 863 3671 amat
877 3606 981 3671 illam.
1013 3603 1133 3670 Omnis
1146 3609 1252 3671 etiam
1265 3608 1355 3691 puri·

235 3698 353 3765 ficatio
371 3701 520 3765 hominis
538 3701 577 3764 fit
593 3722 652 3784 per
668 3723 748 3766 vera
764 3723 850 3786 quae
870 3713 950 3766 sunt
970 3703 1170 3783 sapientiae,
1189 3713 1226 3768 et
1244 3703 1356 3768 omnis

234 3799 478 3878 conspurcatio
491 3798 639 3862 hominis
654 3797 693 3862 fit
705 3820 764 3881 per
773 3798 860 3863 falsa
875 3802 1038 3882 opposita
1049 3801 1138 3863 veris
1154 3802 1355 3885 sapientiae.

298 3906 393 3974 421·
417 3890 530 3975 (xvii.)
557 3891 654 3971 Quod
665 3915 761 3957 amor
771 3915 828 3956 seu
839 3893 995 3958 voluntas
1006 3903 1239 3975 conspurcetur
1253 3894 1287 3958 in
1303 3895 1355 3957 in-

233 3983 372 4062 tellectu,
388 3995 421 4049 et
435 3985 477 4050 ab
492 3986 561 4063 illo,
578 3987 613 4051 si
625 4009 687 4050 non
699 3987 805 4052 simul
815 3989 989 4052 elevantur
999 4010 1015 4062 ,·
1037 3990 1199 4071 quoniam
1215 3991 1243 4051 si
1259 4008 1356 4052 amor

233 4099 304 4147 non
327 4081 495 4159 elevatur,
516 4094 597 4146 tunc
618 4093 736 4147 manet
755 4085 904 4166 impurus
930 4081 982 4166 (ut
1005 4102 1117 4165 supra,
1138 4103 1169 4146 n.
1188 4100 1262 4165 419,
1278 4098 1353 4163 420,

233 4173 363 4242 ditium
391 4175 461 4261 est)
478 4199 486 4256 ;
521 4189 557 4242 et
588 4197 664 4241 cum
695 4189 812 4242 manet
840 4179 1001 4259 impurus,
1026 4188 1121 4241 amat
1151 4179 1292 4260 impura,
1317 4186 1355 4242 ut

229 4270 415 4348 mndiitas,
429 4272 520 4348 odia,
533 4272 678 4346 fraudes,
691 4272 933 4354 blasphemias,
948 4271 1117 4336 adulteria
1130 4295 1137 4351 ;
1161 4273 1246 4336 haec
1263 4272 1354 4336 enim

231 4377 316 4433 tunc
337 4380 416 4432 sunt
435 4367 507 4449 ejus
526 4365 733 4442 affeltiones‚
752 4388 838 4450 quae
858 4377 1024 4431 vocantur
1040 4369 1353 4450 concupiscentiae.

230 4483 273 4526 ac
292 4461 402 4543 rejicit
419 4462 477 4526 illa
493 4483 580 4546 quae
600 4463 790 4536 charitatis,
804 4462 971 4543 justitiae,
989 4464 1208 4537 sinceritatis,
1226 4463 1353 4525 verita·

230 4559 290 4631 tis,
315 4566 351 4621 et
375 4559 549 4622 castitatis
573 4568 661 4621 sunt.
709 4557 843 4620 Dicitur
865 4558 955 4639 quod
980 4576 1076 4620 amor
1106 4559 1138 4621 in
1162 4555 1350 4630 intelledtu¹

230 4661 270 4728 et
293 4652 338 4716 ab
360 4652 432 4729 illo,
453 4661 722 4735 conspurcetur;
745 4650 780 4716 in
802 4650 1076 4729 enucleandum
1094 4670 1191 4716 amor
1208 4649 1353 4716 afficitur
