3418 5368
295 661 357 727 τοῦ
630 671 852 727 seersum
874 667 1071 724 suosmet

294 859 377 914 tunc
397 848 543 932 primurn
559 867 578 911 e
597 845 750 912 tenebris
773 845 806 910 in
830 843 943 911 lucem
962 842 1066 909 venit.
1112 839 1200 908 Sunt
1218 841 1285 909 tria
1303 863 1424 909 essen·

294 942 392 1007 tialia
414 941 594 1019 ecclesiae,
614 939 747 1023 agnitio
767 938 884 1004 Divini
904 937 1054 1015 Domini,
1073 938 1207 1021 agnitio
1226 934 1425 1002 sanititatis

294 1037 413 1117 Verbi,
437 1046 474 1103 et
497 1037 571 1102 vita
593 1056 680 1121 quae
703 1045 847 1100 vocatur
870 1034 1032 1099 charitas.
1078 1031 1275 1098 Secundum
1298 1034 1422 1109 vitam,

295 1154 382 1216 quae
405 1143 459 1198 est
483 1131 646 1207 charitas,
671 1140 726 1196 est
749 1131 856 1196 cuivis
878 1129 1008 1194 homini
1035 1127 1130 1206 fides,
1154 1150 1201 1193 ex
1225 1127 1345 1194 Verbo
1367 1139 1422 1195 est

295 1229 452 1310 cognitio
481 1227 593 1320 qualis
616 1226 690 1291 vita
712 1225 787 1303 erit,
809 1235 845 1290 et
868 1246 890 1289 a
912 1223 1063 1306 Domino
1089 1232 1145 1290 est
1166 1224 1363 1289 reformatio
1385 1233 1423 1289 et

295 1324 454 1388 salvatio.
499 1321 534 1388 Si
561 1322 647 1387 haec
676 1323 741 1387 tria
770 1331 808 1388 ut
842 1321 1041 1386 essentialia
1069 1321 1238 1386 ecclesiae
1268 1320 1421 1397 fuissent,

295 1421 528 1483 dissensiones
550 1415 806 1484 intellectuales
825 1438 894 1482 non
914 1418 1082 1482 divissent
1102 1416 1208 1493 illam,
1228 1417 1291 1480 sed
1310 1416 1422 1480 solum

294 1516 500 1590 variassent,
517 1515 606 1579 sicut
627 1513 687 1578 lux
707 1517 818 1579 variat
838 1514 973 1578 colores
991 1513 1025 1577 in
1045 1510 1189 1594 objediis
1208 1511 1370 1595 pulchris,
1387 1521 1423 1575 et

295 1612 383 1674 sicut
407 1609 502 1674 varia
528 1609 728 1674 diademata
757 1608 886 1674 faciunt
914 1607 1204 1691 pulchritudinem
1232 1607 1267 1671 in
1294 1627 1423 1671 corona

295 1725 396 1788 regis.

359 1799 462 1865 260.
494 1797 579 1882 (vii.)
607 1798 705 1878 Quod
718 1821 807 1863 mere
824 1798 994 1863 naturalis
1013 1799 1109 1862 homo
1125 1809 1243 1862 contra
1260 1797 1423 1862 Divinam

295 1893 554 1959 Providentiam
577 1916 613 1958 se
633 1895 804 1979 confirmet
831 1915 874 1958 ex
899 1916 944 1970 eo,
970 1893 1062 1976 quod
1079 1893 1287 1968 Judaismus
1316 1891 1428 1956 adhuc

291 1998 422 2072 perstet
430 1990 581 2074 ,·-quod
599 1989 720 2071 Judaei
740 2001 819 2073 post
839 1999 894 2054 tot
913 1989 1052 2054 saecula
1076 2009 1145 2052 non
1165 1989 1324 2052 conversi
1342 1989 1423 2064 sint,

296 2085 438 2150 tametsi
456 2086 546 2148 inter
565 2083 782 2148 Christianos
801 2086 931 2161 vivunt,
952 2094 989 2150 et
1007 2084 1100 2169 quod
1118 2085 1307 2149 secundum
1325 2103 1423 2166 prae·

295 2175 465 2244 dictiones
478 2180 512 2243 in
522 2177 641 2243 Verbo
654 2200 723 2244 non
736 2177 967 2244 confiteantur
981 2179 1167 2243 Dominum
1180 2188 1217 2243 et
1229 2185 1423 2261 agnoscant

297 2273 414 2358 Ipsum
434 2294 496 2360 pro
516 2275 654 2350 Messia,
674 2276 742 2358 qui,
763 2285 801 2338 ut
825 2285 962 2357 putant,
983 2274 1062 2339 illos
1084 2276 1119 2339 in
1142 2285 1270 2339 terram
1289 2272 1423 2338 Canaa·

297 2389 377 2436 nem
403 2367 602 2435 redudturus
636 2384 740 2447 esset,
773 2383 808 2436 et
842 2371 935 2456 quod
970 2381 1172 2436 constanter
1203 2379 1360 2454 perstent
1390 2369 1425 2433 in

297 2467 496 2548 negatione,
517 2478 552 2531 et
572 2488 677 2551 usque
697 2479 814 2530 tamen
835 2466 902 2530 illis
921 2467 1010 2532 bene
1030 2476 1094 2530 est.
1140 2464 1210 2530 Sed
1231 2466 1277 2542 hi,
1296 2467 1353 2550 qui
1376 2465 1426 2528 ita

297 2562 467 2644 cogitant,
486 2572 520 2626 et
538 2563 617 2627 ideo
632 2563 667 2627 in
683 2563 823 2626 dubium
841 2573 970 2627 vocant
987 2561 1147 2626 Divinam
1167 2561 1424 2626 Providentiam

298 2676 368 2719 non
404 2659 518 2722 sciunt
551 2659 643 2742 quod
673 2681 734 2742 per
755 2657 956 2740 “Judaeos”
978 2659 1012 2722 in
1035 2657 1155 2722 Verbo
1184 2656 1426 2739 intelligantur

299 2770 421 2816 omnes
450 2754 506 2835 qui
535 2755 580 2817 ab
609 2755 756 2818 ecclesia
787 2765 927 2820 suntet
952 2753 1138 2818 Dominum
1161 2763 1369 2836 agnoscunt,
1389 2761 1425 2817 et

297 2847 391 2930 quod
408 2867 468 2928 per
481 2854 639 2913 “terram
657 2848 884 2925 Canaanem,”
900 2851 933 2914 in
950 2870 1051 2934 quem
1069 2851 1192 2914 dicitur
1207 2849 1299 2932 quod
1316 2849 1424 2912 intro·

299 2942 446 3005 ducendi
482 2943 563 3016 sint,
598 2944 810 3027 intelligatur
845 2946 992 3012 ecclesia
1026 2946 1176 3011 Domini.
1227 2951 1285 3012 [2.]
1322 2943 1426 3027 Quod

299 3048 416 3101 autem
446 3039 480 3102 in
508 3041 693 3121 negatione
725 3041 864 3106 Domini
893 3052 1129 3124 perseverent,
1154 3051 1208 3105 est
1230 3041 1311 3124 quia
1334 3039 1425 3104 tales

299 3143 390 3209 sunt,
411 3145 448 3198 ut
468 3136 495 3198 si
514 3136 707 3218 reciperent
726 3148 763 3202 et
781 3146 1021 3220 agnoscerent,
1039 3137 1202 3201 Divinum
1221 3135 1370 3212 Domini,
1387 3145 1424 3200 et

299 3226 420 3293 sancta
442 3231 609 3295 ecclesiae
636 3232 757 3317 Ipsius,
782 3232 1003 3316 profanarent
1033 3233 1112 3312 illa;
1150 3252 1253 3316 quare
1283 3231 1327 3296 de
1356 3230 1424 3295 illis

299 3324 384 3389 dicit
404 3325 584 3405 Dominus,

349 3459 531 3512 “Occaecavit
545 3462 652 3513 illorum
667 3464 770 3524 oeulos,
783 3466 920 3516 obturavit
934 3465 1041 3515 illorum
1056 3479 1110 3524 eor,
1122 3473 1153 3514 ut
1166 3477 1223 3512 non
1237 3461 1347 3513 videant
1364 3477 1425 3526 oeu-

431 3527 464 3577 lis
476 3530 540 3587 suis,
552 3539 579 3578 et
593 3529 748 3594 intelligant
762 3531 842 3580 corde
857 3545 916 3591 suo,
929 3540 956 3580 et
968 3539 1129 3580 convertant
1142 3543 1181 3588 se,
1193 3538 1220 3579 et
1232 3543 1327 3578 sanem
1341 3525 1424 3578 illos’'

430 3591 658 3723 Qh.11;i)i.l¹luo;
676 3595 773 3646 Marri.
789 3596 844 3645 xiii.
860 3608 907 3657 14;
925 3596 1011 3646 Marc.
1023 3596 1058 3646 iv.
1074 3607 1120 3656 123
1137 3594 1332 3654 Luc.vili.10;
1348 3593 1424 3644 Επεὶ.

459 3698 465 3710 .
495 3697 501 3719 ,
566 3698 572 3710 .

299 3808 434 3883 dicitur,
456 3811 529 3870 “ne
552 3811 837 3886 convertant'se‚
858 3817 895 3873 et
918 3827 1038 3873 sanem
1061 3804 1169 3883 illos,”
1188 3807 1267 3891 quia
1290 3808 1318 3871 si
1340 3826 1423 3872 con·

299 3904 387 3967 versi
411 3911 447 3966 et
470 3905 583 3967 sanati
601 3903 756 3981 fuissent,
778 3904 1072 3988 profanavissent;
1107 3911 1142 3967 et
1166 3903 1355 3966 secundum
1374 3901 1424 3966 le·

299 4017 380 4082 gem
400 3996 547 4062 Divinae
567 3999 808 4066 Providentiae
828 4010 893 4077 est,
914 4000 957 4065 de
973 4020 1041 4083 qua
1059 4019 1161 4083 supra
1181 3995 1229 4081 (n.
1248 3995 1423 4081 221-233),

300 4093 391 4178 quod
416 4114 485 4158 non
509 4095 630 4179 aliquis
654 4097 795 4162 interius
819 4097 853 4161 fn
872 4117 953 4160 vera
976 4095 1055 4160 fidei
1077 4104 1113 4159 et
1136 4095 1228 4160 bona
1247 4092 1425 4158 charitatis

299 4210 320 4253 a
339 4188 489 4252 Domino
508 4191 727 4269 immittatur,
749 4194 812 4257 nisi
836 4193 1059 4276 quantumin
1082 4190 1151 4256 illis
1173 4198 1291 4273 potest
1314 4187 1425 4252 teneri

301 4305 405 4368 usque
421 4284 465 4349 ad
482 4284 584 4351 finem
601 4290 702 4366 vitae,
714 4301 750 4354 et
766 4290 794 4352 si
810 4289 1064 4365 immitteretur,
1081 4283 1201 4352 sancia
1217 4286 1424 4369 profanaret,

181 4399 184 4406 ·
301 4385 359 4447 [3.]
391 4378 494 4462 Quod
520 4402 608 4465 gens
630 4385 690 4449 illa
713 4394 919 4449 conservata
941 4385 997 4460 sit,
1022 4394 1059 4448 et
1081 4403 1142 4466 per
1165 4383 1309 4447 multum
1333 4378 1424 4444 orbis

301 4474 559 4557 circumsparsa,
579 4491 634 4545 est
654 4491 794 4563 propter
813 4478 967 4545 Verbum
986 4479 1020 4543 in
1040 4478 1157 4561 lingua
1176 4499 1237 4542 sua
1255 4475 1424 4560 originali.
1455 4543 1459 4550 ,

300 4571 392 4652 quod
415 4569 464 4634 illi
487 4592 568 4653 prae
588 4572 791 4640 Christianis
815 4571 971 4639 sanctum
994 4573 1138 4649 habent,
1163 4583 1198 4638 et
1222 4574 1256 4638 in
1280 4571 1425 4655 singulis

301 4663 409 4728 Verbi
425 4675 477 4730 est
494 4665 655 4735 Divinum
673 4669 822 4746 Domini,
840 4681 894 4735 est
913 4671 1004 4735 enim
1024 4669 1186 4735 Divinum
1203 4667 1333 4734 Verum
1350 4667 1424 4731 uni·
