<?xml version="1.0" encoding="UTF-8"?>
<!DOCTYPE html PUBLIC "-//W3C//DTD XHTML 1.0 Transitional//EN"
    "http://www.w3.org/TR/xhtml1/DTD/xhtml1-transitional.dtd">
<html xmlns="http://www.w3.org/1999/xhtml" xml:lang="en" lang="en">
 <head>
  <title>
</title>
<meta http-equiv="Content-Type" content="text/html;charset=utf-8" />
  <meta name='ocr-system' content='tesseract 3.04.00' />
  <meta name='ocr-capabilities' content='ocr_page ocr_carea ocr_par ocr_line ocrx_word'/>
</head>
<body>
  <div class='ocr_page' id='page_1' title='image "./sapientaangelic01swedgoog_0129.png"; bbox 0 0 3352 5374; ppageno 0'>
   <div class='ocr_carea' id='block_1_1' title="bbox 340 601 1113 671">
    <p class='ocr_par' dir='ltr' id='par_1_1' title="bbox 340 601 1113 671">
     <span class='ocr_line' id='line_1_1' title="bbox 340 601 1113 671; baseline -0.004 -16"><span class='ocrx_word' id='word_1_1' title='bbox 340 607 402 671; x_wconf 79' lang='lat'><strong>114</strong></span> <span class='ocrx_word' id='word_1_2' title='bbox 691 603 893 654; x_wconf 74' lang='lat' dir='ltr'><strong>SAPIENTIA</strong></span> <span class='ocrx_word' id='word_1_3' title='bbox 916 601 1113 654; x_wconf 79' lang='lat' dir='ltr'>ANGELICA</span> 
     </span>
    </p>
   </div>
   <div class='ocr_carea' id='block_1_2' title="bbox 309 775 1462 4647">
    <p class='ocr_par' dir='ltr' id='par_1_2' title="bbox 331 775 1461 1044">
     <span class='ocr_line' id='line_1_2' title="bbox 332 775 1461 858; baseline 0.001 -18"><span class='ocrx_word' id='word_1_4' title='bbox 332 777 467 840; x_wconf 90' lang='lat' dir='ltr'><strong>sionem</strong></span> <span class='ocrx_word' id='word_1_5' title='bbox 491 776 602 857; x_wconf 85' lang='lat' dir='ltr'><strong>redigi</strong></span> <span class='ocrx_word' id='word_1_6' title='bbox 624 775 658 838; x_wconf 95' lang='lat' dir='ltr'><strong>in</strong></span> <span class='ocrx_word' id='word_1_7' title='bbox 683 784 814 840; x_wconf 91' lang='lat' dir='ltr'><strong>statum</strong></span> <span class='ocrx_word' id='word_1_8' title='bbox 838 775 869 838; x_wconf 91' lang='lat' dir='ltr'><strong>ei</strong></span> <span class='ocrx_word' id='word_1_9' title='bbox 892 775 1102 858; x_wconf 90' lang='lat' dir='ltr'><strong>oppositum,</strong></span> <span class='ocrx_word' id='word_1_10' title='bbox 1127 784 1164 840; x_wconf 90' lang='lat' dir='ltr'><strong>et</strong></span> <span class='ocrx_word' id='word_1_11' title='bbox 1191 775 1239 839; x_wconf 89' lang='lat' dir='ltr'><strong>sic</strong></span> <span class='ocrx_word' id='word_1_12' title='bbox 1262 775 1306 840; x_wconf 89' lang='lat' dir='ltr'><strong>ab</strong></span> <span class='ocrx_word' id='word_1_13' title='bbox 1329 775 1461 841; x_wconf 84' lang='lat' dir='ltr'><strong>inferno</strong></span> 
     </span>
     <span class='ocr_line' id='line_1_3' title="bbox 331 867 1461 949; baseline 0.001 -16"><span class='ocrx_word' id='word_1_14' title='bbox 331 869 482 934; x_wconf 87' lang='lat' dir='ltr'>extrahi.</span> <span class='ocrx_word' id='word_1_15' title='bbox 529 867 584 930; x_wconf 88' lang='lat' dir='ltr'><strong>Ex</strong></span> <span class='ocrx_word' id='word_1_16' title='bbox 612 867 665 931; x_wconf 90' lang='lat' dir='ltr'><strong>his</strong></span> <span class='ocrx_word' id='word_1_17' title='bbox 695 878 732 932; x_wconf 88' lang='lat' dir='ltr'><strong>et</strong></span> <span class='ocrx_word' id='word_1_18' title='bbox 764 889 810 931; x_wconf 87' lang='lat' dir='ltr'><strong>ex</strong></span> <span class='ocrx_word' id='word_1_19' title='bbox 833 868 1125 949; x_wconf 85' lang='lat' dir='ltr'>praecedentibus</span> <span class='ocrx_word' id='word_1_20' title='bbox 1157 868 1192 931; x_wconf 91' lang='lat' dir='ltr'><strong>in</strong></span> <span class='ocrx_word' id='word_1_21' title='bbox 1224 867 1290 932; x_wconf 91' lang='lat' dir='ltr'><strong>hoc</strong></span> <span class='ocrx_word' id='word_1_22' title='bbox 1314 867 1461 934; x_wconf 85' lang='lat' dir='ltr'><strong>articulo</strong></span> 
     </span>
     <span class='ocr_line' id='line_1_4' title="bbox 332 960 1002 1044; baseline -0.001 -21"><span class='ocrx_word' id='word_1_23' title='bbox 332 962 439 1025; x_wconf 93' lang='lat' dir='ltr'><strong>videri</strong></span> <span class='ocrx_word' id='word_1_24' title='bbox 459 971 588 1044; x_wconf 90' lang='lat' dir='ltr'><strong>potest,</strong></span> <span class='ocrx_word' id='word_1_25' title='bbox 608 961 699 1024; x_wconf 92' lang='lat' dir='ltr'><strong>unde</strong></span> <span class='ocrx_word' id='word_1_26' title='bbox 718 960 818 1042; x_wconf 90' lang='lat' dir='ltr'><strong>origo</strong></span> <span class='ocrx_word' id='word_1_27' title='bbox 837 960 918 1023; x_wconf 94' lang='lat' dir='ltr'><strong>mali</strong></span> <span class='ocrx_word' id='word_1_28' title='bbox 937 970 1002 1024; x_wconf 91' lang='lat' dir='ltr'><strong>est.</strong></span> 
     </span>
    </p>

    <p class='ocr_par' dir='ltr' id='par_1_3' title="bbox 324 1053 1462 3907">
     <span class='ocr_line' id='line_1_5' title="bbox 396 1053 1462 1138; baseline 0.001 -19"><span class='ocrx_word' id='word_1_29' title='bbox 396 1056 497 1136; x_wconf 79' lang='lat'><strong>269.</strong></span> <span class='ocrx_word' id='word_1_30' title='bbox 534 1054 608 1138; x_wconf 86' lang='lat' dir='ltr'><strong>(iv.)</strong></span> <span class='ocrx_word' id='word_1_31' title='bbox 643 1054 740 1134; x_wconf 83' lang='lat' dir='ltr'><strong>Quod</strong></span> <span class='ocrx_word' id='word_1_32' title='bbox 758 1055 829 1130; x_wconf 80' lang='lat' dir='ltr'><strong>illa,</strong></span> <span class='ocrx_word' id='word_1_33' title='bbox 854 1076 938 1138; x_wconf 84' lang='lat' dir='ltr'><strong>quae</strong></span> <span class='ocrx_word' id='word_1_34' title='bbox 946 1056 1049 1136; x_wconf 74' lang='lat' dir='ltr'><strong>salia</strong></span> <span class='ocrx_word' id='word_1_35' title='bbox 1071 1065 1151 1119; x_wconf 86' lang='lat' dir='ltr'><strong>sunt</strong></span> <span class='ocrx_word' id='word_1_36' title='bbox 1172 1057 1302 1120; x_wconf 86' lang='lat' dir='ltr'><strong>amoris</strong></span> <span class='ocrx_word' id='word_1_37' title='bbox 1323 1065 1357 1120; x_wconf 84' lang='lat' dir='ltr'><strong>et</strong></span> <span class='ocrx_word' id='word_1_38' title='bbox 1384 1053 1462 1120; x_wconf 78' lang='lat' dir='ltr'><strong>inde</strong></span> 
     </span>
     <span class='ocr_line' id='line_1_6' title="bbox 332 1150 1458 1233; baseline 0 -18"><span class='ocrx_word' id='word_1_39' title='bbox 332 1151 431 1224; x_wconf 80' lang='lat' dir='ltr'><strong>vitae,</strong></span> <span class='ocrx_word' id='word_1_40' title='bbox 450 1152 687 1232; x_wconf 83' lang='lat' dir='ltr'><strong>ingenerentur</strong></span> <span class='ocrx_word' id='word_1_41' title='bbox 703 1150 982 1232; x_wconf 68' lang='lat' dir='ltr'><strong>proli-Notum</strong></span> <span class='ocrx_word' id='word_1_42' title='bbox 1007 1161 1071 1224; x_wconf 88' lang='lat' dir='ltr'><strong>est,</strong></span> <span class='ocrx_word' id='word_1_43' title='bbox 1093 1152 1184 1233; x_wconf 90' lang='lat' dir='ltr'><strong>quod</strong></span> <span class='ocrx_word' id='word_1_44' title='bbox 1208 1150 1313 1215; x_wconf 92' lang='lat' dir='ltr'><strong>homo</strong></span> <span class='ocrx_word' id='word_1_45' title='bbox 1336 1171 1458 1215; x_wconf 88' lang='lat' dir='ltr'><strong>nasca-</strong></span> 
     </span>
     <span class='ocr_line' id='line_1_7' title="bbox 333 1242 1457 1326; baseline -0.001 -19"><span class='ocrx_word' id='word_1_46' title='bbox 333 1245 441 1307; x_wconf 91' lang='lat' dir='ltr'><strong>turin</strong></span> <span class='ocrx_word' id='word_1_47' title='bbox 462 1244 600 1317; x_wconf 91' lang='lat' dir='ltr'><strong>malum,</strong></span> <span class='ocrx_word' id='word_1_48' title='bbox 622 1253 657 1306; x_wconf 89' lang='lat' dir='ltr'><strong>et</strong></span> <span class='ocrx_word' id='word_1_49' title='bbox 677 1245 769 1325; x_wconf 92' lang='lat' dir='ltr'><strong>quod</strong></span> <span class='ocrx_word' id='word_1_50' title='bbox 788 1245 823 1306; x_wconf 94' lang='lat' dir='ltr'><strong>id</strong></span> <span class='ocrx_word' id='word_1_51' title='bbox 843 1242 959 1306; x_wconf 86' lang='lat' dir='ltr'><strong>trahat</strong></span> <span class='ocrx_word' id='word_1_52' title='bbox 979 1256 1016 1307; x_wconf 92' lang='lat' dir='ltr'><strong>ut</strong></span> <span class='ocrx_word' id='word_1_53' title='bbox 1035 1243 1281 1306; x_wconf 86' lang='lat' dir='ltr'><strong>hereditarium</strong></span> <span class='ocrx_word' id='word_1_54' title='bbox 1298 1264 1319 1305; x_wconf 89' lang='lat' dir='ltr'><strong>a</strong></span> <span class='ocrx_word' id='word_1_55' title='bbox 1335 1263 1457 1326; x_wconf 87' lang='lat' dir='ltr'><strong>paren-</strong></span> 
     </span>
     <span class='ocr_line' id='line_1_8' title="bbox 332 1336 1458 1417; baseline 0 -18"><span class='ocrx_word' id='word_1_56' title='bbox 332 1337 444 1399; x_wconf 87' lang='lat' dir='ltr'><strong>tibus:</strong></span> <span class='ocrx_word' id='word_1_57' title='bbox 477 1346 513 1399; x_wconf 89' lang='lat' dir='ltr'><strong>et</strong></span> <span class='ocrx_word' id='word_1_58' title='bbox 538 1356 557 1397; x_wconf 90' lang='lat' dir='ltr'><strong>a</strong></span> <span class='ocrx_word' id='word_1_59' title='bbox 581 1336 784 1417; x_wconf 86' lang='lat' dir='ltr'><strong>quibusdam</strong></span> <span class='ocrx_word' id='word_1_60' title='bbox 808 1337 970 1410; x_wconf 90' lang='lat' dir='ltr'><strong>creditur,</strong></span> <span class='ocrx_word' id='word_1_61' title='bbox 992 1337 1083 1417; x_wconf 92' lang='lat' dir='ltr'><strong>quod</strong></span> <span class='ocrx_word' id='word_1_62' title='bbox 1108 1355 1177 1398; x_wconf 89' lang='lat' dir='ltr'><strong>non</strong></span> <span class='ocrx_word' id='word_1_63' title='bbox 1201 1355 1221 1398; x_wconf 92' lang='lat' dir='ltr'><strong>a</strong></span> <span class='ocrx_word' id='word_1_64' title='bbox 1245 1336 1458 1416; x_wconf 89' lang='lat' dir='ltr'><strong>parentibus,</strong></span> 
     </span>
     <span class='ocr_line' id='line_1_9' title="bbox 331 1427 1457 1510; baseline -0.001 -19"><span class='ocrx_word' id='word_1_65' title='bbox 331 1430 392 1491; x_wconf 89' lang='lat' dir='ltr'><strong>sed</strong></span> <span class='ocrx_word' id='word_1_66' title='bbox 414 1448 473 1509; x_wconf 89' lang='lat' dir='ltr'><strong>per</strong></span> <span class='ocrx_word' id='word_1_67' title='bbox 492 1439 654 1510; x_wconf 86' lang='lat' dir='ltr'><strong>parentes</strong></span> <span class='ocrx_word' id='word_1_68' title='bbox 674 1448 717 1489; x_wconf 91' lang='lat' dir='ltr'><strong>ex</strong></span> <span class='ocrx_word' id='word_1_69' title='bbox 739 1427 900 1502; x_wconf 84' lang='lat' dir='ltr'><strong>Adam03</strong></span> <span class='ocrx_word' id='word_1_70' title='bbox 933 1429 992 1490; x_wconf 90' lang='lat' dir='ltr'><strong>sed</strong></span> <span class='ocrx_word' id='word_1_71' title='bbox 1016 1427 1081 1490; x_wconf 92' lang='lat' dir='ltr'><strong>hoc</strong></span> <span class='ocrx_word' id='word_1_72' title='bbox 1105 1437 1160 1490; x_wconf 87' lang='lat' dir='ltr'><strong>est</strong></span> <span class='ocrx_word' id='word_1_73' title='bbox 1184 1448 1286 1491; x_wconf 85' lang='lat' dir='ltr'><strong>error.</strong></span> <span class='ocrx_word' id='word_1_74' title='bbox 1335 1427 1457 1491; x_wconf 84' lang='lat' dir='ltr'><strong>Trahit</strong></span> 
     </span>
     <span class='ocr_line' id='line_1_10' title="bbox 333 1519 1457 1602; baseline 0 -19"><span class='ocrx_word' id='word_1_75' title='bbox 333 1521 366 1583; x_wconf 91' lang='lat' dir='ltr'><strong>&#39;d</strong></span> <span class='ocrx_word' id='word_1_76' title='bbox 390 1541 409 1583; x_wconf 94' lang='lat' dir='ltr'><strong>a</strong></span> <span class='ocrx_word' id='word_1_77' title='bbox 432 1529 543 1601; x_wconf 89' lang='lat' dir='ltr'><strong>patre,</strong></span> <span class='ocrx_word' id='word_1_78' title='bbox 564 1541 583 1581; x_wconf 88' lang='lat' dir='ltr'><strong>a</strong></span> <span class='ocrx_word' id='word_1_79' title='bbox 607 1540 674 1602; x_wconf 93' lang='lat' dir='ltr'><strong>quo</strong></span> <span class='ocrx_word' id='word_1_80' title='bbox 693 1530 747 1582; x_wconf 88' lang='lat' dir='ltr'><strong>est</strong></span> <span class='ocrx_word' id='word_1_81' title='bbox 770 1521 800 1582; x_wconf 90' lang='lat' dir='ltr'><strong>ei</strong></span> <span class='ocrx_word' id='word_1_82' title='bbox 824 1521 949 1593; x_wconf 89' lang='lat' dir='ltr'><strong>anima,</strong></span> <span class='ocrx_word' id='word_1_83' title='bbox 970 1540 1010 1582; x_wconf 88' lang='lat' dir='ltr'><strong>ac</strong></span> <span class='ocrx_word' id='word_1_84' title='bbox 1034 1519 1186 1582; x_wconf 88' lang='lat' dir='ltr'>induitur</span> <span class='ocrx_word' id='word_1_85' title='bbox 1205 1539 1348 1602; x_wconf 88' lang='lat' dir='ltr'><strong>corpore</strong></span> <span class='ocrx_word' id='word_1_86' title='bbox 1368 1519 1457 1601; x_wconf 89' lang='lat' dir='ltr'><strong>apud</strong></span> 
     </span>
     <span class='ocr_line' id='line_1_11' title="bbox 330 1612 1456 1694; baseline 0 -18"><span class='ocrx_word' id='word_1_87' title='bbox 330 1622 501 1688; x_wconf 88' lang='lat' dir='ltr'><strong>matrem;</strong></span> <span class='ocrx_word' id='word_1_88' title='bbox 526 1631 645 1674; x_wconf 91' lang='lat' dir='ltr'><strong>semen</strong></span> <span class='ocrx_word' id='word_1_89' title='bbox 665 1612 767 1686; x_wconf 85' lang='lat' dir='ltr'><strong>enim,</strong></span> <span class='ocrx_word' id='word_1_90' title='bbox 786 1612 878 1692; x_wconf 92' lang='lat' dir='ltr'><strong>quod</strong></span> <span class='ocrx_word' id='word_1_91' title='bbox 898 1621 952 1674; x_wconf 88' lang='lat' dir='ltr'><strong>est</strong></span> <span class='ocrx_word' id='word_1_92' title='bbox 972 1633 1016 1674; x_wconf 88' lang='lat' dir='ltr'><strong>ex</strong></span> <span class='ocrx_word' id='word_1_93' title='bbox 1037 1621 1146 1694; x_wconf 89' lang='lat' dir='ltr'><strong>patre,</strong></span> <span class='ocrx_word' id='word_1_94' title='bbox 1165 1622 1219 1675; x_wconf 89' lang='lat' dir='ltr'><strong>est</strong></span> <span class='ocrx_word' id='word_1_95' title='bbox 1240 1614 1384 1693; x_wconf 88' lang='lat' dir='ltr'><strong>primum</strong></span> <span class='ocrx_word' id='word_1_96' title='bbox 1404 1633 1456 1676; x_wconf 86' lang='lat' dir='ltr'><strong>re-</strong></span> 
     </span>
     <span class='ocr_line' id='line_1_12' title="bbox 328 1702 1456 1787; baseline -0.002 -18"><span class='ocrx_word' id='word_1_97' title='bbox 328 1702 550 1787; x_wconf 88' lang='lat' dir='ltr'><strong>ceptaculum</strong></span> <span class='ocrx_word' id='word_1_98' title='bbox 569 1705 673 1776; x_wconf 89' lang='lat' dir='ltr'><strong>vitae,</strong></span> <span class='ocrx_word' id='word_1_99' title='bbox 694 1704 755 1766; x_wconf 93' lang='lat' dir='ltr'><strong>sed</strong></span> <span class='ocrx_word' id='word_1_100' title='bbox 780 1703 851 1766; x_wconf 89' lang='lat' dir='ltr'><strong>tale</strong></span> <span class='ocrx_word' id='word_1_101' title='bbox 873 1703 1130 1786; x_wconf 87' lang='lat' dir='ltr'>receptaculum</span> <span class='ocrx_word' id='word_1_102' title='bbox 1162 1703 1264 1787; x_wconf 89' lang='lat' dir='ltr'><strong>quale</strong></span> <span class='ocrx_word' id='word_1_103' title='bbox 1286 1703 1347 1767; x_wconf 84' lang='lat' dir='ltr'><strong>fuit</strong></span> <span class='ocrx_word' id='word_1_104' title='bbox 1367 1703 1456 1787; x_wconf 89' lang='lat' dir='ltr'><strong>apud</strong></span> 
     </span>
     <span class='ocr_line' id='line_1_13' title="bbox 331 1794 1457 1878; baseline 0 -19"><span class='ocrx_word' id='word_1_105' title='bbox 331 1807 479 1878; x_wconf 88' lang='lat' dir='ltr'><strong>patrem,</strong></span> <span class='ocrx_word' id='word_1_106' title='bbox 499 1805 553 1858; x_wconf 87' lang='lat' dir='ltr'><strong>est</strong></span> <span class='ocrx_word' id='word_1_107' title='bbox 576 1797 667 1858; x_wconf 90' lang='lat' dir='ltr'><strong>enim</strong></span> <span class='ocrx_word' id='word_1_108' title='bbox 692 1796 726 1858; x_wconf 95' lang='lat' dir='ltr'><strong>in</strong></span> <span class='ocrx_word' id='word_1_109' title='bbox 748 1794 858 1858; x_wconf 81' lang='lat' dir='ltr'><strong>forma</strong></span> <span class='ocrx_word' id='word_1_110' title='bbox 881 1795 1006 1859; x_wconf 90' lang='lat' dir='ltr'><strong>amoris</strong></span> <span class='ocrx_word' id='word_1_111' title='bbox 1030 1795 1112 1875; x_wconf 91' lang='lat' dir='ltr'><strong>ejus,</strong></span> <span class='ocrx_word' id='word_1_112' title='bbox 1134 1805 1169 1859; x_wconf 91' lang='lat' dir='ltr'><strong>et</strong></span> <span class='ocrx_word' id='word_1_113' title='bbox 1190 1813 1287 1859; x_wconf 90' lang='lat' dir='ltr'><strong>amor</strong></span> <span class='ocrx_word' id='word_1_114' title='bbox 1310 1795 1457 1877; x_wconf 90' lang='lat' dir='ltr'><strong>cujusvis</strong></span> 
     </span>
     <span class='ocr_line' id='line_1_14' title="bbox 330 1887 1456 1963; baseline 0 -13"><span class='ocrx_word' id='word_1_115' title='bbox 330 1889 366 1951; x_wconf 93' lang='lat' dir='ltr'><strong>in</strong></span> <span class='ocrx_word' id='word_1_116' title='bbox 386 1889 545 1950; x_wconf 86' lang='lat' dir='ltr'><strong>maximis</strong></span> <span class='ocrx_word' id='word_1_117' title='bbox 564 1899 599 1950; x_wconf 88' lang='lat' dir='ltr'><strong>et</strong></span> <span class='ocrx_word' id='word_1_118' title='bbox 618 1888 768 1950; x_wconf 90' lang='lat' dir='ltr'><strong>minimis</strong></span> <span class='ocrx_word' id='word_1_119' title='bbox 786 1887 851 1951; x_wconf 87' lang='lat' dir='ltr'><strong>sibi</strong></span> <span class='ocrx_word' id='word_1_120' title='bbox 869 1887 989 1951; x_wconf 91' lang='lat' dir='ltr'><strong>similis</strong></span> <span class='ocrx_word' id='word_1_121' title='bbox 1008 1898 1074 1963; x_wconf 88' lang='lat' dir='ltr'><strong>est,</strong></span> <span class='ocrx_word' id='word_1_122' title='bbox 1095 1897 1130 1951; x_wconf 90' lang='lat' dir='ltr'><strong>et</strong></span> <span class='ocrx_word' id='word_1_123' title='bbox 1148 1898 1203 1950; x_wconf 88' lang='lat' dir='ltr'><strong>est</strong></span> <span class='ocrx_word' id='word_1_124' title='bbox 1222 1888 1256 1950; x_wconf 90' lang='lat' dir='ltr'><strong>in</strong></span> <span class='ocrx_word' id='word_1_125' title='bbox 1277 1887 1336 1950; x_wconf 94' lang='lat' dir='ltr'><strong>illo</strong></span> <span class='ocrx_word' id='word_1_126' title='bbox 1352 1907 1456 1951; x_wconf 91' lang='lat' dir='ltr'><strong>cona·</strong></span> 
     </span>
     <span class='ocr_line' id='line_1_15' title="bbox 329 1978 1455 2061; baseline -0.001 -18"><span class='ocrx_word' id='word_1_127' title='bbox 329 1989 388 2043; x_wconf 91' lang='lat' dir='ltr'><strong>tus</strong></span> <span class='ocrx_word' id='word_1_128' title='bbox 411 1981 445 2042; x_wconf 93' lang='lat' dir='ltr'><strong>in</strong></span> <span class='ocrx_word' id='word_1_129' title='bbox 468 1979 612 2042; x_wconf 82' lang='lat' dir='ltr'><strong>sormam</strong></span> <span class='ocrx_word' id='word_1_130' title='bbox 629 1978 826 2055; x_wconf 87' lang='lat' dir='ltr'>humanam,</span> <span class='ocrx_word' id='word_1_131' title='bbox 848 1981 881 2042; x_wconf 95' lang='lat' dir='ltr'><strong>in</strong></span> <span class='ocrx_word' id='word_1_132' title='bbox 901 1999 1004 2061; x_wconf 88' lang='lat' dir='ltr'><strong>quam</strong></span> <span class='ocrx_word' id='word_1_133' title='bbox 1023 1981 1129 2044; x_wconf 91' lang='lat' dir='ltr'><strong>etiam</strong></span> <span class='ocrx_word' id='word_1_134' title='bbox 1148 1981 1222 2043; x_wconf 89' lang='lat' dir='ltr'><strong>abit</strong></span> <span class='ocrx_word' id='word_1_135' title='bbox 1242 1981 1455 2058; x_wconf 83' lang='lat' dir='ltr'><strong>successive;</strong></span> 
     </span>
     <span class='ocr_line' id='line_1_16' title="bbox 329 2071 1456 2154; baseline 0.001 -19"><span class='ocrx_word' id='word_1_136' title='bbox 329 2072 411 2136; x_wconf 86' lang='lat' dir='ltr'><strong>inde</strong></span> <span class='ocrx_word' id='word_1_137' title='bbox 434 2073 596 2154; x_wconf 89' lang='lat' dir='ltr'><strong>sequitur,</strong></span> <span class='ocrx_word' id='word_1_138' title='bbox 616 2072 709 2153; x_wconf 91' lang='lat' dir='ltr'><strong>quod</strong></span> <span class='ocrx_word' id='word_1_139' title='bbox 732 2071 835 2148; x_wconf 90' lang='lat' dir='ltr'><strong>mala,</strong></span> <span class='ocrx_word' id='word_1_140' title='bbox 855 2092 942 2154; x_wconf 89' lang='lat' dir='ltr'><strong>quae</strong></span> <span class='ocrx_word' id='word_1_141' title='bbox 960 2082 1130 2136; x_wconf 88' lang='lat' dir='ltr'><strong>vocantur</strong></span> <span class='ocrx_word' id='word_1_142' title='bbox 1148 2072 1367 2146; x_wconf 89' lang='lat' dir='ltr'><strong>hereditaria,</strong></span> <span class='ocrx_word' id='word_1_143' title='bbox 1387 2073 1456 2136; x_wconf 89' lang='lat' dir='ltr'><strong>sint</strong></span> 
     </span>
     <span class='ocr_line' id='line_1_17' title="bbox 329 2163 1456 2246; baseline -0.001 -18"><span class='ocrx_word' id='word_1_144' title='bbox 329 2184 353 2228; x_wconf 88' lang='lat' dir='ltr'><strong>a</strong></span> <span class='ocrx_word' id='word_1_145' title='bbox 382 2165 547 2246; x_wconf 90' lang='lat' dir='ltr'><strong>patribus,</strong></span> <span class='ocrx_word' id='word_1_146' title='bbox 570 2165 622 2226; x_wconf 63' lang='lat' dir='ltr'><strong>sta</strong></span> <span class='ocrx_word' id='word_1_147' title='bbox 651 2163 695 2226; x_wconf 90' lang='lat' dir='ltr'><strong>ab</strong></span> <span class='ocrx_word' id='word_1_148' title='bbox 724 2165 798 2227; x_wconf 91' lang='lat' dir='ltr'><strong>avis</strong></span> <span class='ocrx_word' id='word_1_149' title='bbox 827 2174 864 2227; x_wconf 88' lang='lat' dir='ltr'><strong>et</strong></span> <span class='ocrx_word' id='word_1_150' title='bbox 887 2165 999 2229; x_wconf 88' lang='lat' dir='ltr'><strong>atavis</strong></span> <span class='ocrx_word' id='word_1_151' title='bbox 1022 2165 1217 2228; x_wconf 89' lang='lat' dir='ltr'><strong>successive</strong></span> <span class='ocrx_word' id='word_1_152' title='bbox 1241 2165 1396 2228; x_wconf 86' lang='lat' dir='ltr'><strong>derivata</strong></span> <span class='ocrx_word' id='word_1_153' title='bbox 1422 2165 1456 2227; x_wconf 93' lang='lat' dir='ltr'><strong>in</strong></span> 
     </span>
     <span class='ocr_line' id='line_1_18' title="bbox 330 2255 1457 2338; baseline 0 -19"><span class='ocrx_word' id='word_1_154' title='bbox 330 2257 523 2338; x_wconf 85' lang='lat' dir='ltr'><strong>progenies.</strong></span> <span class='ocrx_word' id='word_1_155' title='bbox 570 2255 648 2319; x_wconf 91' lang='lat' dir='ltr'><strong>Hoc</strong></span> <span class='ocrx_word' id='word_1_156' title='bbox 668 2257 774 2320; x_wconf 89' lang='lat' dir='ltr'><strong>etiam</strong></span> <span class='ocrx_word' id='word_1_157' title='bbox 793 2257 1009 2338; x_wconf 86' lang='lat' dir='ltr'><strong>experientia</strong></span> <span class='ocrx_word' id='word_1_158' title='bbox 1028 2257 1142 2332; x_wconf 91' lang='lat' dir='ltr'><strong>docet,</strong></span> <span class='ocrx_word' id='word_1_159' title='bbox 1162 2267 1216 2320; x_wconf 90' lang='lat' dir='ltr'><strong>est</strong></span> <span class='ocrx_word' id='word_1_160' title='bbox 1233 2258 1324 2320; x_wconf 89' lang='lat' dir='ltr'><strong>enim</strong></span> <span class='ocrx_word' id='word_1_161' title='bbox 1343 2255 1457 2337; x_wconf 90' lang='lat' dir='ltr'><strong>quoad</strong></span> 
     </span>
     <span class='ocr_line' id='line_1_19' title="bbox 326 2346 1455 2430; baseline 0 -18"><span class='ocrx_word' id='word_1_162' title='bbox 326 2346 529 2412; x_wconf 74' lang='lat' dir='ltr'><strong>affedliones</strong></span> <span class='ocrx_word' id='word_1_163' title='bbox 545 2349 737 2412; x_wconf 89' lang='lat' dir='ltr'><strong>similitudo</strong></span> <span class='ocrx_word' id='word_1_164' title='bbox 752 2349 908 2430; x_wconf 87' lang='lat' dir='ltr'><strong>gentium</strong></span> <span class='ocrx_word' id='word_1_165' title='bbox 927 2368 1004 2412; x_wconf 92' lang='lat' dir='ltr'><strong>cum</strong></span> <span class='ocrx_word' id='word_1_166' title='bbox 1025 2350 1135 2430; x_wconf 92' lang='lat' dir='ltr'><strong>primo</strong></span> <span class='ocrx_word' id='word_1_167' title='bbox 1151 2350 1310 2430; x_wconf 87' lang='lat' dir='ltr'><strong>genitore</strong></span> <span class='ocrx_word' id='word_1_168' title='bbox 1330 2369 1403 2424; x_wconf 94' lang='lat' dir='ltr'><strong>suo,</strong></span> <span class='ocrx_word' id='word_1_169' title='bbox 1419 2356 1455 2412; x_wconf 89' lang='lat' dir='ltr'><strong>et</strong></span> 
     </span>
     <span class='ocr_line' id='line_1_20' title="bbox 329 2439 1455 2523; baseline -0.001 -19"><span class='ocrx_word' id='word_1_170' title='bbox 329 2443 442 2523; x_wconf 87' lang='lat' dir='ltr'><strong>magis</strong></span> <span class='ocrx_word' id='word_1_171' title='bbox 471 2440 660 2504; x_wconf 89' lang='lat' dir='ltr'><strong>similitudo</strong></span> <span class='ocrx_word' id='word_1_172' title='bbox 683 2440 897 2515; x_wconf 85' lang='lat' dir='ltr'><strong>familiarum,</strong></span> <span class='ocrx_word' id='word_1_173' title='bbox 922 2451 958 2505; x_wconf 93' lang='lat' dir='ltr'><strong>et</strong></span> <span class='ocrx_word' id='word_1_174' title='bbox 991 2441 1103 2504; x_wconf 91' lang='lat' dir='ltr'><strong>adhuc</strong></span> <span class='ocrx_word' id='word_1_175' title='bbox 1132 2443 1243 2522; x_wconf 86' lang='lat' dir='ltr'><strong>magis</strong></span> <span class='ocrx_word' id='word_1_176' title='bbox 1267 2439 1455 2505; x_wconf 91' lang='lat' dir='ltr'><strong>similitudo</strong></span> 
     </span>
     <span class='ocr_line' id='line_1_21' title="bbox 325 2532 1454 2614; baseline 0 -18"><span class='ocrx_word' id='word_1_177' title='bbox 325 2534 493 2596; x_wconf 91' lang='lat' dir='ltr'><strong>domuum</strong></span> <span class='ocrx_word' id='word_1_178' title='bbox 506 2553 512 2609; x_wconf 92' lang='grc'><strong>;</strong></span> <span class='ocrx_word' id='word_1_179' title='bbox 538 2534 643 2600; x_wconf 92' lang='lat' dir='ltr'><strong>immo</strong></span> <span class='ocrx_word' id='word_1_180' title='bbox 657 2533 736 2596; x_wconf 89' lang='lat' dir='ltr'><strong>talis</strong></span> <span class='ocrx_word' id='word_1_181' title='bbox 749 2532 950 2609; x_wconf 88' lang='lat' dir='ltr'><strong>similitudo,</strong></span> <span class='ocrx_word' id='word_1_182' title='bbox 965 2543 1002 2596; x_wconf 91' lang='lat' dir='ltr'><strong>ut</strong></span> <span class='ocrx_word' id='word_1_183' title='bbox 1018 2535 1297 2596; x_wconf 88' lang='lat' dir='ltr'><strong>internoscantur</strong></span> <span class='ocrx_word' id='word_1_184' title='bbox 1310 2553 1454 2614; x_wconf 87' lang='lat' dir='ltr'><strong>genera·</strong></span> 
     </span>
     <span class='ocr_line' id='line_1_22' title="bbox 329 2623 1453 2698; baseline 0.001 -10"><span class='ocrx_word' id='word_1_185' title='bbox 329 2625 444 2688; x_wconf 88' lang='lat' dir='ltr'><strong>tiones</strong></span> <span class='ocrx_word' id='word_1_186' title='bbox 468 2644 537 2686; x_wconf 92' lang='lat' dir='ltr'><strong>non</strong></span> <span class='ocrx_word' id='word_1_187' title='bbox 562 2626 667 2688; x_wconf 91' lang='lat' dir='ltr'><strong>modo</strong></span> <span class='ocrx_word' id='word_1_188' title='bbox 689 2625 734 2688; x_wconf 91' lang='lat' dir='ltr'><strong>ab</strong></span> <span class='ocrx_word' id='word_1_189' title='bbox 755 2625 888 2698; x_wconf 91' lang='lat' dir='ltr'><strong>animis,</strong></span> <span class='ocrx_word' id='word_1_190' title='bbox 909 2625 971 2688; x_wconf 92' lang='lat' dir='ltr'><strong>sed</strong></span> <span class='ocrx_word' id='word_1_191' title='bbox 994 2627 1101 2688; x_wconf 91' lang='lat' dir='ltr'><strong>etiam</strong></span> <span class='ocrx_word' id='word_1_192' title='bbox 1131 2646 1151 2689; x_wconf 94' lang='lat' dir='ltr'><strong>a</strong></span> <span class='ocrx_word' id='word_1_193' title='bbox 1180 2625 1341 2688; x_wconf 83' lang='lat' dir='ltr'><strong>faciebus.</strong></span> <span class='ocrx_word' id='word_1_194' title='bbox 1387 2623 1453 2689; x_wconf 92' lang='lat' dir='ltr'><strong>Sed</strong></span> 
     </span>
     <span class='ocr_line' id='line_1_23' title="bbox 327 2715 1454 2799; baseline 0 -19"><span class='ocrx_word' id='word_1_195' title='bbox 327 2717 373 2780; x_wconf 89' lang='lat' dir='ltr'><strong>de</strong></span> <span class='ocrx_word' id='word_1_196' title='bbox 397 2717 660 2798; x_wconf 89' lang='lat' dir='ltr'><strong>ingeneratione</strong></span> <span class='ocrx_word' id='word_1_197' title='bbox 683 2717 809 2779; x_wconf 89' lang='lat' dir='ltr'><strong>amoris</strong></span> <span class='ocrx_word' id='word_1_198' title='bbox 833 2715 913 2779; x_wconf 90' lang='lat' dir='ltr'><strong>mali</strong></span> <span class='ocrx_word' id='word_1_199' title='bbox 937 2737 957 2780; x_wconf 90' lang='lat' dir='ltr'><strong>a</strong></span> <span class='ocrx_word' id='word_1_200' title='bbox 987 2718 1188 2798; x_wconf 87' lang='lat' dir='ltr'><strong>parentibus</strong></span> <span class='ocrx_word' id='word_1_201' title='bbox 1218 2717 1251 2780; x_wconf 94' lang='lat' dir='ltr'><strong>in</strong></span> <span class='ocrx_word' id='word_1_202' title='bbox 1276 2716 1400 2799; x_wconf 86' lang='lat' dir='ltr'><strong>proles,</strong></span> <span class='ocrx_word' id='word_1_203' title='bbox 1420 2717 1454 2780; x_wconf 92' lang='lat' dir='ltr'><strong>in</strong></span> 
     </span>
     <span class='ocr_line' id='line_1_24' title="bbox 327 2808 1454 2891; baseline 0 -18"><span class='ocrx_word' id='word_1_204' title='bbox 327 2809 565 2891; x_wconf 88' lang='lat' dir='ltr'><strong>sequentibus,</strong></span> <span class='ocrx_word' id='word_1_205' title='bbox 583 2810 638 2872; x_wconf 92' lang='lat' dir='ltr'><strong>ubi</strong></span> <span class='ocrx_word' id='word_1_206' title='bbox 655 2808 698 2873; x_wconf 93' lang='lat' dir='ltr'><strong>de</strong></span> <span class='ocrx_word' id='word_1_207' title='bbox 715 2809 1023 2891; x_wconf 89' lang='lat' dir='ltr'><strong>correspondentia</strong></span> <span class='ocrx_word' id='word_1_208' title='bbox 1035 2809 1173 2884; x_wconf 92' lang='lat' dir='ltr'><strong>mentis,</strong></span> <span class='ocrx_word' id='word_1_209' title='bbox 1188 2829 1247 2872; x_wconf 91' lang='lat' dir='ltr'><strong>seu</strong></span> <span class='ocrx_word' id='word_1_210' title='bbox 1263 2809 1454 2873; x_wconf 84' lang='lat' dir='ltr'><strong>voluntatis</strong></span> 
     </span>
     <span class='ocr_line' id='line_1_25' title="bbox 325 2899 1452 2982; baseline 0 -18"><span class='ocrx_word' id='word_1_211' title='bbox 325 2911 366 2964; x_wconf 86' lang='lat' dir='ltr'><strong>et</strong></span> <span class='ocrx_word' id='word_1_212' title='bbox 388 2899 599 2976; x_wconf 73' lang='lat' dir='ltr'><strong>intellectus,</strong></span> <span class='ocrx_word' id='word_1_213' title='bbox 624 2920 701 2964; x_wconf 93' lang='lat' dir='ltr'><strong>cum</strong></span> <span class='ocrx_word' id='word_1_214' title='bbox 726 2921 870 2982; x_wconf 89' lang='lat' dir='ltr'><strong>corpore</strong></span> <span class='ocrx_word' id='word_1_215' title='bbox 901 2911 937 2964; x_wconf 93' lang='lat' dir='ltr'><strong>et</strong></span> <span class='ocrx_word' id='word_1_216' title='bbox 965 2901 1036 2982; x_wconf 88' lang='lat' dir='ltr'><strong>ejus</strong></span> <span class='ocrx_word' id='word_1_217' title='bbox 1060 2901 1222 2964; x_wconf 90' lang='lat' dir='ltr'><strong>membris</strong></span> <span class='ocrx_word' id='word_1_218' title='bbox 1245 2912 1280 2964; x_wconf 92' lang='lat' dir='ltr'><strong>et</strong></span> <span class='ocrx_word' id='word_1_219' title='bbox 1304 2901 1452 2982; x_wconf 87' lang='lat' dir='ltr'><strong>organis,</strong></span> 
     </span>
     <span class='ocr_line' id='line_1_26' title="bbox 328 2992 1453 3076; baseline 0.001 -21"><span class='ocrx_word' id='word_1_220' title='bbox 328 2992 427 3076; x_wconf 82' lang='lat' dir='ltr'><strong>plura</strong></span> <span class='ocrx_word' id='word_1_221' title='bbox 457 2995 624 3057; x_wconf 89' lang='lat' dir='ltr'><strong>dicentur.</strong></span> <span class='ocrx_word' id='word_1_222' title='bbox 671 2992 737 3055; x_wconf 93' lang='lat' dir='ltr'><strong>Hic</strong></span> <span class='ocrx_word' id='word_1_223' title='bbox 768 2992 880 3057; x_wconf 93' lang='lat' dir='ltr'><strong>solum</strong></span> <span class='ocrx_word' id='word_1_224' title='bbox 910 2992 997 3057; x_wconf 90' lang='lat' dir='ltr'><strong>haec</strong></span> <span class='ocrx_word' id='word_1_225' title='bbox 1025 3012 1135 3076; x_wconf 88' lang='lat' dir='ltr'><strong>pauca</strong></span> <span class='ocrx_word' id='word_1_226' title='bbox 1164 2992 1272 3056; x_wconf 89' lang='lat' dir='ltr'><strong>allata</strong></span> <span class='ocrx_word' id='word_1_227' title='bbox 1301 3004 1392 3068; x_wconf 92' lang='lat' dir='ltr'><strong>sunt,</strong></span> <span class='ocrx_word' id='word_1_228' title='bbox 1416 3001 1453 3057; x_wconf 92' lang='lat' dir='ltr'><strong>ut</strong></span> 
     </span>
     <span class='ocr_line' id='line_1_27' title="bbox 326 3083 1453 3167; baseline 0 -18"><span class='ocrx_word' id='word_1_229' title='bbox 326 3086 467 3161; x_wconf 89' lang='lat' dir='ltr'><strong>sciatur,</strong></span> <span class='ocrx_word' id='word_1_230' title='bbox 489 3086 580 3167; x_wconf 94' lang='lat' dir='ltr'><strong>quod</strong></span> <span class='ocrx_word' id='word_1_231' title='bbox 606 3083 697 3147; x_wconf 91' lang='lat' dir='ltr'><strong>mala</strong></span> <span class='ocrx_word' id='word_1_232' title='bbox 720 3105 740 3147; x_wconf 93' lang='lat' dir='ltr'><strong>a</strong></span> <span class='ocrx_word' id='word_1_233' title='bbox 759 3084 958 3164; x_wconf 90' lang='lat' dir='ltr'><strong>parentibus</strong></span> <span class='ocrx_word' id='word_1_234' title='bbox 974 3086 1169 3149; x_wconf 90' lang='lat' dir='ltr'><strong>successive</strong></span> <span class='ocrx_word' id='word_1_235' title='bbox 1188 3085 1397 3160; x_wconf 89' lang='lat' dir='ltr'><strong>deriventur,</strong></span> <span class='ocrx_word' id='word_1_236' title='bbox 1416 3093 1453 3150; x_wconf 86' lang='lat' dir='ltr'><strong>et</strong></span> 
     </span>
     <span class='ocr_line' id='line_1_28' title="bbox 325 3175 1452 3260; baseline -0.001 -19"><span class='ocrx_word' id='word_1_237' title='bbox 325 3179 421 3260; x_wconf 88' lang='lat' dir='ltr'><strong>quod</strong></span> <span class='ocrx_word' id='word_1_238' title='bbox 452 3198 511 3260; x_wconf 88' lang='lat' dir='ltr'><strong>per</strong></span> <span class='ocrx_word' id='word_1_239' title='bbox 534 3177 829 3241; x_wconf 88' lang='lat' dir='ltr'><strong>accumulationes</strong></span> <span class='ocrx_word' id='word_1_240' title='bbox 852 3178 950 3239; x_wconf 91' lang='lat' dir='ltr'><strong>unius</strong></span> <span class='ocrx_word' id='word_1_241' title='bbox 974 3187 1053 3259; x_wconf 89' lang='lat' dir='ltr'><strong>post</strong></span> <span class='ocrx_word' id='word_1_242' title='bbox 1077 3175 1222 3240; x_wconf 90' lang='lat' dir='ltr'><strong>alterum</strong></span> <span class='ocrx_word' id='word_1_243' title='bbox 1247 3178 1452 3254; x_wconf 87' lang='lat' dir='ltr'><strong>increscant,</strong></span> 
     </span>
     <span class='ocr_line' id='line_1_29' title="bbox 327 3268 1451 3353; baseline 0.001 -21"><span class='ocrx_word' id='word_1_244' title='bbox 327 3290 435 3353; x_wconf 89' lang='lat' dir='ltr'><strong>usque</strong></span> <span class='ocrx_word' id='word_1_245' title='bbox 460 3277 496 3332; x_wconf 90' lang='lat' dir='ltr'><strong>ut</strong></span> <span class='ocrx_word' id='word_1_246' title='bbox 518 3268 624 3333; x_wconf 94' lang='lat' dir='ltr'><strong>homo</strong></span> <span class='ocrx_word' id='word_1_247' title='bbox 650 3291 695 3332; x_wconf 90' lang='lat' dir='ltr'><strong>ex</strong></span> <span class='ocrx_word' id='word_1_248' title='bbox 720 3269 905 3332; x_wconf 86' lang='lat' dir='ltr'><strong>nativitate</strong></span> <span class='ocrx_word' id='word_1_249' title='bbox 930 3289 999 3332; x_wconf 94' lang='lat' dir='ltr'><strong>non</strong></span> <span class='ocrx_word' id='word_1_250' title='bbox 1023 3270 1068 3332; x_wconf 89' lang='lat' dir='ltr'><strong>sit</strong></span> <span class='ocrx_word' id='word_1_251' title='bbox 1092 3271 1156 3332; x_wconf 91' lang='lat' dir='ltr'><strong>nisi</strong></span> <span class='ocrx_word' id='word_1_252' title='bbox 1180 3289 1282 3351; x_wconf 91' lang='lat' dir='ltr'><strong>quam</strong></span> <span class='ocrx_word' id='word_1_253' title='bbox 1302 3268 1451 3333; x_wconf 91' lang='lat' dir='ltr'><strong>malum:</strong></span> 
     </span>
     <span class='ocr_line' id='line_1_30' title="bbox 324 3361 1452 3444; baseline -0.001 -19"><span class='ocrx_word' id='word_1_254' title='bbox 324 3373 364 3425; x_wconf 84' lang='lat' dir='ltr'><strong>et</strong></span> <span class='ocrx_word' id='word_1_255' title='bbox 384 3362 475 3444; x_wconf 93' lang='lat' dir='ltr'><strong>quod</strong></span> <span class='ocrx_word' id='word_1_256' title='bbox 495 3362 695 3444; x_wconf 84' lang='lat' dir='ltr'><strong>malignitas</strong></span> <span class='ocrx_word' id='word_1_257' title='bbox 714 3361 795 3424; x_wconf 92' lang='lat' dir='ltr'><strong>mali</strong></span> <span class='ocrx_word' id='word_1_258' title='bbox 814 3370 949 3424; x_wconf 88' lang='lat' dir='ltr'><strong>crescat</strong></span> <span class='ocrx_word' id='word_1_259' title='bbox 968 3361 1156 3424; x_wconf 90' lang='lat' dir='ltr'><strong>secundum</strong></span> <span class='ocrx_word' id='word_1_260' title='bbox 1172 3363 1317 3443; x_wconf 83' lang='lat' dir='ltr'><strong>gradum</strong></span> <span class='ocrx_word' id='word_1_261' title='bbox 1337 3361 1452 3425; x_wconf 89' lang='lat' dir='ltr'><strong>occlu-</strong></span> 
     </span>
     <span class='ocr_line' id='line_1_31' title="bbox 326 3452 1452 3534; baseline 0.002 -18"><span class='ocrx_word' id='word_1_262' title='bbox 326 3455 435 3518; x_wconf 90' lang='lat' dir='ltr'><strong>sionis</strong></span> <span class='ocrx_word' id='word_1_263' title='bbox 459 3456 588 3517; x_wconf 91' lang='lat' dir='ltr'><strong>mentis</strong></span> <span class='ocrx_word' id='word_1_264' title='bbox 612 3452 811 3534; x_wconf 89' lang='lat' dir='ltr'><strong>spiritualis,</strong></span> <span class='ocrx_word' id='word_1_265' title='bbox 836 3454 884 3517; x_wconf 90' lang='lat' dir='ltr'><strong>sic</strong></span> <span class='ocrx_word' id='word_1_266' title='bbox 915 3454 1007 3516; x_wconf 93' lang='lat' dir='ltr'><strong>enim</strong></span> <span class='ocrx_word' id='word_1_267' title='bbox 1035 3473 1133 3516; x_wconf 90' lang='lat' dir='ltr'><strong>mens</strong></span> <span class='ocrx_word' id='word_1_268' title='bbox 1157 3454 1325 3516; x_wconf 87' lang='lat' dir='ltr'><strong>naturalis</strong></span> <span class='ocrx_word' id='word_1_269' title='bbox 1348 3455 1452 3518; x_wconf 91' lang='lat' dir='ltr'><strong>etiam</strong></span> 
     </span>
     <span class='ocr_line' id='line_1_32' title="bbox 328 3544 1452 3628; baseline 0 -20"><span class='ocrx_word' id='word_1_270' title='bbox 328 3547 482 3628; x_wconf 87' lang='lat' dir='ltr'><strong>superius</strong></span> <span class='ocrx_word' id='word_1_271' title='bbox 500 3545 692 3623; x_wconf 88' lang='lat' dir='ltr'><strong>clauditur;</strong></span> <span class='ocrx_word' id='word_1_272' title='bbox 719 3554 755 3610; x_wconf 89' lang='lat' dir='ltr'><strong>et</strong></span> <span class='ocrx_word' id='word_1_273' title='bbox 779 3545 870 3628; x_wconf 91' lang='lat' dir='ltr'><strong>quod</strong></span> <span class='ocrx_word' id='word_1_274' title='bbox 893 3544 957 3609; x_wconf 94' lang='lat' dir='ltr'><strong>hoc</strong></span> <span class='ocrx_word' id='word_1_275' title='bbox 981 3546 1014 3608; x_wconf 94' lang='lat' dir='ltr'><strong>in</strong></span> <span class='ocrx_word' id='word_1_276' title='bbox 1039 3547 1186 3628; x_wconf 89' lang='lat' dir='ltr'><strong>posteris</strong></span> <span class='ocrx_word' id='word_1_277' title='bbox 1206 3566 1275 3609; x_wconf 94' lang='lat' dir='ltr'><strong>non</strong></span> <span class='ocrx_word' id='word_1_278' title='bbox 1294 3547 1452 3610; x_wconf 88' lang='lat' dir='ltr'><strong>restitua-</strong></span> 
     </span>
     <span class='ocr_line' id='line_1_33' title="bbox 326 3637 1452 3719; baseline 0.001 -20"><span class='ocrx_word' id='word_1_279' title='bbox 326 3646 394 3712; x_wconf 88' lang='lat' dir='ltr'><strong>tur,</strong></span> <span class='ocrx_word' id='word_1_280' title='bbox 416 3639 480 3700; x_wconf 89' lang='lat' dir='ltr'><strong>nisi</strong></span> <span class='ocrx_word' id='word_1_281' title='bbox 498 3658 559 3719; x_wconf 91' lang='lat' dir='ltr'><strong>per</strong></span> <span class='ocrx_word' id='word_1_282' title='bbox 577 3637 694 3719; x_wconf 87' lang='lat' dir='ltr'><strong>lugere</strong></span> <span class='ocrx_word' id='word_1_283' title='bbox 714 3638 805 3701; x_wconf 89' lang='lat' dir='ltr'><strong>mala</strong></span> <span class='ocrx_word' id='word_1_284' title='bbox 830 3647 867 3702; x_wconf 94' lang='lat' dir='ltr'><strong>ut</strong></span> <span class='ocrx_word' id='word_1_285' title='bbox 891 3648 1036 3719; x_wconf 88' lang='lat' dir='ltr'><strong>peccata</strong></span> <span class='ocrx_word' id='word_1_286' title='bbox 1055 3659 1101 3701; x_wconf 88' lang='lat' dir='ltr'><strong>ex</strong></span> <span class='ocrx_word' id='word_1_287' title='bbox 1121 3637 1292 3715; x_wconf 93' lang='lat' dir='ltr'><strong>Domino;</strong></span> <span class='ocrx_word' id='word_1_288' title='bbox 1317 3640 1365 3701; x_wconf 93' lang='lat' dir='ltr'><strong>sic</strong></span> <span class='ocrx_word' id='word_1_289' title='bbox 1384 3656 1452 3701; x_wconf 94' lang='lat' dir='ltr'><strong>non</strong></span> 
     </span>
     <span class='ocr_line' id='line_1_34' title="bbox 324 3728 1452 3812; baseline 0.002 -21"><span class='ocrx_word' id='word_1_290' title='bbox 324 3728 428 3793; x_wconf 86' lang='lat' dir='ltr'><strong>aliter</strong></span> <span class='ocrx_word' id='word_1_291' title='bbox 447 3731 597 3810; x_wconf 89' lang='lat' dir='ltr'><strong>aperitur</strong></span> <span class='ocrx_word' id='word_1_292' title='bbox 616 3749 713 3792; x_wconf 91' lang='lat' dir='ltr'><strong>mens</strong></span> <span class='ocrx_word' id='word_1_293' title='bbox 730 3730 927 3812; x_wconf 87' lang='lat' dir='ltr'><strong>spiritualis,</strong></span> <span class='ocrx_word' id='word_1_294' title='bbox 945 3741 981 3793; x_wconf 92' lang='lat' dir='ltr'><strong>et</strong></span> <span class='ocrx_word' id='word_1_295' title='bbox 1000 3751 1059 3812; x_wconf 89' lang='lat' dir='ltr'><strong>per</strong></span> <span class='ocrx_word' id='word_1_296' title='bbox 1076 3731 1158 3793; x_wconf 91' lang='lat' dir='ltr'><strong>illud</strong></span> <span class='ocrx_word' id='word_1_297' title='bbox 1175 3750 1272 3794; x_wconf 89' lang='lat' dir='ltr'><strong>mens</strong></span> <span class='ocrx_word' id='word_1_298' title='bbox 1288 3729 1452 3795; x_wconf 89' lang='lat' dir='ltr'><strong>naturalis</strong></span> 
     </span>
     <span class='ocr_line' id='line_1_35' title="bbox 326 3825 1077 3907; baseline 0.003 -21"><span class='ocrx_word' id='word_1_299' title='bbox 326 3825 363 3886; x_wconf 88' lang='lat' dir='ltr'><strong>in</strong></span> <span class='ocrx_word' id='word_1_300' title='bbox 381 3825 524 3888; x_wconf 86' lang='lat' dir='ltr'><strong>sormam</strong></span> <span class='ocrx_word' id='word_1_301' title='bbox 544 3827 874 3907; x_wconf 89' lang='lat' dir='ltr'><strong>correspondentem</strong></span> <span class='ocrx_word' id='word_1_302' title='bbox 893 3826 1077 3889; x_wconf 87' lang='lat' dir='ltr'><strong>reducitur.</strong></span> 
     </span>
    </p>

    <p class='ocr_par' dir='ltr' id='par_1_4' title="bbox 309 3918 1454 4647">
     <span class='ocr_line' id='line_1_36' title="bbox 391 3918 1452 4004; baseline -0.001 -21"><span class='ocrx_word' id='word_1_303' title='bbox 391 3932 488 4001; x_wconf 64' lang='lat' dir='ltr'><strong>no.</strong></span> <span class='ocrx_word' id='word_1_304' title='bbox 520 3918 583 4004; x_wconf 91' lang='lat' dir='ltr'><strong>(v.)</strong></span> <span class='ocrx_word' id='word_1_305' title='bbox 619 3919 716 3999; x_wconf 81' lang='lat' dir='ltr'><strong>Quod</strong></span> <span class='ocrx_word' id='word_1_306' title='bbox 730 3921 840 3984; x_wconf 87' lang='lat' dir='ltr'><strong>omnia</strong></span> <span class='ocrx_word' id='word_1_307' title='bbox 859 3920 950 3984; x_wconf 86' lang='lat' dir='ltr'><strong>mala</strong></span> <span class='ocrx_word' id='word_1_308' title='bbox 967 3930 1001 3984; x_wconf 86' lang='lat' dir='ltr'><strong>et</strong></span> <span class='ocrx_word' id='word_1_309' title='bbox 1018 3921 1096 3984; x_wconf 83' lang='lat' dir='ltr'><strong>inde</strong></span> <span class='ocrx_word' id='word_1_310' title='bbox 1104 3919 1216 4002; x_wconf 87' lang='lat' dir='ltr'><strong>falsa,</strong></span> <span class='ocrx_word' id='word_1_311' title='bbox 1234 3931 1305 3984; x_wconf 88' lang='lat' dir='ltr'><strong>tam</strong></span> <span class='ocrx_word' id='word_1_312' title='bbox 1320 3919 1452 4002; x_wconf 82' lang='lat' dir='ltr'><strong>ingene-</strong></span> 
     </span>
     <span class='ocr_line' id='line_1_37' title="bbox 309 4011 1454 4095; baseline -0.001 -20"><span class='ocrx_word' id='word_1_313' title='bbox 309 4022 408 4090; x_wconf 67' lang='lat' dir='ltr'><strong>„rata</strong></span> <span class='ocrx_word' id='word_1_314' title='bbox 430 4033 530 4095; x_wconf 87' lang='lat' dir='ltr'><strong>quam</strong></span> <span class='ocrx_word' id='word_1_315' title='bbox 554 4014 857 4094; x_wconf 69' lang='lat' dir='ltr'><strong>superintendulla,</strong></span> <span class='ocrx_word' id='word_1_316' title='bbox 878 4013 913 4076; x_wconf 87' lang='lat' dir='ltr'><strong>in</strong></span> <span class='ocrx_word' id='word_1_317' title='bbox 936 4023 1042 4076; x_wconf 84' lang='lat' dir='ltr'><strong>mente</strong></span> <span class='ocrx_word' id='word_1_318' title='bbox 1059 4012 1214 4077; x_wconf 83' lang='lat' dir='ltr'><strong>naturali</strong></span> <span class='ocrx_word' id='word_1_319' title='bbox 1231 4011 1454 4076; x_wconf 83' lang='lat' dir='ltr'><strong>resideant.-</strong></span> 
     </span>
     <span class='ocr_line' id='line_1_38' title="bbox 325 4104 1453 4186; baseline 0.001 -18"><span class='ocrx_word' id='word_1_320' title='bbox 325 4104 431 4186; x_wconf 85' lang='lat' dir='ltr'><strong>Quod</strong></span> <span class='ocrx_word' id='word_1_321' title='bbox 452 4106 543 4169; x_wconf 89' lang='lat' dir='ltr'><strong>mala</strong></span> <span class='ocrx_word' id='word_1_322' title='bbox 561 4118 596 4169; x_wconf 89' lang='lat' dir='ltr'><strong>et</strong></span> <span class='ocrx_word' id='word_1_323' title='bbox 620 4107 699 4169; x_wconf 89' lang='lat' dir='ltr'><strong>inde</strong></span> <span class='ocrx_word' id='word_1_324' title='bbox 719 4107 805 4169; x_wconf 84' lang='lat' dir='ltr'><strong>salsa</strong></span> <span class='ocrx_word' id='word_1_325' title='bbox 827 4107 861 4168; x_wconf 94' lang='lat' dir='ltr'><strong>in</strong></span> <span class='ocrx_word' id='word_1_326' title='bbox 886 4116 1004 4169; x_wconf 90' lang='lat' dir='ltr'><strong>mente</strong></span> <span class='ocrx_word' id='word_1_327' title='bbox 1024 4106 1174 4169; x_wconf 89' lang='lat' dir='ltr'><strong>naturali</strong></span> <span class='ocrx_word' id='word_1_328' title='bbox 1193 4106 1379 4176; x_wconf 85' lang='lat' dir='ltr'><strong>resideant,</strong></span> <span class='ocrx_word' id='word_1_329' title='bbox 1398 4113 1453 4169; x_wconf 90' lang='lat' dir='ltr'><strong>est</strong></span> 
     </span>
     <span class='ocr_line' id='line_1_39' title="bbox 324 4200 1453 4283; baseline 0 -21"><span class='ocrx_word' id='word_1_330' title='bbox 324 4201 406 4282; x_wconf 88' lang='lat' dir='ltr'><strong>quia</strong></span> <span class='ocrx_word' id='word_1_331' title='bbox 424 4201 484 4264; x_wconf 93' lang='lat' dir='ltr'><strong>illa</strong></span> <span class='ocrx_word' id='word_1_332' title='bbox 500 4221 596 4264; x_wconf 92' lang='lat' dir='ltr'><strong>mens</strong></span> <span class='ocrx_word' id='word_1_333' title='bbox 613 4214 666 4264; x_wconf 87' lang='lat' dir='ltr'><strong>est</strong></span> <span class='ocrx_word' id='word_1_334' title='bbox 686 4203 718 4263; x_wconf 95' lang='lat' dir='ltr'><strong>in</strong></span> <span class='ocrx_word' id='word_1_335' title='bbox 738 4200 847 4264; x_wconf 84' lang='lat' dir='ltr'><strong>forma</strong></span> <span class='ocrx_word' id='word_1_336' title='bbox 866 4222 924 4263; x_wconf 91' lang='lat' dir='ltr'><strong>seu</strong></span> <span class='ocrx_word' id='word_1_337' title='bbox 944 4203 977 4263; x_wconf 93' lang='lat' dir='ltr'><strong>in</strong></span> <span class='ocrx_word' id='word_1_338' title='bbox 997 4202 1146 4283; x_wconf 88' lang='lat' dir='ltr'><strong>imagine</strong></span> <span class='ocrx_word' id='word_1_339' title='bbox 1164 4200 1333 4277; x_wconf 88' lang='lat' dir='ltr'><strong>mundus;</strong></span> <span class='ocrx_word' id='word_1_340' title='bbox 1358 4219 1453 4262; x_wconf 88' lang='lat' dir='ltr'><strong>mens</strong></span> 
     </span>
     <span class='ocr_line' id='line_1_40' title="bbox 324 4294 1453 4378; baseline -0.001 -20"><span class='ocrx_word' id='word_1_341' title='bbox 324 4305 443 4359; x_wconf 91' lang='lat' dir='ltr'><strong>autem</strong></span> <span class='ocrx_word' id='word_1_342' title='bbox 463 4297 650 4378; x_wconf 89' lang='lat' dir='ltr'><strong>spiritualis</strong></span> <span class='ocrx_word' id='word_1_343' title='bbox 674 4307 727 4359; x_wconf 91' lang='lat' dir='ltr'><strong>est</strong></span> <span class='ocrx_word' id='word_1_344' title='bbox 752 4298 785 4358; x_wconf 94' lang='lat' dir='ltr'><strong>in</strong></span> <span class='ocrx_word' id='word_1_345' title='bbox 809 4297 916 4358; x_wconf 82' lang='lat' dir='ltr'><strong>forma</strong></span> <span class='ocrx_word' id='word_1_346' title='bbox 940 4317 999 4359; x_wconf 89' lang='lat' dir='ltr'><strong>seu</strong></span> <span class='ocrx_word' id='word_1_347' title='bbox 1023 4298 1055 4359; x_wconf 95' lang='lat' dir='ltr'><strong>in</strong></span> <span class='ocrx_word' id='word_1_348' title='bbox 1080 4296 1228 4376; x_wconf 87' lang='lat' dir='ltr'><strong>imagine</strong></span> <span class='ocrx_word' id='word_1_349' title='bbox 1252 4294 1397 4368; x_wconf 88' lang='lat' dir='ltr'><strong>caelum,</strong></span> <span class='ocrx_word' id='word_1_350' title='bbox 1417 4304 1453 4357; x_wconf 94' lang='lat' dir='ltr'><strong>et</strong></span> 
     </span>
     <span class='ocr_line' id='line_1_41' title="bbox 328 4389 1452 4474; baseline 0 -22"><span class='ocrx_word' id='word_1_351' title='bbox 328 4391 480 4454; x_wconf 89' lang='lat' dir='ltr'><strong>incaelo</strong></span> <span class='ocrx_word' id='word_1_352' title='bbox 500 4412 567 4455; x_wconf 94' lang='lat' dir='ltr'><strong>non</strong></span> <span class='ocrx_word' id='word_1_353' title='bbox 588 4402 707 4474; x_wconf 85' lang='lat' dir='ltr'><strong>potest</strong></span> <span class='ocrx_word' id='word_1_354' title='bbox 727 4392 894 4473; x_wconf 86' lang='lat' dir='ltr'><strong>hospitari</strong></span> <span class='ocrx_word' id='word_1_355' title='bbox 915 4391 1064 4454; x_wconf 88' lang='lat' dir='ltr'><strong>malum:</strong></span> <span class='ocrx_word' id='word_1_356' title='bbox 1090 4411 1193 4473; x_wconf 87' lang='lat' dir='ltr'><strong>quare</strong></span> <span class='ocrx_word' id='word_1_357' title='bbox 1213 4389 1298 4454; x_wconf 90' lang='lat' dir='ltr'><strong>haec</strong></span> <span class='ocrx_word' id='word_1_358' title='bbox 1318 4409 1452 4452; x_wconf 89' lang='lat' dir='ltr'><strong>mensa</strong></span> 
     </span>
     <span class='ocr_line' id='line_1_42' title="bbox 328 4485 1451 4568; baseline -0.001 -21"><span class='ocrx_word' id='word_1_359' title='bbox 328 4486 513 4549; x_wconf 88' lang='lat' dir='ltr'><strong>nativitate</strong></span> <span class='ocrx_word' id='word_1_360' title='bbox 537 4507 606 4550; x_wconf 93' lang='lat' dir='ltr'><strong>non</strong></span> <span class='ocrx_word' id='word_1_361' title='bbox 631 4497 684 4551; x_wconf 89' lang='lat' dir='ltr'><strong>est</strong></span> <span class='ocrx_word' id='word_1_362' title='bbox 703 4495 835 4568; x_wconf 85' lang='lat' dir='ltr'><strong>aperta,</strong></span> <span class='ocrx_word' id='word_1_363' title='bbox 861 4487 922 4549; x_wconf 89' lang='lat' dir='ltr'><strong>sed</strong></span> <span class='ocrx_word' id='word_1_364' title='bbox 946 4486 1050 4549; x_wconf 93' lang='lat' dir='ltr'><strong>modo</strong></span> <span class='ocrx_word' id='word_1_365' title='bbox 1070 4486 1103 4548; x_wconf 93' lang='lat' dir='ltr'><strong>in</strong></span> <span class='ocrx_word' id='word_1_366' title='bbox 1128 4485 1287 4567; x_wconf 88' lang='lat' dir='ltr'><strong>potentia</strong></span> <span class='ocrx_word' id='word_1_367' title='bbox 1310 4495 1347 4548; x_wconf 92' lang='lat' dir='ltr'><strong>ut</strong></span> <span class='ocrx_word' id='word_1_368' title='bbox 1371 4503 1451 4565; x_wconf 93' lang='lat' dir='ltr'><strong>ape·</strong></span> 
     </span>
     <span class='ocr_line' id='line_1_43' title="bbox 325 4579 1452 4647; baseline -0.001 -5"><span class='ocrx_word' id='word_1_369' title='bbox 325 4580 385 4642; x_wconf 88' lang='lat' dir='ltr'><strong>riri</strong></span> <span class='ocrx_word' id='word_1_370' title='bbox 415 4583 532 4647; x_wconf 85' lang='lat' dir='ltr'><strong>oossit.</strong></span> <span class='ocrx_word' id='word_1_371' title='bbox 579 4581 680 4645; x_wconf 89' lang='lat' dir='ltr'><strong>Mens</strong></span> <span class='ocrx_word' id='word_1_372' title='bbox 714 4580 880 4646; x_wconf 89' lang='lat' dir='ltr'><strong>naturalis</strong></span> <span class='ocrx_word' id='word_1_373' title='bbox 913 4582 1009 4645; x_wconf 89' lang='lat' dir='ltr'><strong>ducit</strong></span> <span class='ocrx_word' id='word_1_374' title='bbox 1041 4599 1140 4645; x_wconf 89' lang='lat' dir='ltr'><strong>suam</strong></span> <span class='ocrx_word' id='word_1_375' title='bbox 1173 4579 1317 4643; x_wconf 84' lang='lat' dir='ltr'><strong>sormam</strong></span> <span class='ocrx_word' id='word_1_376' title='bbox 1348 4579 1452 4642; x_wconf 87' lang='lat' dir='ltr'><strong>etiam</strong></span> 
     </span>
    </p>
   </div>
   <div class='ocr_carea' id='block_1_3' title="bbox 0 0 1680 5374">
    <p class='ocr_par' dir='ltr' id='par_1_5' title="bbox 0 0 1680 5374">
     <span class='ocr_line' id='line_1_44' title="bbox 0 0 1680 5374; baseline 0 3"><span class='ocrx_word' id='word_1_377' title='bbox 0 0 1680 5374; x_wconf 95' lang='lat' dir='ltr'><strong> </strong></span> 
     </span>
    </p>
   </div>
  </div>
 </body>
</html>
