3352 5374
333 673 392 738 168
681 683 884 736 smmum
905 681 1099 734 nucsarcn

326 861 419 943 quod
443 861 489 925 sit
510 859 668 932 hominis,
688 858 738 921 ita
761 856 851 939 quod
875 853 980 918 homo
999 854 1079 918 talis
1102 855 1158 931 sit,
1178 856 1240 919 sed
1263 864 1318 921 est
1341 877 1448 940 appa·

327 954 460 1016 rentia:
492 953 525 1016 id
550 953 640 1015 enim
658 945 856 1013 intellectus
879 946 970 1030 quod
990 947 1215 1024 transcendit,
1235 957 1290 1012 est
1309 950 1445 1033 quidem

325 1046 452 1108 amoris
468 1041 598 1109 sciendi
613 1052 649 1106 et
665 1040 831 1123 sapiendi,
848 1040 909 1102 sed
926 1059 995 1102 non
1012 1049 1066 1102 est
1083 1040 1182 1103 simul
1196 1039 1322 1104 amoris
1337 1040 1445 1123 appli-

326 1136 428 1199 candi
447 1138 540 1201 vitae
558 1135 592 1199 id
612 1135 704 1219 quod
723 1134 789 1197 scit
808 1143 843 1197 et
863 1133 973 1213 sapit;
1001 1151 1105 1213 quare
1127 1131 1161 1193 id
1185 1133 1219 1194 in
1243 1133 1372 1196 mundo
1390 1131 1446 1196 vel

326 1237 485 1310 tempore
508 1227 650 1302 recedit,
675 1226 731 1289 vel
754 1234 856 1288 extra
878 1244 932 1287 res
956 1224 1141 1287 memoriae
1170 1224 1205 1286 in
1229 1224 1385 1288 terminis
1408 1233 1445 1288 ut

324 1319 508 1384 deciduum
532 1329 706 1396 moratur;
737 1325 949 1400 quapropter
971 1325 1052 1397 post
1079 1324 1227 1378 mortem
1254 1325 1443 1399 separatur,

324 1421 362 1475 et
382 1431 450 1475 non
471 1412 546 1493 plus
564 1420 732 1484 remanet,
754 1428 855 1493 quam
874 1407 966 1490 quod
985 1426 1062 1470 cum
1081 1427 1197 1470 amore
1216 1409 1353 1489 proprio
1375 1409 1445 1491 spi·

325 1504 410 1566 ritus
434 1504 635 1567 concordat.
682 1499 771 1582 Quia
793 1519 889 1564 amor
910 1499 993 1563 facit
1016 1500 1124 1562 vitam
1146 1498 1305 1575 hominis,
1330 1509 1366 1564 et
1395 1501 1444 1563 sic

324 1594 436 1677 ipsum
455 1596 641 1671 hominem,
659 1593 737 1656 ideo
756 1601 836 1655 sunt
853 1611 975 1655 omnes
991 1591 1180 1655 societates
1200 1591 1296 1666 caeli,
1314 1600 1350 1655 et
1369 1611 1443 1654 om-

325 1706 386 1750 nes
409 1687 525 1769 angeli
547 1689 582 1751 in
605 1685 840 1760 societatibus,
865 1684 1014 1748 ordinati
1037 1682 1225 1746 secundum
1248 1681 1444 1747 affectiones

322 1799 412 1862 quae
432 1790 511 1843 sunt
530 1780 675 1856 amoris;
700 1786 735 1841 et
755 1776 849 1840 nulla
868 1777 1016 1839 societas
1035 1784 1071 1839 et
1090 1777 1124 1838 in
1144 1777 1312 1840 societate
1332 1776 1444 1840 nullus

323 1871 469 1954 angelus
486 1872 674 1938 secundum
697 1869 822 1952 aliquid
839 1866 1035 1932 intellectus
1048 1877 1246 1950 separatum
1261 1869 1306 1931 ab
1327 1887 1443 1932 amore

324 1962 406 2044 ejus.
452 1963 618 2026 Similiter
645 1963 679 2026 in
709 1961 848 2024 infernis
878 1969 914 2024 et
947 1959 1083 2023 illorum
1113 1960 1350 2035 societatibus,
1381 1960 1443 2024 sed

323 2056 511 2118 secundum
528 2074 662 2118 amores
678 2053 886 2117 caelestibus
898 2052 1071 2115 amoribus
1082 2052 1271 2133 oppositos.
1317 2051 1374 2115 Ex
1390 2051 1444 2116 his

322 2157 485 2211 constare
504 2157 633 2229 potest,
655 2146 745 2229 quod
764 2145 874 2227 qualis
896 2153 951 2208 est
974 2162 1070 2207 amor
1088 2143 1169 2207 talis
1192 2144 1238 2208 sit
1260 2144 1442 2225 sapientia,

322 2247 359 2302 et
378 2241 468 2322 quod
487 2240 568 2302 inde
587 2238 667 2302 talis
686 2238 730 2301 sit
750 2236 866 2301 homo.

385 2337 491 2416 369.
521 2335 736 2416 Agnoscitur
755 2332 904 2414 quidem,
925 2331 1016 2414 quod
1039 2329 1144 2395 homo
1163 2330 1244 2394 talis
1263 2331 1317 2408 sit,
1331 2330 1442 2413 qualis

321 2439 377 2492 est
400 2427 470 2509 ejus
489 2448 585 2492 amor
604 2446 763 2509 regnans,
784 2425 846 2489 sed
865 2425 970 2488 modo
993 2424 1074 2488 talis
1093 2424 1208 2507 quoad
1227 2434 1380 2489 mentem
1404 2434 1442 2491 et

320 2522 483 2596 animum,
501 2540 570 2583 non
587 2531 703 2583 autem
720 2518 832 2600 quoad
849 2537 982 2600 corpus,
996 2518 1046 2581 ita
1062 2536 1130 2580 non
1149 2525 1242 2580 totus
1258 2517 1347 2579 talis.
1391 2515 1443 2582 At

321 2633 368 2675 ex
387 2613 474 2694 pluri
493 2612 709 2694 experientia
731 2612 765 2674 in
788 2610 916 2673 mundo
935 2609 1103 2692 spirituali
1123 2618 1243 2673 notum
1266 2608 1348 2672 mihi
1370 2609 1441 2673 lac·

321 2714 397 2766 tum
415 2714 481 2778 est,
501 2704 593 2787 q'uod
612 2704 717 2766 homo
739 2723 760 2766 a
782 2704 897 2784 capite
915 2702 960 2766 ad
979 2701 1122 2775 calcem,
1143 2722 1203 2765 seu
1225 2722 1246 2762 a
1269 2702 1385 2782 primis
1406 2701 1440 2764 in

320 2796 435 2877 capite
454 2795 498 2858 ad
517 2795 640 2859 ultima
657 2795 691 2858 in
711 2814 864 2876 corpore,
881 2794 964 2858 talis
982 2795 1027 2857 sit
1046 2793 1155 2878 qualis
1174 2792 1244 2874 ejus
1260 2812 1357 2856 amor
1375 2801 1440 2857 est.

319 2882 452 2951 Omnes
468 2887 609 2950 enimin
625 2887 686 2950 illo
702 2886 831 2950 mundo
847 2895 926 2950 sunt
941 2887 1070 2950 formae
1086 2885 1212 2949 amoris
1229 2886 1301 2963 sui;
1325 2884 1441 2968 angeli

319 2979 448 3042 formae
467 2979 593 3043 amoris
612 2978 783 3054 caelestis,
800 2988 837 3041 et
856 2978 984 3041 diaboli
1003 2978 1131 3041 formae
1149 2978 1275 3040 amoris
1293 2977 1440 3041 inferna·

320 3071 384 3149 lis;
412 3069 446 3134 hi
469 3078 550 3135 sunt
568 3069 738 3134 deformes
757 3070 842 3134 facie
865 3080 901 3133 et
925 3089 1078 3150 corpore,
1098 3070 1148 3133 illi
1166 3079 1282 3133 autem
1301 3067 1440 3132 formosi

318 3171 356 3227 et
382 3162 468 3226 facie
495 3171 532 3226 et
561 3182 728 3244 corpore;
760 3172 795 3226 et
819 3163 900 3225 dum
924 3163 1144 3243 impugnatur
1171 3161 1308 3224 illorum
1331 3180 1438 3236 amor,

318 3255 423 3319 facies
442 3255 578 3319 illorum
597 3265 786 3331 mutantur,
806 3263 843 3318 et
862 3255 890 3316 si
909 3255 1054 3317 multum
1074 3255 1305 3335 impugnatur,
1325 3253 1439 3336 quoad

319 3357 434 3411 totum
448 3347 688 3429 disparantur;
711 3346 777 3410 hoc
795 3346 965 3429 peculiare
985 3356 1038 3408 est
1061 3347 1095 3408 in
1118 3345 1179 3408 illo
1198 3345 1337 3408 mundo.
1383 3344 1440 3409 Ita

319 3437 367 3511 fit,
392 3441 470 3521 quia
499 3459 622 3521 corpus
653 3458 769 3503 eorum
798 3458 901 3502 unum
928 3437 1009 3500 lacit
1036 3457 1113 3500 cum
1144 3448 1262 3501 mente
1290 3436 1437 3501 illorum.

318 3529 432 3594 Causa
455 3552 500 3594 ex
527 3528 730 3612 supradictis
753 3541 861 3614 patet,
886 3530 976 3613 quod
1001 3531 1115 3592 omuia
1137 3529 1289 3611 corporis
1312 3530 1437 3611 princi·

318 3623 413 3704 piata
432 3624 511 3697 sint,
532 3621 597 3686 hoc
618 3633 683 3698 est,
703 3633 872 3686 contexta
889 3643 948 3704 per
966 3621 1067 3685 libras
1084 3642 1128 3684 ex
1148 3621 1330 3704 principiis,
1351 3641 1438 3702 quae

319 3723 400 3776 sunt
422 3714 641 3795 receptacula
664 3717 789 3778 amoris
812 3725 847 3779 et
872 3715 1081 3794 sapientiae;
1112 3723 1148 3776 et
1173 3732 1249 3776 cum
1272 3713 1438 3795 principia

318 3803 404 3868 talia
425 3815 516 3881 sunt,
537 3826 605 3870 non
629 3817 773 3889 possunt
795 3806 1000 3890 principiata
1024 3805 1091 3868 alia
1113 3825 1210 3883 esse;
1240 3824 1345 3886 quare
1367 3825 1436 3887 quo

318 3899 484 3983 principia
496 3901 635 3978 abeunt,
648 3901 851 3984 principiata
863 3911 1070 3984 sequuntur3
1091 3920 1160 3963 non
1176 3907 1321 3980 possunt
1335 3919 1435 3981 sepa·

317 3996 393 4059 rari.
439 3995 524 4060 Inde
543 4006 608 4072 est,
628 3998 718 4081 quod
742 3999 797 4080 qui
821 4008 974 4060 mentem
993 4015 1089 4059 suam
1109 3995 1225 4059 elevat
1247 3994 1292 4058 ad
1315 3993 1436 4057 Domi·

318 4110 410 4166 num,
436 4091 493 4155 ille
519 4101 614 4156 totus
637 4092 680 4156 ad
711 4091 896 4156 Dominum
920 4092 1077 4155 elevatus
1100 4091 1165 4168 sit;
1199 4099 1236 4154 et
1265 4089 1356 4172 quod
1379 4089 1437 4173 qui

319 4196 470 4249 mentem
495 4187 538 4250 ad
562 4186 728 4250 infernum
752 4186 878 4268 dejicit,
901 4186 960 4250 ille
983 4196 1080 4250 totus
1102 4184 1181 4248 illuc
1205 4181 1358 4266 dejectus
1380 4184 1435 4248 sit.

318 4279 435 4362 Quare
458 4281 563 4345 homo
587 4282 893 4353 totus,secundum
916 4300 1068 4345 amorem
1092 4280 1182 4343 vitae
1209 4277 1290 4361 ejus,
1315 4278 1372 4342 vel
1400 4278 1435 4342 in

319 4375 453 4439 caelum
483 4377 539 4440 vel
571 4377 605 4441 in
636 4376 804 4440 infernum
838 4378 943 4439 venit.
988 4375 1045 4439 Ex
1079 4375 1250 4457 sapientia
1279 4371 1437 4456 angelica

315 4481 382 4545 est,
404 4473 495 4554 quod
519 4492 615 4535 mens
633 4471 781 4535 hominis
804 4473 848 4534 sit
870 4472 983 4545 homo,
1005 4472 1084 4553 quia
1103 4469 1196 4534 Deus
1219 4478 1273 4533 est
1297 4467 1434 4546 Homo;

316 4575 353 4628 et
373 4567 463 4649 quod
484 4587 607 4649 corpus
627 4568 671 4629 sit
691 4577 875 4630 externum
894 4566 1019 4630 mentis
1041 4565 1132 4648 quod
1151 4564 1259 4629 sentit
1281 4572 1317 4628 et
1340 4564 1435 4646 agit;

276 4749 281 4760 Ι
315 4668 353 4723 et
372 4660 463 4744 quod
480 4660 527 4724 slc
542 4679 644 4723 unum
661 4661 741 4737 sint,
755 4671 790 4725 et
808 4681 875 4724 non
892 4661 969 4724 duo.
