3418 5368
510 671 561 722 ΒΕ
584 671 721 724 DIVINA
745 673 1102 726 Pxovrnssnmerv.
1126 677 1200 726 212.
1364 677 1426 748 147

292 865 391 911 amor
420 845 483 922 sui,
510 845 667 912 “Semen
698 846 875 912 mulieris'’
898 858 953 914 est
985 848 1166 927 Dominus,
1192 845 1425 915 ‘'inimicitia''

293 963 381 1026 quae
400 952 454 1007 est
473 943 599 1025 posita,
614 953 669 1008 est
687 943 779 1008 inter
793 963 949 1009 amorem
965 947 1095 1030 proprii
1111 946 1260 1010 hominis
1280 955 1316 1010 et
1334 947 1425 1013 inter

295 1037 495 1115 Dominum,
515 1040 564 1103 ita
584 1060 720 1123 quoque
739 1041 831 1104 inter
849 1041 1022 1124 propriam
1039 1042 1258 1124 prudentiam
1276 1041 1425 1106 hominis

293 1143 328 1197 et
343 1135 433 1199 inter
452 1135 612 1199 Divinam
629 1135 887 1200 Providentiam
905 1136 1044 1201 Domini
1060 1159 1068 1216 ;
1092 1157 1172 1201 nam
1189 1137 1325 1220 propria
1344 1159 1423 1221 pru·

293 1230 412 1295 dentia
428 1232 593 1296 continua
608 1241 663 1296 est
682 1233 716 1296 in
735 1231 955 1296 exaltatione
971 1234 1096 1316 capitis
1115 1234 1226 1308 istius,
1243 1245 1279 1297 et
1297 1233 1423 1297 Divina

293 1324 514 1390 Providentia
525 1337 580 1390 est
593 1328 758 1391 continua
769 1327 805 1390 in
816 1329 1037 1412 depressione
1048 1327 1128 1410 ejus.
1177 1333 1235 1394 [2.]
1265 1327 1300 1392 Si
1318 1328 1424 1392 homo

293 1421 358 1486 hoc
383 1424 542 1498 sentiret,
566 1423 770 1486 irasceretur
795 1432 832 1488 et
859 1423 1128 1488 exacerbaretur
1151 1433 1274 1487 contra
1297 1423 1424 1499 Deum,

292 1537 333 1582 ac
353 1519 500 1600 periret;
524 1527 561 1582 at
580 1520 661 1581 dum
685 1538 755 1582 non
775 1519 881 1583 sentit
898 1518 996 1594 illud,
1016 1529 1136 1602 potest
1155 1519 1254 1582 irasci
1278 1530 1314 1583 et
1338 1539 1422 1582 exa-

292 1614 423 1678 cerbari
439 1624 563 1677 contra
578 1613 747 1690 homines,
761 1623 797 1678 et
813 1625 938 1679 contra
953 1626 1076 1691 semet,
1093 1624 1130 1679 et
1146 1635 1282 1698 quoque
1300 1626 1422 1678 contra

292 1709 476 1785 fortunam,
501 1729 561 1792 per
582 1730 670 1793 quae
693 1730 763 1774 non
786 1711 886 1793 perit.
933 1709 1019 1774 inde
1048 1720 1113 1786 est,
1138 1711 1230 1794 quod
1254 1709 1422 1774 Dominus

208 1813 211 1820 '
292 1824 353 1888 per
382 1803 543 1868 Divinam
566 1825 663 1870 suam
687 1806 943 1871 Providentiam
963 1806 1093 1889 jugiter
1116 1806 1220 1869 ducat
1246 1805 1421 1869 hominem

292 1901 326 1963 in
346 1900 466 1976 libero,
484 1921 523 1964 ac
543 1899 688 1966 liberum
705 1922 774 1965 non
790 1902 891 1966 aliter
907 1913 1051 1984 apparet
1068 1902 1198 1965 homini
1214 1920 1315 1984 quam
1333 1903 1421 1966 sicut

292 1994 364 2077 ejus
380 1997 571 2079 proprium:
596 2007 632 2061 et
649 1998 774 2061 ducere
785 1999 984 2080 oppositum
1000 1997 1064 2060 sibi
1079 1999 1114 2061 in
1131 1996 1249 2070 libero,
1263 2006 1317 2060 est
1333 1999 1422 2060 sicut

292 2090 427 2174 pondus
449 2112 556 2174 grave
580 2101 617 2157 et
641 2094 796 2157 renitens
816 2093 1006 2157 subducere
1035 2114 1054 2158 e
1084 2101 1174 2156 terra
1197 2113 1257 2174 per
1279 2093 1421 2167 helices,

291 2205 353 2268 per
371 2207 513 2271 quarum
532 2188 620 2252 vires
639 2188 796 2270 gravitas
815 2199 852 2252 et
874 2190 1007 2252 renisus
1027 2209 1096 2252 non
1115 2189 1287 2252 sentitur:
1312 2197 1347 2251 et
1365 2197 1421 2252 est

290 2283 381 2346 sicut
400 2284 474 2366 quis
494 2284 583 2366 apud
603 2284 741 2349 hostem
760 2293 826 2360 est,
846 2284 880 2348 in
905 2283 999 2366 cujus
1017 2286 1134 2348 animo
1152 2293 1206 2349 est
1228 2283 1323 2347 illum
1347 2292 1420 2347 tru-

291 2378 417 2454 cidare,
434 2380 525 2461 quod
544 2389 626 2442 tunc
644 2381 755 2444 nescit
770 2401 778 2458 ;
802 2389 839 2443 et
858 2380 987 2444 amicus
1004 2379 1100 2444 illurn
1118 2398 1177 2461 per
1193 2380 1332 2461 ignotas
1348 2379 1422 2442 vias

291 2473 419 2548 educit,
440 2482 477 2537 et
495 2483 619 2557 postea
637 2477 789 2539 animum
808 2476 921 2539 hostis
941 2477 1087 2558 detegit.

355 2581 445 2632 212.
474 2568 560 2651 Quis
583 2590 653 2633 non
678 2570 867 2634 Fortunam
891 2571 1071 2635 nominat?
1106 2569 1240 2653 etquis
1265 2588 1333 2632 nou
1358 2589 1420 2651 ag·

291 2664 405 2729 noscit
428 2664 535 2740 illam,
560 2667 638 2750 quia
661 2666 756 2730 illam
781 2668 948 2742 nominat,
973 2678 1009 2732 et
1032 2668 1111 2750 quia
1134 2665 1262 2749 aliquid
1286 2665 1330 2727 de
1361 2663 1423 2728 illa

289 2761 335 2824 ab
358 2762 573 2843 experientia
595 2763 685 2827 scit?
729 2762 798 2827 Sed
822 2764 899 2847 quis
921 2765 986 2827 scit
1008 2764 1087 2846 quid
1111 2761 1196 2826 illa?
1242 2759 1344 2843 Quod
1374 2760 1420 2824 sit

289 2854 428 2939 aliquid,
449 2857 528 2941 quia
546 2866 600 2921 est
618 2868 654 2922 et
674 2859 753 2942 quia
772 2859 884 2933 datur,
899 2878 967 2923 non
988 2859 1107 2940 negari
1128 2867 1267 2940 potest;
1292 2868 1328 2920 et
1348 2877 1418 2919 non

290 2963 411 3036 potest
427 2953 555 3038 aliquid
572 2975 649 3018 esse
668 2966 704 3019 et
724 2955 797 3019 dari
816 2956 946 3039 absque
967 2975 1091 3031 causa;
1116 2953 1177 3017 sed
1197 2972 1302 3016 causa
1322 2951 1421 3034 hujus

289 3049 431 3132 alicujus
459 3071 519 3114 seu
545 3051 705 3116 fortunae
733 3053 922 3135 ignoratur.
969 3051 1023 3116 Ne
1053 3060 1169 3114 autem
1195 3058 1342 3131 negetur
1373 3069 1419 3112 ex

289 3145 367 3210 sola
383 3147 545 3229 ignorata
562 3166 677 3222 causa,
698 3168 794 3213 sume
814 3148 905 3213 talos
930 3157 989 3211 aut
1015 3143 1190 3210 chartulas
1210 3143 1365 3217 lusorias,
1382 3155 1418 3206 et

291 3245 382 3320 lude,
403 3255 463 3308 aut
488 3245 629 3309 consule
654 3244 908 3323 ludificatores;
937 3247 1011 3328 quis
1034 3244 1155 3307 horum
1180 3251 1287 3323 negat
1310 3239 1418 3304 sortu-

289 3341 393 3406 nam?
416 3342 450 3404 hi
467 3342 649 3404 enimcum
665 3341 723 3404 illa
740 3352 776 3405 et
792 3341 878 3406 haec
894 3359 971 3405 cum
987 3339 1055 3403 illis
1069 3336 1271 3402 mirabiliter
1285 3334 1418 3400 ludunt.

289 3436 375 3520 Quis
399 3447 518 3520 potest
542 3447 664 3501 contra
687 3436 795 3513 illam,
820 3440 847 3501 si
871 3437 1003 3501 obnixa
1026 3445 1092 3509 est,
1112 3432 1239 3516 agere?
1267 3430 1418 3496 Ridetne

289 3544 372 3599 tunc
393 3535 611 3618 prudentiam
631 3544 668 3598 et
687 3533 918 3616 sapientiam?
964 3531 1076 3595 Estne
1095 3531 1176 3593 dum
1196 3528 1306 3591 volvis
1326 3527 1418 3592 talos
1448 3593 1451 3604 ,

288 3643 324 3694 et
344 3651 461 3694 versas
481 3629 670 3704 chartulas,
689 3631 777 3694 sicut
798 3629 857 3694 illa
876 3631 965 3693 sciat
985 3637 1022 3692 et
1042 3628 1204 3710 disponat
1221 3625 1418 3688 volutiones

289 3736 326 3792 et
340 3729 556 3793 versationes
568 3727 739 3810 poplitum
757 3747 891 3800 manus,
903 3725 946 3789 ad
958 3723 1143 3788 favendum
1157 3722 1213 3785 uni
1226 3721 1416 3804 plusquam

288 3824 390 3891 alteri
407 3845 453 3888 ex
471 3824 620 3908 quadarn
637 3822 763 3887 causa?
808 3821 900 3885 Num
917 3841 1020 3886 eausa
1039 3826 1157 3902 potest
1177 3817 1314 3880 aliunde
1330 3816 1415 3890 dari,

288 3941 390 4005 quarn
410 3942 455 3985 ex
480 3919 606 3984 Divina
628 3920 850 3984 Providentia
873 3919 907 3980 iu
931 3917 1072 3991 ultimis,
1093 3913 1149 3977 ubi
1172 3911 1231 3976 illa
1254 3933 1314 3994 per
1333 3930 1416 3975 con-

287 4018 438 4082 stantias
461 4027 497 4080 et
521 4016 776 4080 inconstantius
799 4036 876 4079 cum
901 4013 1084 4098 prudentia
1107 4007 1257 4073 humana
1276 4005 1416 4071 mirifice

287 4115 373 4198 agit,
391 4123 427 4177 et
448 4112 548 4176 simul
568 4133 606 4175 se
625 4111 806 4176 occultat?
852 4115 909 4178 [2.]
941 4107 1043 4191 Quod
1060 4104 1211 4189 gentiles
1231 4103 1313 4167 olim
1330 4102 1415 4166 For·

286 4220 407 4275 tunam
430 4209 648 4291 agnoverint,
673 4217 708 4273 et
732 4206 900 4289 templum
925 4207 955 4268 ei
978 4202 1182 4276 struxerint,
1206 4199 1311 4263 etiam
1336 4197 1416 4262 Itali

288 4303 434 4379 Rornae,
448 4313 569 4369 uotum
586 4313 651 4368 est.
696 4302 750 4367 De
766 4303 830 4366 hac
849 4301 1014 4375 Fortuna,
1033 4318 1120 4382 quae
1136 4307 1202 4373 est,
1220 4305 1257 4359 ut
1274 4291 1414 4370 dietum,

287 4399 414 4463 Divina
433 4399 655 4464 Providentia
673 4399 707 4462 in
727 4397 868 4472 ultimis,
886 4395 996 4460 multa
1011 4395 1098 4459 scire
1115 4393 1235 4457 datum
1255 4399 1309 4454 est
1328 4410 1415 4472 quae

286 4515 357 4560 non
381 4496 464 4561 licet
487 4494 729 4560 manifestare:
761 4515 808 4558 ex
831 4492 951 4576 quibus
974 4491 1056 4555 mihi
1080 4489 1205 4572 patuit,
1229 4486 1321 4570 quod
1345 4505 1414 4550 non

284 4591 331 4655 sit
350 4591 464 4656 illusio
484 4592 621 4666 mentis,
636 4612 699 4656 nec
719 4589 906 4654 ludificatio
926 4597 1081 4663 naturae,
1096 4604 1160 4649 nec
1184 4581 1311 4666 aliquid
1334 4581 1413 4645 abs-

284 4707 352 4773 que
374 4709 491 4764 causa,
510 4688 576 4752 hoc
601 4689 691 4751 enirn
716 4707 784 4750 non
808 4694 862 4749 est
884 4683 1023 4765 aliquid,
1044 4683 1106 4746 sed
1130 4678 1222 4765 quod
1245 4679 1290 4742 sit
1314 4677 1414 4742 testi-
