3418 5368
352 627 412 692 140
555 695 557 701 Ι
691 621 895 673 SAPIENTIA
917 619 1115 672 ANGELICA

348 794 489 862 formae.
533 796 665 860 Annon
688 795 814 872 anima,
837 814 926 879 quae
948 792 1103 877 disponit
1125 791 1301 870 interiora,
1326 791 1478 876 disponit

349 894 455 957 etiarn
484 890 638 958 adiones
661 912 706 955 ex
729 889 824 955 illis?
868 889 999 954 Anima
1023 888 1172 953 hominis
1201 909 1271 954 non
1302 889 1394 954 aliud
1425 897 1480 954 est

350 1009 451 1071 quarn
471 1009 568 1052 amor
590 985 783 1052 voluntatis
807 985 889 1068 ejus,
907 995 943 1050 et
961 985 1042 1049 inde
1060 1004 1156 1048 amor
1179 981 1377 1049 intelledius
1396 983 1479 1067 ejus.

351 1083 473 1166 Qualis
492 1083 547 1148 hic
567 1103 665 1148 amor
682 1091 746 1159 est,
767 1081 847 1146 talis
866 1090 922 1146 est
944 1088 1041 1145 totus
1057 1079 1187 1160 homo;
1210 1090 1247 1144 et
1266 1079 1304 1144 fit
1324 1079 1405 1145 talis
1424 1099 1478 1144 se·

350 1180 503 1245 cundum
527 1179 792 1263 dispositionem
814 1177 849 1240 in
872 1175 1039 1253 externis,
1058 1175 1092 1240 in
1112 1175 1233 1259 quibus
1252 1174 1359 1240 homo
1378 1173 1480 1240 simul

350 1296 427 1341 cum
447 1276 599 1340 Domino
617 1283 680 1339 est.
727 1271 843 1357 Quare
862 1273 890 1337 si
909 1273 1027 1337 sibiet
1046 1281 1190 1336 naturae
1210 1271 1330 1336 tribuit
1350 1273 1478 1348 omnia,

350 1371 388 1438 fit
407 1371 521 1436 anima
539 1390 637 1434 amor
655 1369 705 1433 sui
721 1391 729 1450 ;
753 1377 790 1433 at
810 1369 838 1432 si
857 1367 1008 1431 Domino
1027 1367 1147 1432 tribuit
1163 1367 1290 1442 omnia,
1307 1366 1345 1430 fit
1363 1368 1480 1431 anima

348 1488 446 1532 amor
462 1467 614 1543 Domini,
632 1476 667 1531 et
683 1465 738 1530 hic
754 1484 853 1529 amor
868 1462 1030 1528 caelestis
1045 1473 1111 1539 est,
1128 1472 1164 1528 et
1182 1462 1241 1527 ille
1261 1482 1359 1527 amor
1377 1462 1481 1527 infer·

350 1563 447 1627 nalis.
1463 1570 1465 1578 ’

415 1673 519 1723 2⁰⁰.
549 1657 648 1721 Nunc
668 1656 747 1741 quia
762 1653 913 1738 jucunda
931 1651 1149 1718 aii'ediionum
1168 1653 1318 1718 hominis
1336 1653 1382 1718 ab
1396 1654 1479 1719 inti·

350 1753 415 1816 mis
432 1772 491 1834 per
507 1753 669 1817 interiora
684 1753 729 1815 ad
745 1753 933 1827 exteriora,
945 1758 981 1814 et
995 1749 1138 1813 tandem
1154 1749 1199 1813 ad
1216 1759 1376 1814 extrema
1391 1770 1482 1834 quae

351 1856 431 1912 sunt
459 1849 493 1911 in
522 1869 678 1931 corpore,
706 1848 819 1914 serunt
855 1847 1032 1911 hominem
1059 1847 1149 1910 sicut
1176 1845 1268 1908 unda
1294 1855 1331 1909 et
1363 1856 1478 1909 atmo-

352 1943 499 2028 sphaera
517 1965 654 2021 navem,
676 1956 713 2009 et
732 1943 817 2009 nihil
835 1961 952 2008 eorum
975 1951 1121 2025 apparet
1139 1941 1282 2018 homini,
1303 1941 1366 2006 nisi
1384 1941 1479 2025 quod

350 2039 385 2104 in
409 2041 575 2102 extremis
598 2042 726 2103 mentis
748 2050 785 2105 et
809 2040 843 2102 in
866 2039 1034 2102 extremis
1057 2037 1208 2120 corporis
1231 2034 1282 2113 fit,
1302 2038 1482 2120 quomodo

351 2143 434 2199 tunc
459 2142 577 2216 potest
602 2135 708 2198 homo
732 2135 906 2198 vindicare
935 2133 999 2196 sibi
1024 2132 1186 2195 Divinum
1206 2153 1252 2195 ex
1281 2152 1324 2196 eo
1353 2132 1479 2210 solum,

351 2228 443 2313 quod
467 2248 577 2312 pauca
604 2228 665 2292 illa
695 2239 855 2293 extrema
884 2237 1074 2311 appareant
1103 2226 1153 2290 illi
1182 2227 1271 2290 sicut
1300 2226 1387 2291 sua?
1432 2227 1481 2294 Et

351 2323 463 2389 adhuc
487 2325 598 2388 minus
618 2325 722 2389 debet
746 2324 809 2387 sibi
837 2323 998 2387 Divinum
1022 2322 1206 2396 vindicare,
1231 2321 1313 2385 dum
1342 2322 1409 2388 scit
1433 2343 1479 2388 ex

360 2419 476 2495 Verbo,
496 2421 587 2504 quod
611 2420 716 2484 homo
739 2439 808 2483 non
832 2418 941 2500 possit
965 2437 1099 2480 sumere
1122 2416 1248 2500 aliquid
1271 2437 1317 2481 ex
1340 2437 1390 2493 se,
1416 2417 1481 2482 nisi

351 2515 385 2580 id
409 2516 440 2580 ei
463 2517 508 2580 sit
531 2516 651 2579 datum
671 2535 690 2578 e
713 2514 834 2593 caelo;
865 2523 901 2578 et
920 2533 965 2576 ex
989 2511 1141 2588 Rarum,
1161 2513 1252 2595 quod
1275 2513 1481 2596 apparentia

351 2612 411 2676 illa
429 2613 459 2675 ei
478 2613 560 2677 data
578 2611 634 2688 sit,
655 2621 693 2675 ut
712 2613 807 2674 vivat
830 2609 946 2684 horno,
967 2609 1084 2672 videat
1100 2607 1180 2692 quid
1203 2607 1332 2672 bonurn
1347 2617 1385 2673 et
1404 2627 1477 2674 ma·

351 2707 434 2780 lum,
464 2705 573 2789 eligat
600 2727 703 2771 unum
730 2717 789 2770 aut
819 2705 978 2780 alterurn,
1006 2703 1206 2788 appropriet
1233 2704 1297 2769 sibi
1323 2704 1357 2768 id
1385 2703 1479 2789 quod

351 2802 460 2884 eligit,
481 2812 518 2866 ut
535 2802 644 2885 possit
663 2803 837 2885 reciproce
856 2799 1018 2882 conjungi
1037 2799 1199 2875 Domin0,
1216 2799 1403 2876 reformari,
1423 2821 1478 2865 re·

351 2897 518 2980 generari,
535 2896 671 2974 salvari,
689 2907 725 2961 et
741 2898 855 2961 vivere
871 2897 904 2959 in
921 2906 1111 2959 aeternum.
1157 2893 1259 2977 Quod
1275 2898 1479 2977 apparentia

350 2990 410 3054 illa
425 2992 509 3053 data
525 2993 569 3054 sit
585 2990 727 3067 homini,
745 3002 782 3056 ut
799 3013 844 3054 ex
861 2990 970 3054 libero
990 2989 1177 3054 secundum
1194 2989 1364 3053 rationem
1381 3001 1477 3073 agat,

349 3085 401 3150 ita
428 3087 516 3150 sicut
542 3107 587 3150 ex
614 3108 662 3164 se,
690 3095 727 3151 et
754 3107 823 3151 non
845 3087 1024 3150 remittere
1048 3104 1198 3160 manum,
1216 3093 1252 3149 et
1271 3083 1479 3169 exspefiare

350 3181 527 3259 influxum‚
545 3203 647 3267 supra
665 3181 793 3247 dietum
813 3191 848 3247 et
868 3191 1047 3247 ostensum
1067 3190 1132 3245 est.
1176 3179 1233 3244 Ex
1252 3179 1305 3245 his
1324 3184 1479 3264 sequitur

350 3278 590 3343 confirmatum
618 3278 653 3343 id
682 3277 772 3362 quod
802 3277 1111 3341 demonstrandum
1141 3284 1215 3338 erat
1232 3277 1349 3350 tertio,
1384 3273 1481 3354 Quod

350 3375 542 3458 affetizbnes
571 3375 698 3439 amoris
727 3374 818 3437 vitae
845 3373 990 3438 hominis
1016 3394 1038 3436 a
1063 3371 1206 3435 Domino
1226 3381 1293 3453 per
1314 3370 1479 3438 Divinam

350 3470 466 3553 Ipsius
487 3469 744 3533 Providentiam
767 3469 942 3546 ducantur,
965 3478 999 3533 et
1022 3467 1128 3533 simul
1146 3477 1223 3532 tunc
1245 3467 1477 3550 cogitationes,

348 3565 527 3648 exquibus
541 3564 726 3646 prudentia
745 3564 902 3629 humana.

413 3674 510 3725 2⁰1.
542 3658 616 3744 (iv.)
654 3659 751 3738 Quod
771 3661 935 3725 Dominus
954 3671 1020 3743 per
1042 3659 1205 3724 Divinam
1230 3680 1328 3723 suam
1351 3657 1477 3725 Provi-

349 3757 433 3820 tiam
448 3766 621 3837 componat
635 3756 826 3840 affebiubnes
845 3755 988 3842 [hunius
1000 3755 1134 3839 generis
1150 3753 1303 3838 humanu]
1324 3755 1359 3818 in
1375 3776 1479 3822 unane

349 3851 513 3932 sormam,
535 3861 689 3934 quaeest
708 3850 1015 3933 humanu-Quod
1038 3852 1103 3916 hoc
1128 3853 1172 3914 sit
1195 3849 1390 3914 universale
1414 3851 1476 3915 Di-

349 3947 449 4010 vinae
474 3945 725 4022 Providentiae,
748 3948 784 4010 in
806 3947 1030 4030 subsequenti
1053 3947 1272 4031 paragrapho
1294 3946 1478 4012 videbitur.

349 4041 405 4105 Illi
421 4041 477 4125 qui
493 4042 608 4106 omnia
627 4053 769 4106 naturae
787 4043 999 4119 adscribunt,
1016 4045 1122 4107 etiam
1141 4045 1256 4108 omnia
1274 4043 1479 4128 prudentiae

349 4137 521 4201 humanae
540 4138 764 4212 adscribunt;
792 4140 947 4221 namqui
970 4140 1086 4203 omnia
1108 4149 1251 4204 naturae
1274 4139 1479 4204 adscribunt

350 4244 481 4318 negant
503 4235 609 4300 corde
633 4235 765 4312 Deum;
789 4246 824 4299 et
848 4237 904 4318 qui
928 4238 1042 4300 omnia
1066 4237 1269 4319 prudentiae
1291 4237 1478 4315 humanae,

350 4341 481 4413 negant
498 4331 601 4394 corde
619 4330 778 4393 Divinam
796 4330 1050 4395 Providentiam
1065 4353 1072 4409 ;
1093 4352 1161 4395 non
1178 4343 1357 4414 separatur
1372 4352 1477 4398 unum

349 4426 392 4488 ab
408 4425 528 4489 altero.
574 4424 642 4488 Sed
660 4447 764 4509 usque
781 4426 867 4489 hiet
886 4426 936 4488 illi
953 4437 1091 4509 propter
1107 4429 1254 4491 nominis
1271 4429 1322 4491 sui
1338 4429 1477 4507 famam,

349 4529 386 4584 et
410 4521 570 4584 timorem
590 4517 743 4601 januae
766 4521 848 4604 ejuS,
868 4543 927 4586 ore
950 4522 1073 4600 serunt,
1094 4523 1185 4606 quod
1210 4523 1335 4587 Divina
1359 4525 1477 4589 Provi-

349 4615 470 4680 dentia
494 4617 539 4680 sit
565 4615 779 4694 universalis,
804 4629 839 4696 et
867 4618 959 4702 quod
987 4619 1174 4701 singularia
1197 4620 1268 4699 ejus
1293 4621 1362 4685 sint
1386 4617 1478 4703 apud
