3418 5370
315 622 378 700 284
661 633 865 686 snersunn
887 635 1085 686 nunaucn

315 803 396 888 Ipso
416 807 569 888 produci,
589 807 650 871 sed
675 806 766 890 quod
790 807 901 890 possit
924 809 1012 872 verti
1035 809 1069 872 in
1092 803 1221 872 malum
1243 829 1263 872 a
1286 805 1443 891 subjecto

315 903 515 986 recipiente,
539 902 633 984 cujus
656 902 765 967 forma
787 913 842 968 est
869 903 978 967 lorma
1001 904 1092 968 mali.
1138 903 1225 968 Tale
1248 903 1440 985 subjectum

315 1008 369 1061 est
399 998 505 1062 homo
534 997 648 1081 quoad
679 998 852 1082 proprium
876 1019 984 1063 suum.
1030 999 1108 1063 Hoc
1132 1000 1295 1064 continue
1319 1001 1441 1083 recipit

315 1092 444 1156 bonum
463 1115 483 1157 a
503 1094 664 1169 Domino,
682 1103 718 1158 et
737 1096 900 1158 continue
916 1094 1022 1159 vertit
1038 1093 1123 1157 illud
1141 1095 1175 1158 in
1193 1094 1295 1177 quale
1310 1095 1441 1159 formae

315 1207 407 1263 suae,
427 1200 586 1271 quaeest
605 1189 715 1254 forma
734 1189 826 1253 mali.
870 1188 957 1253 Inde
975 1191 1140 1272 sequitur,
1160 1191 1251 1272 quod
1271 1189 1376 1254 homo
1395 1191 1441 1254 sit

314 1283 348 1347 in
368 1282 481 1367 culpa,
500 1284 529 1347 si
548 1304 618 1348 non
637 1285 800 1350 salvatur.
847 1283 913 1348 Est
931 1285 1069 1368 quidem
1086 1284 1213 1348 malum
1233 1285 1278 1349 ab
1296 1285 1439 1360 inferno,

314 1379 376 1443 sed
395 1379 474 1462 quia
493 1378 527 1442 id
546 1379 625 1444 inde
642 1381 763 1464 recipit
782 1390 820 1444 ut
839 1399 949 1456 suum,
968 1390 1004 1445 et
1023 1401 1083 1464 per
1102 1381 1136 1443 id
1156 1381 1357 1463 appropriat
1376 1380 1442 1444 sibi

314 1474 410 1550 illud,
430 1475 509 1539 ideo
527 1476 636 1541 simile
656 1486 721 1552 est,
746 1477 819 1540 sive
838 1477 974 1540 dicatur
992 1475 1083 1560 quod
1103 1475 1231 1539 malum
1251 1477 1296 1540 sit
1314 1476 1359 1539 ab
1377 1476 1441 1540 ho·
1508 1506 1513 1518 ·

315 1572 418 1647 mine,
439 1572 511 1635 sive
532 1572 665 1637 dicatur
683 1571 775 1656 quod
794 1572 924 1636 malum
943 1573 988 1636 sit
1011 1571 1056 1636 ab
1074 1571 1215 1636 inlerno.
1260 1570 1330 1635 Sed
1350 1572 1440 1636 unde

315 1677 369 1732 est
399 1669 633 1751 appropriatio
663 1668 754 1744 mali,
779 1688 886 1750 usque
917 1667 1060 1732 tandem
1091 1677 1128 1731 ut
1158 1666 1281 1748 religio
1310 1676 1440 1750 pereat,

315 1763 452 1827 dicetur
480 1765 514 1828 in
541 1763 606 1828 hac
630 1764 716 1828 serie
729 1761 846 1846 2—(1.)
872 1759 973 1844 Quod
1001 1761 1113 1826 omnis
1135 1761 1257 1844 religio
1280 1781 1441 1826 successu

316 1860 485 1943 temporis
514 1859 694 1924 decrescat
723 1867 759 1923 et
789 1866 1058 1922 consummetur.
1106 1854 1169 1940 (2.)
1195 1855 1297 1938 Quod
1328 1857 1441 1920 omnis

316 1953 438 2036 religio
456 1956 637 2019 decrescat
655 1965 692 2018 et
712 1963 971 2019 consummetur
990 1973 1052 2036 per
1069 1953 1298 2016 inversionem
1318 1953 1441 2034 imagi·

317 2049 369 2112 nis
392 2048 458 2113 Dei
480 2049 571 2131 apud
595 2049 784 2114 hominem.
830 2048 891 2132 (3.)
917 2047 1021 2131 Quod
1044 2050 1110 2112 hoc
1134 2049 1264 2112 existat
1286 2069 1333 2111 ex
1357 2067 1441 2111 con·

316 2145 420 2208 tinuis
436 2145 661 2211 incrementis
677 2145 758 2210 mali
773 2144 971 2210 hereditarii
988 2145 1022 2208 in
1038 2143 1331 2226 generationibus.
1378 2143 1440 2226 (4.)

317 2237 421 2323 Quod
449 2261 555 2326 usque
583 2264 604 2306 a
634 2242 786 2306 Domino
816 2227 1048 2324 provideatui‚
1075 2249 1113 2304 ut
1143 2239 1286 2322 quisque
1316 2238 1450 2302 salvari

317 2337 439 2418 possit.
485 2335 546 2420 (5.)
579 2336 683 2420 Quod
712 2338 819 2401 etiam
842 2336 1077 2419 provideatur,
1103 2342 1141 2398 ut
1174 2353 1266 2398 nova
1292 2333 1441 2425 ecclesia

317 2431 396 2497 loco
415 2435 620 2498 devastatae
639 2433 758 2516 prioris
774 2432 949 2497 succedat.

380 2529 479 2612 328.
507 2527 575 2592 Sed
592 2529 677 2592 haec
694 2529 727 2592 in
746 2530 832 2592 serie
848 2527 1124 2591 demonstranda
1136 2537 1226 2591 sunt.
1273 2526 1440 2590 Primum:

320 2620 418 2699 Quod
435 2623 542 2686 omnis
565 2621 682 2705 relrgzir
700 2643 850 2686 successu
872 2623 1032 2704 temporis
1051 2622 1218 2686 decrescat
1238 2631 1271 2685 et
1291 2643 1442 2685 consum·

317 2717 519 2779 melun—In
548 2717 613 2781 hac
637 2717 759 2782 tellure
777 2719 912 2782 suerunt
937 2717 1051 2800 plures
1070 2719 1251 2791 ecclesiae,
1272 2737 1340 2780 una
1361 2726 1444 2800 post

317 2810 485 2890 alteram;
510 2831 590 2876 nam
610 2813 666 2876 ubi
684 2814 786 2877 datur
801 2834 911 2896 genus
928 2812 1126 2888 humanum,
1143 2813 1188 2876 ibi
1208 2814 1311 2876 datur
1328 2813 1444 2876 eccle·

318 2907 388 2985 sia3
413 2906 547 2971 caelum
563 2908 665 2984 enim,
679 2908 770 2992 quod
787 2920 841 2973 est
858 2908 932 2972 finis
948 2910 1144 2984 creationis,
1158 2917 1212 2972 est
1229 2929 1274 2971 ex
1290 2907 1443 2972 humano

318 3022 456 3086 genere,
481 3013 518 3068 ut
545 3024 648 3087 supra
677 3004 954 3069 demonstratum
985 3014 1060 3083 est;
1094 3014 1129 3067 et
1158 3023 1227 3067 non
1257 3003 1378 3085 aliquis
1408 3005 1442 3067 in

318 3098 452 3162 caelum
482 3101 599 3164 venire
628 3109 759 3183 potest,
788 3101 852 3164 nisi
882 3101 927 3163 sit
961 3101 994 3163 in
1028 3100 1162 3164 duobus
1196 3099 1444 3162 universalibus

319 3193 501 3284 ecclesiae,
521 3215 609 3278 quae
632 3205 713 3259 sunt
736 3215 925 3277 agnoscere
945 3195 1069 3271 Deum,
1090 3206 1126 3259 et
1149 3195 1238 3259 bene
1257 3195 1386 3269 vivere,
1405 3202 1445 3259 ut

319 3311 404 3354 mox
427 3310 530 3372 supra
554 3288 602 3373 (n.
628 3289 716 3374 326),
741 3301 920 3356 ostensum
944 3301 1009 3355 est.
1054 3291 1139 3354 Inde
1164 3291 1327 3372 sequitur,
1351 3288 1445 3370 quod

318 3387 352 3450 in
376 3385 442 3448 hac
466 3386 590 3449 tellure
610 3385 735 3450 luerint
754 3387 925 3451 ecclesiae
948 3386 991 3449 ab
1014 3386 1255 3468 antiquissimo
1274 3393 1444 3467 tempore,

319 3501 425 3564 usque
444 3481 488 3544 ad
508 3490 645 3563 tempus
661 3469 875 3545 hodiernum.
920 3480 1006 3544 Illae
1022 3479 1190 3544 ecclesiae
1206 3478 1446 3542 describuntur

318 3578 352 3642 in
373 3576 503 3652 Verbo,
524 3577 585 3640 sed
604 3596 674 3639 non
693 3575 869 3652 historice,
889 3575 993 3639 modo
1013 3573 1173 3640 Ecclesia
1192 3572 1386 3638 Israelitica
1408 3583 1446 3637 et

318 3672 479 3756 Judaica;
510 3681 715 3754 antequam
739 3683 858 3736 tamen
882 3671 995 3754 plures
1017 3671 1164 3746 luerunt,
1185 3680 1222 3733 et
1244 3668 1311 3732 hae
1334 3667 1445 3732 solum

318 3772 364 3835 ibi
383 3769 579 3853 descriptae
594 3779 674 3834 sunt
694 3790 754 3851 per
769 3770 925 3852 gentium
943 3776 980 3832 et
999 3786 1223 3850 personarum
1240 3766 1389 3841 nomina,
1409 3773 1447 3829 et

319 3889 379 3951 per
402 3868 571 3951 quaedam
601 3866 645 3930 de
675 3866 754 3931 illis.
799 3873 856 3932 [2.]
888 3854 1142 3947 Antiquissima
1164 3862 1335 3938 Ecclesia,
1356 3881 1446 3944 quae

320 3965 429 4047 prima
444 3963 518 4040 fuit,
534 3963 711 4047 descripta
728 3972 783 4026 est
798 3981 859 4043 per
875 3959 1050 4024 Adamum
1067 3968 1103 4023 et
1121 3958 1288 4023 Chaivam
1301 3975 1446 4022 uxorem

320 4057 402 4139 ejus.
451 4057 609 4124 Ecclesia
633 4079 790 4143 sequens,
814 4077 902 4140 quae
925 4056 1084 4120 Ecclesia
1107 4053 1265 4138 Antiqua
1287 4053 1448 4117 vocanda

319 4166 386 4232 est,
405 4155 580 4238 descripta
597 4166 652 4220 est
675 4177 735 4239 per
754 4153 935 4218 Noachum
958 4162 994 4217 et
1018 4161 1090 4218 tres
1110 4148 1182 4233 ejus
1201 4149 1301 4225 filios,
1321 4167 1361 4212 ac
1386 4167 1448 4231 per

319 4261 480 4335 posteros
502 4272 548 4314 ex
571 4249 662 4330 illis;
692 4250 777 4314 haec
801 4249 863 4313 luit
886 4248 1013 4332 ampla,
1033 4255 1070 4312 et
1093 4256 1245 4311 extensa
1266 4264 1327 4328 per
1349 4241 1449 4328 plura

319 4368 429 4430 regna
457 4347 710 4430 Asiae,-quae
738 4345 875 4410 fuerunt
905 4354 998 4409 terra
1028 4341 1168 4408 Canaan
1196 4343 1246 4405 cis
1279 4350 1316 4403 et
1350 4347 1448 4402 trans

319 4442 517 4525 Jordanem,
552 4440 662 4524 Syria,
697 4441 843 4523 Assyria
879 4449 916 4505 et
951 4438 1140 4513 Chaldaea,
1175 4435 1446 4519 Mesopotamia,

321 4539 519 4625 Aegyptus,
544 4538 685 4616 Arabia,
709 4539 822 4621 Tyrus
846 4548 884 4604 et
906 4536 1034 4602 Sidon:
1068 4536 1160 4619 apud
1183 4534 1247 4598 hos
1269 4532 1333 4596 luit
1357 4530 1446 4594 Ver·

320 4634 402 4699 bum
419 4645 608 4713 vetustum,
625 4637 670 4700 de
688 4657 756 4720 quo
775 4635 809 4699 in
827 4633 995 4699 Doctrina
1010 4632 1127 4697 Novae
1140 4627 1393 4711 Hr'erosolymae
1408 4623 1451 4689 de
