3418 5370
543 652 593 702 ua
617 649 1226 718 DIV1NAPROv1DENT1A.-N.324
1378 653 1442 718 275

307 825 374 892 sed
401 825 493 890 idem
516 824 627 888 adhuc
652 823 864 888 manifestius
887 821 1060 887 videbitur
1088 844 1133 886 ex
1161 823 1214 886 his
1242 823 1440 905 explicatis.

313 919 375 1005 (1.)
409 918 512 1004 Quod
535 920 647 984 omnis
669 919 776 983 homo
794 928 931 982 creatus
948 919 993 982 sit
1017 928 1053 981 ut
1077 919 1171 981 vivat
1192 918 1227 981 in
1250 927 1443 982 aeternum.

313 1015 375 1102 (2.)
408 1014 510 1100 Quod
529 1017 641 1080 omnis
660 1014 765 1079 homo
788 1024 925 1079 creatus
947 1015 992 1079 sit
1015 1024 1052 1078 ut
1080 1016 1174 1078 vivat
1204 1016 1237 1078 in
1261 1024 1443 1078 aeternum

310 1113 346 1176 in
365 1122 461 1177 statu
480 1112 596 1178 beato.
643 1109 704 1194 (3.)
739 1109 841 1192 Quod
860 1110 907 1173 sic
927 1111 1040 1174 omnis
1059 1109 1165 1173 homo
1184 1120 1320 1174 creatus
1339 1111 1383 1173 sit
1401 1121 1443 1173 ut

311 1208 346 1272 in
372 1207 506 1271 caelum
524 1207 652 1270 veniat.
702 1204 763 1289 (4.)
796 1204 899 1289 Quod
927 1204 1072 1268 Divinus
1095 1204 1207 1269 Amor
1235 1225 1305 1268 non
1328 1207 1443 1289 possit

311 1302 411 1366 aliter
429 1322 530 1386 quam
554 1301 589 1365 id
611 1300 713 1378 velle,
733 1311 769 1365 et
792 1301 885 1385 quod
904 1299 1031 1365 Divina
1049 1298 1224 1384 Sapientia
1242 1321 1311 1364 non
1328 1301 1443 1384 possit

311 1397 412 1463 aliter
430 1419 532 1482 quam
551 1396 585 1460 id
609 1397 799 1480 providere.

374 1508 473 1577 324.
504 1490 676 1576 Quoniam
696 1513 741 1556 ex
761 1493 814 1557 his
830 1512 966 1576 quoque
984 1492 1091 1557 videri
1110 1502 1241 1574 potest,
1264 1493 1356 1576 quod
1377 1493 1443 1557 Di·

311 1588 392 1652 vina
410 1588 631 1653 Providentia
650 1607 719 1651 non
738 1589 784 1652 sit
799 1587 868 1652 alia
883 1588 1157 1671 praedestinatio
1176 1609 1279 1671 quam
1297 1590 1341 1653 ad
1359 1610 1440 1653 cae·

313 1683 395 1760 lum,
415 1693 452 1746 et
472 1684 564 1766 quod
583 1703 646 1748 nec
670 1684 704 1746 in
722 1683 824 1747 aliam
844 1683 968 1746 mutari
988 1684 1108 1764 possit,
1130 1685 1440 1748 demonstrandum

311 1779 366 1843 hic
383 1788 446 1852 est,
460 1780 552 1862 quod
569 1778 644 1843 finis
661 1779 846 1842 creationis
862 1779 907 1841 sit
924 1778 1057 1842 caelum
1074 1799 1119 1842 ex
1136 1779 1286 1842 humano
1298 1799 1438 1860 genere,

311 1875 346 1938 in
366 1876 545 1956 proposito
568 1875 698 1938 ordine.
745 1873 913 1938 Primum:
948 1871 1045 1951 Quod
1065 1875 1172 1938 omnis
1194 1873 1440 1938 homocreatus

311 1969 360 2033 sit
372 1979 410 2032 ut
423 1969 519 2033 vz'rrat
532 1969 568 2032 in
583 1979 762 2034 aeternum.
807 1969 847 2032 In
864 1966 1100 2033 transactione
1115 1969 1166 2032 De
1176 1969 1301 2033 Divino
1312 1970 1445 2056 Amore

310 2074 345 2130 et
357 2063 485 2128 Divina
501 2064 689 2147 Saptintia,
708 2065 810 2129 Parte
826 2063 947 2130 Tertia
962 2073 998 2128 et
1019 2062 1160 2146 Quinta,
1178 2077 1357 2130 ostensum
1373 2075 1442 2141 est,

312 2160 404 2243 quod
428 2161 518 2242 apud
548 2161 723 2225 hominem
746 2162 816 2225 sint
849 2170 920 2224 tres
949 2161 1077 2241 gradus
1106 2162 1209 2234 vitae,
1229 2163 1285 2244 qui
1310 2181 1442 2226 vocan-

311 2264 369 2320 tur
391 2255 569 2332 naturalis,
593 2255 792 2340 spiritualis,
816 2266 853 2321 et
876 2256 1049 2331 caelestis,
1069 2265 1105 2320 et
1133 2258 1224 2339 quod
1255 2257 1290 2320 hi
1312 2258 1445 2340 gradus

311 2348 495 2415 adtualiter
512 2351 604 2436 apud
624 2353 886 2436 unumquemvis
906 2353 996 2430 sint;
1028 2361 1065 2416 et
1087 2353 1179 2435 quod
1198 2353 1290 2434 apud
1308 2352 1445 2416 bestias

311 2465 382 2510 non
401 2447 447 2511 sit
467 2447 531 2510 nisi
547 2466 649 2530 quam
666 2469 752 2510 unus
767 2447 895 2529 gradus
912 2449 1015 2521 vitae,
1032 2448 1088 2529 qui
1107 2458 1162 2511 est
1181 2448 1300 2511 similis
1317 2449 1445 2512 ultimo

312 2542 434 2625 gradui
450 2542 542 2625 apud
561 2543 748 2618 hominem,
768 2545 824 2626 qui
843 2553 987 2606 vocatur
1006 2543 1182 2606 naturalis.
1223 2543 1279 2606 Ex
1299 2565 1366 2626 quo
1385 2565 1443 2606 se·-

313 2639 438 2721 quitur‚
459 2638 551 2721 quod
569 2638 675 2702 homo
698 2659 758 2722 per
780 2638 1011 2702 elevationem
1031 2638 1123 2701 vitae
1145 2659 1227 2702 suae
1251 2641 1294 2701 ad
1319 2638 1446 2702 Domi·-

312 2751 393 2796 num
413 2731 459 2797 sit
479 2754 560 2816 prae
577 2733 699 2797 bestiis
718 2735 751 2797 in
771 2733 832 2797 illo
847 2743 953 2808 statu,
973 2743 1011 2797 ut
1031 2734 1139 2815 possit
1155 2733 1351 2816 intelligere
1368 2733 1446 2800 tale:

312 2827 405 2912 quod
423 2828 569 2892 Divinae
585 2828 794 2910 Sapientiae,
811 2849 851 2893 ac
868 2828 960 2892 velle
976 2828 1048 2892 tale
1064 2829 1155 2912 quod
1173 2828 1287 2893 Divini
1300 2828 1447 2894 Amoris

313 2934 380 3000 est,
398 2925 448 2988 ita
465 2924 628 2988 Divinum
644 2927 816 3007 recipere;
841 2935 877 2988 et
893 2925 950 3009 qui
966 2924 1127 2988 Divinum
1144 2927 1294 3008 recipere
1310 2937 1440 3009 potest,

312 3020 363 3085 ita
380 3030 418 3084 ut
436 3022 555 3086 videat
574 3031 610 3084 et
627 3023 793 3104 percipiat
813 3019 898 3084 illud
917 3022 950 3085 in
971 3041 1018 3096 se,
1038 3020 1097 3084 ille
1117 3042 1186 3084 non
1207 3031 1321 3102 potest
1341 3023 1447 3086 aliter

313 3133 417 3198 quam
432 3114 634 3199 conjunctus
651 3115 802 3180 Domino
818 3137 905 3188 esse,
923 3127 959 3180 et
976 3137 1036 3198 per
1052 3115 1329 3198 conjundtionem
1345 3118 1443 3182 illam

312 3213 428 3275 vivere
443 3213 477 3275 in
494 3223 684 3276 aeternum.
732 3218 789 3278 [2.l
813 3210 904 3293 Quid
925 3211 1093 3274 Dominus
1109 3231 1186 3275 cum
1203 3214 1296 3276 omni
1315 3215 1445 3277 creati-

313 3327 380 3372 one
394 3309 553 3384 universi,
568 3309 630 3370 nisi
644 3309 749 3372 etiam
763 3309 950 3370 creavisset
968 3308 1135 3389 imagines
1151 3317 1186 3371 et
1203 3308 1447 3373 similitudines

313 3400 383 3476 Sui,
405 3404 525 3486 quibus
544 3403 799 3466 communicare
818 3403 928 3485 possit
952 3422 1049 3465 suum
1070 3402 1257 3465 DIvinum?
1302 3402 1445 3487 Alioqui

314 3499 394 3580 quid
413 3498 499 3562 soret
518 3497 610 3562 aliud
630 3517 732 3581 quam
751 3497 862 3561 iacere
882 3507 920 3561 ut
942 3498 1069 3581 aliquid
1089 3499 1133 3562 sit
1157 3507 1192 3562 et
1217 3518 1286 3562 non
1305 3499 1361 3573 sit,
1382 3521 1446 3563 seu

313 3602 353 3658 ut
379 3593 508 3677 aliquid
528 3595 662 3658 existat
685 3603 722 3656 et
745 3612 815 3655 non
833 3593 977 3668 existat,
998 3593 1063 3657 hoc
1088 3613 1157 3658 non
1180 3605 1322 3675 propter
1337 3594 1445 3668 aliud,

314 3707 418 3772 quam
436 3701 474 3754 ut
493 3698 612 3773 posset
634 3711 653 3754 e
677 3689 868 3772 longinquo
886 3688 1116 3772 contemplari
1139 3709 1252 3753 meras
1271 3691 1442 3755 vicissitu-

313 3784 425 3860 dines,
443 3805 482 3848 ac
499 3787 682 3850 continuas
700 3786 910 3848 variationes
927 3785 1014 3848 sicut
1029 3804 1131 3868 super
1147 3786 1262 3868 aliquo
1277 3785 1447 3851 theatro?

315 3876 409 3962 Quid
428 3880 591 3944 Divinum
612 3882 645 3944 in
665 3879 744 3952 illis,
765 3881 828 3944 nisi
847 3880 960 3944 forent
981 3890 1122 3964 propter
1142 3881 1257 3957 finem,
1278 3891 1314 3946 ut
1335 3883 1445 3946 inser·

314 3976 427 4039 virent
447 3973 607 4057 subjectis
625 3997 712 4060 quae
733 3975 896 4040 Divinum
915 3978 1098 4058 recipirent
1118 3978 1267 4061 propius,
1288 3999 1327 4041 ac
1347 3979 1445 4042 vide·
1553 3983 1557 3990 '

314 4081 392 4135 rent
416 4081 453 4135 et
481 4073 652 4136 sentirent
674 4071 734 4135 id?
776 4070 825 4135 Et
850 4073 927 4155 quia
947 4071 1110 4136 Divinum
1131 4082 1187 4137 est
1215 4073 1447 4137 inexhaustae

313 4167 458 4248 gloriae,
476 4187 557 4231 num
577 4169 610 4232 id
631 4168 721 4251 apud
738 4188 775 4230 se
796 4167 906 4232 solum
927 4168 1103 4242 retineret,
1124 4178 1159 4234 et
1180 4189 1259 4232 num
1279 4169 1344 4233 hoc
1362 4191 1444 4253 pos-

314 4265 394 4329 set?
439 4265 551 4330 Amor
577 4267 668 4330 enim
697 4267 770 4329 vult
799 4286 897 4330 suum
919 4267 1174 4330 communicare
1201 4268 1313 4342 alteri,
1338 4268 1447 4330 immo

313 4359 398 4425 dare
415 4382 460 4425 ex
476 4382 537 4424 suo
549 4372 716 4445 quantum
731 4371 857 4444 potest.
904 4361 996 4445 Quid
1011 4383 1080 4426 non
1095 4362 1238 4426 Divinus
1252 4361 1373 4436 Amor,
1387 4364 1446 4446 qui

314 4468 370 4521 est
382 4455 559 4521 infinitus?
597 4458 686 4520 Num
699 4457 780 4520 dare
794 4468 910 4539 potest
924 4468 959 4520 et
973 4479 1086 4521 rursus
1097 4459 1227 4522 auferre
1241 4457 1253 4520 ?
1294 4459 1446 4522 Foretne

313 4551 380 4617 hoc
404 4553 488 4618 dare
511 4553 604 4637 quod
629 4555 815 4637 periturum
838 4553 919 4618 est?
946 4555 1036 4637 quod
1061 4555 1154 4618 intus
1178 4556 1211 4618 in
1236 4577 1273 4618 se
1297 4575 1364 4617 non
1390 4569 1445 4619 est

310 4648 456 4732 aliquid,
480 4651 558 4732 quia
578 4670 654 4713 cum
676 4652 764 4732 perit
784 4649 821 4713 fit
842 4649 937 4723 nihil,
958 4669 1026 4712 non
1047 4661 1100 4712 est
1122 4649 1186 4713 Est
1206 4652 1238 4712 in
1258 4651 1329 4713 illo.
1375 4650 1446 4714 Sed
