3426 5382
320 640 382 704 116
670 645 876 698 sensuam
899 647 1096 701 suosmet

318 823 489 907 captionis
512 830 549 888 et
572 821 809 906 cogitationis.
854 821 921 888 Est
944 821 1089 889 a8tualis
1112 824 1301 890 illustratio
1323 847 1343 890 a
1369 825 1448 890 luce

318 919 499 1004 spirituali,
516 919 577 984 sed
594 921 669 1001 ipsa
687 917 876 983 illustratio
895 920 940 983 ab
957 920 1018 984 illa
1037 920 1113 986 luce
1133 941 1203 986 non
1219 931 1365 1006 apparet
1384 922 1448 986 ali-

318 1017 372 1079 cui
401 1017 435 1080 in
459 1015 589 1078 mundo
612 1014 774 1091 naturali,
794 1015 874 1098 quia
897 1015 958 1078 lux
981 1016 1148 1080 naturalis
1172 1037 1241 1081 non
1265 1036 1448 1082 commune

317 1111 425 1177 habet
444 1131 521 1177 cum
541 1110 616 1175 luce
635 1110 802 1193 spirituali
817 1132 832 1190 ;‘
850 1112 911 1174 sed
930 1112 1119 1177 illustratio
1136 1111 1197 1177 illa
1215 1113 1297 1178 mihi
1313 1114 1454 1197 aliquo··

318 1210 384 1272 ties
404 1209 562 1292 apparuit
592 1208 627 1271 in
652 1206 781 1271 mundo
805 1208 988 1291 spirituali,
1012 1209 1087 1273 visa
1109 1210 1200 1293 apud
1223 1210 1303 1274 illos
1327 1213 1383 1295 qui
1412 1211 1446 1275 in

318 1305 550 1370 illustratione
577 1325 598 1368 a
625 1303 777 1369 Domino
799 1304 949 1382 fuerunt,
973 1305 1063 1370 sicut
1087 1305 1295 1372 luminosum
1319 1308 1447 1372 circum

318 1412 434 1484 caput,
454 1399 601 1466 rutilans
620 1401 737 1466 colore
756 1401 853 1465 laciei
872 1400 1052 1466 humanae.
1099 1402 1204 1486 Apud
1229 1403 1307 1467 illos
1329 1413 1448 1468 autem

318 1498 375 1581 qui
393 1499 428 1563 in
447 1497 680 1563 illustratione
698 1519 719 1562 a
737 1507 850 1562 semet
869 1497 1016 1574 fuerunt,
1034 1501 1191 1582 apparuit
1211 1499 1282 1563 tale
1298 1499 1447 1563 lumino·

317 1611 393 1657 sum
413 1615 483 1658 non
501 1595 629 1658 circum
648 1602 763 1678 caput,
783 1593 844 1658 sed
863 1594 991 1657 circum
1008 1614 1047 1658 os
1066 1604 1102 1658 et
1121 1615 1223 1678 supra
1241 1605 1407 1660 mentum.

383 1701 478 1773 17⁰.
509 1690 649 1754 Praeter
667 1689 730 1754 has
749 1689 1001 1754 illustrationes
1019 1690 1122 1755 datur
1140 1693 1245 1756 etiam
1264 1691 1334 1756 alia
1350 1691 1447 1755 illus·

316 1785 434 1860 tratio,
455 1803 516 1868 per
537 1804 640 1869 quam
664 1784 835 1849 revelatur
851 1785 994 1862 homini,
1014 1785 1048 1849 in
1071 1807 1139 1870 qua
1162 1784 1239 1861 fide,
1264 1786 1356 1850 et-in
1380 1807 1447 1871 qua

318 1880 554 1963 intelligentia
572 1890 609 1945 et
632 1881 805 1964 sapientia
823 1890 901 1961 est;
925 1901 1012 1966 quae
1031 1880 1200 1946 revelatio
1217 1883 1308 1947 talia»
1322 1891 1388 1960 est,
1408 1893 1447 1948 ut

318 1980 392 2062 ipse
421 1980 455 2044 id
485 1981 520 2044 in
550 1999 587 2043 se
610 1979 785 2063 percipiat.
832 1979 986 2045 Mittitur
1010 1977 1068 2043 ille
1097 1981 1131 2044 in
1156 1981 1360 2046 societatem
1390 1979 1447 2044 ubi

317 2076 468 2158 genuina
485 2073 568 2139 fides
585 2085 651 2152 est,
669 2085 704 2140 et
722 2076 778 2139 ubi
797 2095 879 2140 vera
896 2075 1133 2157 intelligentia
1151 2085 1187 2140 et
1204 2072 1445 2160 sapientia,·ac

318 2172 472 2256 aperitur
494 2171 541 2236 ibi
564 2171 705 2236 interior
727 2169 799 2254 ejus
822 2171 1052 2246 rationalitas,
1072 2192 1119 2235 ex
1141 2191 1208 2256 qua
1230 2172 1325 2236 videt
1346 2190 1445 2236 suam

318 2266 433 2342 fidem,
453 2288 492 2332 ac
513 2288 608 2331 suam
627 2265 896 2349 intelligentiam
916 2277 952 2332 et
976 2269 1194 2349 sapientiam,
1214 2266 1333 2351 quales
1352 2277 1445 2344 sunt,

318 2384 426 2447 usque
445 2366 488 2428 ad
513 2365 739 2447 agnitionem.
784 2361 866 2427 Vidi
885 2364 1053 2448 quosdam
1077 2365 1157 2428 inde
1176 2365 1384 2443 redeuntes;
1409 2373 1446 2428 et

318 2463 432 2524 audivi
449 2461 599 2524 latentes
612 2459 704 2544 quod
720 2459 788 2523 illis
799 2459 883 2524 nihil
895 2458 974 2523 fidei
986 2460 1098 2534 luerit,
1110 2461 1250 2524 tametsi
1266 2461 1301 2524 in
1314 2459 1447 2526 mundo

318 2559 538 2622 crediderunt
564 2577 601 2620 se
624 2556 769 2621 multam
801 2565 836 2620 et
865 2575 947 2638 prae
970 2554 1046 2618 aliis
1069 2556 1240 2638 insignem
1264 2555 1445 2633 habuisse;

318 2654 476 2718 similiter
495 2655 538 2717 de
557 2673 619 2717 sua
635 2652 868 2736 intelligentia
884 2661 918 2716 et
936 2653 1117 2735 sapientia.
1164 2650 1316 2716 Fuerunt
1335 2652 1392 2736 qui
1410 2652 1445 2715 in

318 2747 386 2811 fide
399 2759 568 2831 separata,
581 2757 617 2813 et
632 2748 666 2813 in
684 2747 779 2812 nulla
792 2747 976 2823 charitate,
988 2758 1023 2812 et
1040 2749 1096 2831 qui
1112 2748 1146 2811 in
1162 2747 1300 2830 propria
1315 2746 1444 2812 intelli·

317 2847 448 2928 gentia.

384 2953 472 3024 171.
497 2939 571 3026 (iv.)
598 2939 696 3020 Quod
709 2939 804 3006 homo
826 2963 849 3006 a
870 2939 1013 3005 Domino
1028 2940 1185 3005 doceatur
1200 2951 1265 3022 per
1290 2937 1443 3018 Verbum,

318 3037 506 3102 delirinam
521 3047 553 3102 et
569 3036 839 3120 praedicationes
855 3057 899 3100 ex
915 3035 983 3112 illo,
996 3046 1028 3099 et
1046 3037 1094 3101 sic
1111 3035 1301 3100 immediate
1308 3057 1351 3099 ex
1361 3036 1442 3118 Ipso

319 3133 552 3218 sola-Supra
572 3131 700 3198 didium
724 3145 760 3198 et
788 3143 967 3198 ostensum
990 3142 1055 3206 est,
1080 3131 1173 3215 quod
1195 3132 1301 3196 homo
1323 3151 1343 3196 a
1369 3131 1445 3196 solo

321 3231 470 3296 Domino
490 3232 634 3294 ducatur
653 3240 689 3295 et
712 3230 890 3305 doceatur,
911 3237 947 3292 et
965 3227 1058 3311 quod
1081 3248 1100 3290 e
1119 3227 1217 3292 caelo
1236 3237 1272 3290 et
1296 3247 1365 3291 non
1384 3247 1446 3310 per

320 3331 465 3402 caelum,
484 3341 542 3394 aut
562 3351 623 3414 per
642 3330 791 3412 aliquem
810 3324 973 3409 angelum
993 3324 1058 3388 ibi:
1084 3335 1120 3388 et
1140 3324 1217 3407 quia
1236 3343 1256 3386 a
1275 3323 1352 3386 solo
1371 3321 1444 3387 Do·

321 3429 413 3490 mino
437 3428 571 3501 dicitur,
597 3427 749 3510 sequitur
771 3424 864 3508 quod
890 3420 1090 3486 immediate
1121 3429 1157 3485 et
1188 3439 1258 3483 non
1281 3419 1443 3483 mediate.

320 3519 388 3585 Sed
409 3523 584 3605 quomodo
602 3522 668 3585 hoc
689 3520 737 3596 fit,
756 3540 845 3585 nunc
865 3519 1008 3583 dicetur.

384 3633 474 3702 172.
520 3617 558 3680 In
591 3616 755 3680 Doc‘iriua
785 3615 901 3678 Novae
915 3611 1168 3695 liberosolymae
1196 3611 1238 3676 de
1267 3610 1446 3694 Scriptura

320 3713 429 3780 Sacra
447 3723 627 3776 ostensum
652 3723 714 3784 est,
737 3711 826 3794 quod
852 3710 1020 3773 Dominus
1044 3710 1089 3773 sit
1109 3707 1274 3782 Verbum,
1294 3718 1330 3773 et
1352 3707 1445 3791 quod

318 3812 431 3874 omnis
455 3806 612 3872 dottrina
635 3808 803 3871 ecclesiae
826 3828 871 3869 ex
891 3804 1010 3868 Verbo
1032 3804 1222 3868 haurienda
1244 3805 1301 3867 sit.
1346 3801 1444 3867 Nunc

318 3907 398 3988 quia
414 3905 583 3968 Dominus
601 3915 652 3967 est
671 3902 836 3976 Verbum,
854 3902 1018 3985 sequitur,
1036 3900 1127 3983 quod
1143 3898 1249 3962 homo
1265 3899 1322 3982 qui
1341 3899 1445 3962 doce·

318 4012 375 4064 tur
388 4023 432 4064 ex
446 3999 575 4075 Verbo,
587 4002 754 4064 doceatur
769 4021 788 4061 a
802 3997 877 4061 solo
889 3996 1048 4060 Domino.
1094 3993 1162 4060 Sed
1174 3996 1252 4078 quia
1264 3994 1330 4059 hoc
1342 4013 1447 4077 aegre

319 4096 635 4179 comprehenditur,
660 4095 888 4158 illustrabitur
917 4094 949 4154 in
980 4091 1045 4155 hoc
1070 4092 1200 4154 ordine.
1247 4089 1308 4174 (1.)
1344 4088 1446 4174 Quod

320 4193 490 4258 Dominus
507 4195 551 4256 sit
568 4188 733 4263 Verbum,
749 4191 826 4273 quia
838 4189 992 4252 Verbum
1009 4197 1064 4251 est
1081 4188 1125 4251 ab
1141 4187 1223 4272 Ipso
1239 4198 1276 4253 et
1295 4188 1338 4252 de
1355 4187 1446 4273 lpso.

320 4288 384 4374 (2.)
410 4289 456 4352 Et
476 4290 554 4372 quia
573 4298 626 4351 est
647 4287 807 4350 Divinum
825 4285 955 4349 Verum
976 4284 1091 4348 Divini
1112 4283 1208 4348 Boni.
1257 4283 1317 4368 (3.)
1343 4281 1445 4366 Quod

317 4387 369 4450 sic
390 4407 434 4449 ex
452 4385 571 4450 Verbo
588 4384 716 4457 doceri,
734 4385 778 4446 sit
799 4405 843 4446 ex
864 4383 954 4465 Ipso.
1003 4378 1064 4462 (4.)
1090 4379 1137 4443 Et
1154 4382 1243 4463 quod
1262 4379 1320 4445 fiat
1337 4382 1445 4446 medi·

316 4490 376 4545 ate
396 4500 455 4563 per
468 4481 756 4561 praedicationes,
776 4477 867 4562 quod
887 4497 955 4541 non
973 4476 1075 4540 tollat
1095 4476 1342 4539 immediatum.
1388 4481 1446 4544 [2.]

320 4576 453 4641 Primo:
482 4573 579 4652 Quod
597 4575 760 4638 Dominus
779 4573 826 4639 sit
849 4571 1003 4648 Verbum,
1023 4572 1103 4654 quia
1124 4580 1175 4634 est
1197 4570 1238 4634 ab
1261 4571 1341 4652 Ipso
1358 4571 1448 4636 etde

317 4671 410 4752 Ipso.
456 4667 559 4753 Quod
578 4669 734 4736 Verbum
753 4671 798 4734 sit
817 4691 838 4733 a
862 4668 1023 4745 Domino,
1043 4689 1064 4732 a
1087 4667 1223 4732 nemine
1243 4677 1389 4749 negatur
1412 4667 1447 4730 in
