3448 5374
349 661 410 730 170
693 653 898 707 samaram
919 654 1116 707 ANGELICA

345 850 438 907 num,
456 830 517 894 sed
533 829 577 892 ad
593 829 703 912 ipsam
715 826 900 912 loquelam,
914 846 990 892 cum
1003 837 1122 892 tamen
1134 825 1268 892 affectio
1280 829 1315 893 in
1328 831 1466 914 cogita·

345 927 440 990 tione
460 924 617 989 similiter
640 922 802 986 sehabet
822 924 911 987 sicut
930 942 1034 985 sonus
1057 923 1091 986 in
1110 922 1265 1005 loquela;
1297 945 1401 1008 quare
1420 945 1465 992 ex

345 1041 432 1085 sono
444 1020 619 1105 loquentis
631 1020 854 1102 cognoscitur
863 1015 999 1083 affectio
1010 1017 1092 1100 ejus,
1104 1027 1140 1082 et
1157 1039 1202 1082 ex
1220 1018 1357 1102 loquela
1368 1022 1465 1104 cogi·

345 1117 434 1181 tatio
457 1113 537 1197 ejus.
583 1111 685 1196 Quod
709 1109 845 1178 aisedtio
874 1112 920 1177 sit
949 1112 1151 1189 voluntatis,
1175 1123 1230 1178 est
1252 1115 1329 1198 quia
1353 1117 1467 1180 omnis

344 1208 480 1275 affectio
492 1217 546 1274 est
559 1208 698 1284 amoris,
711 1217 747 1272 et
763 1209 890 1272 amoris
902 1206 1156 1290 receptaculum
1170 1218 1222 1272 est
1240 1208 1412 1286 voluntas,
1427 1220 1465 1277 ut

344 1325 446 1388 supra
462 1314 641 1368 ostensum
658 1311 721 1367 est.
768 1299 834 1385 Qui
852 1322 919 1367 non
936 1304 1001 1367 scit
1019 1305 1109 1386 quod
1129 1300 1263 1367 affectio
1281 1305 1325 1368 sit
1342 1304 1465 1369 volun·

344 1402 440 1475 tatis,
469 1400 648 1463 confundit
674 1396 890 1462 affectionem
917 1419 993 1462 cum
1024 1395 1223 1477 intellectu3
1260 1399 1341 1463 dicit
1373 1401 1464 1466 enim

345 1513 448 1557 unum
467 1515 542 1558 esse
561 1513 637 1557 cum
657 1494 882 1574 cogitatione,
903 1501 939 1556 at
958 1514 1061 1576 usque
1083 1514 1150 1556 non
1169 1513 1272 1556 unum
1291 1503 1382 1571 sunt,
1402 1493 1464 1560 sed

344 1598 382 1653 ut
398 1607 500 1652 unum
515 1598 633 1672 agunt.
679 1586 781 1670 Quod
795 1587 1058 1664 confundantur,
1073 1599 1170 1671 patet
1186 1609 1206 1650 a
1223 1591 1394 1654 communi
1410 1588 1463 1654 lo·

343 1683 455 1768 quela,
480 1684 572 1768 quod
595 1684 739 1758 dicatur,
762 1682 870 1747 “Hoc
895 1685 1013 1766 cogito
1040 1682 1182 1760 facere,”
1204 1682 1269 1748 hoc
1293 1694 1358 1762 est,
1384 1684 1463 1751 Hoc

342 1778 425 1844 volo
440 1778 575 1857 facere3
599 1778 690 1863 quod
703 1788 819 1842 autem
836 1779 904 1842 duo
921 1780 1001 1854 sint,
1016 1788 1115 1860 patet
1132 1779 1238 1842 etiam
1254 1799 1274 1842 a
1290 1779 1465 1846 communi

342 1872 491 1958 loquela,
509 1874 601 1958 quod
618 1874 762 1949 dicatur,
783 1872 869 1936 “De
886 1872 950 1938 hac
970 1895 1005 1938 re
1022 1874 1102 1938 volo
1115 1874 1271 1957 cogitare
1284 1873 1311 1953 ;'’
1334 1884 1369 1938 et
1387 1891 1465 1942 cum

343 1968 388 2034 de
409 1968 469 2033 illa
491 1969 637 2052 cogitat,
657 1970 748 2032 inest
771 1966 906 2033 affectio
924 1968 1116 2033 voluntatis
1134 1969 1340 2051 cogitationi
1359 1967 1464 2031 intel-

341 2061 463 2141 lectus,
487 2065 576 2129 sicut
599 2085 704 2128 sonus
726 2065 816 2129 inest
841 2064 1010 2149 loquelae,
1034 2073 1072 2128 ut
1098 2062 1225 2129 dictum
1249 2073 1313 2128 est.
1360 2063 1465 2147 Quod

342 2160 458 2223 omnia
481 2161 632 2243 corporis
656 2179 692 2223 se
715 2160 864 2223 reserant
887 2160 931 2222 ad
955 2179 1015 2224 cor
1044 2169 1081 2224 et
1107 2159 1316 2244 pulmonem,
1341 2170 1463 2226 notum

341 2263 417 2334 est;
441 2255 502 2319 sed
521 2256 613 2340 quod
629 2255 936 2337 correspondentia
951 2255 997 2320 sit
1012 2254 1126 2319 cordis
1141 2264 1177 2319 et
1196 2255 1368 2339 pulmonis
1385 2274 1464 2321 cum

340 2348 525 2416 voluntate
547 2359 583 2414 et
606 2347 798 2425 intellectu,
819 2369 888 2415 non
911 2357 1033 2415 notum
1055 2358 1121 2426 est,
1145 2370 1250 2434 quare
1272 2350 1316 2414 de
1338 2350 1404 2416 hac
1426 2369 1465 2420 re

340 2445 376 2510 in
394 2445 618 2531 sequentibus
636 2455 769 2528 agetur.

404 2555 500 2625 373.
525 2539 696 2624 Quoniam
709 2540 872 2604 voluntas
888 2549 924 2605 et
939 2537 1138 2605 intellectus
1150 2549 1230 2605 sunt
1242 2539 1464 2624 receptacula

341 2635 467 2699 amoris
483 2645 519 2700 et
538 2637 739 2719 sapientiae,
758 2635 836 2699 ideo
852 2644 931 2699 sunt
949 2636 1009 2700 illa
1025 2637 1103 2711 duo,
1120 2635 1250 2700 formae
1266 2637 1461 2719 organicae,

341 2749 401 2794 seu
415 2727 545 2794 formae
564 2752 609 2794 ex
626 2731 812 2813 purissimis
829 2731 1030 2795 substantiis
1046 2732 1290 2814 organizatae;
1314 2741 1351 2795 ut
1370 2733 1462 2798 enim

341 2825 562 2907 receptacula
577 2828 657 2901 sint,
672 2836 772 2890 erunt
790 2826 889 2890 tales.
934 2825 1013 2890 Non
1030 2827 1160 2903 obstat,
1174 2826 1265 2910 quod
1282 2829 1462 2908 organiza-

340 2920 391 2985 tio
406 2918 542 2984 illorum
562 2941 630 2984 non
649 2929 770 3003 pateat
786 2939 902 2984 coram
919 2920 1040 2999 oculo;
1070 2931 1125 2985 est
1143 2921 1234 2984 intra
1252 2920 1323 3002 ejus
1339 2922 1460 3000 visum,

340 3015 446 3080 etiam
459 3015 656 3081 exaltatum
672 3035 733 3099 per
748 3017 982 3098 microscopia.
1028 3015 1125 3080 Intra
1138 3017 1247 3079 visum
1263 3018 1368 3080 etiam
1381 3025 1462 3084 sunt

341 3111 481 3176 minima
496 3108 638 3188 insecta,
655 3111 689 3175 in
709 3111 830 3194 quibus
846 3113 952 3177 etiam
968 3121 1050 3176 sunt
1066 3112 1219 3177 sensoria
1237 3120 1273 3176 et
1292 3113 1460 3192 motoria3

340 3206 496 3272 sentiunt
505 3208 607 3283 enim,
619 3226 659 3271 ac
673 3206 876 3289 gradiuntur
888 3216 924 3271 et
936 3205 1076 3271 volant:
1096 3207 1187 3290 quod
1200 3207 1305 3271 etiam
1315 3207 1382 3271 illis
1392 3209 1462 3275 sint

341 3302 492 3377 cerebra,
517 3303 631 3377 corda,
653 3301 788 3365 fistulae
812 3302 1042 3386 pulmonares,
1066 3302 1209 3378 viscera,
1231 3323 1277 3366 ex
1298 3312 1460 3368 anatome

340 3397 475 3463 illorum
492 3418 553 3481 per
563 3397 1065 3480 microsopiaaperspicacibus
1077 3394 1253 3461 detectum
1264 3407 1328 3463 est.
1374 3396 1460 3464 Cum

340 3494 416 3575 ipsa
430 3489 597 3557 insedtula
609 3512 678 3556 non
691 3502 813 3574 patent
826 3511 941 3557 coram
954 3493 1039 3568 visu,
1053 3501 1089 3557 et
1102 3493 1213 3555 minus
1225 3493 1336 3558 adhuc
1349 3495 1460 3558 visce-

341 3587 415 3652 rula
430 3607 475 3652 ex
492 3588 623 3670 quibus,
640 3597 676 3652 et
693 3608 759 3651 non
775 3596 920 3670 negatur
935 3588 1015 3671 quin
1030 3586 1090 3652 illa
1106 3608 1212 3670 usque
1224 3589 1268 3652 ad
1280 3589 1415 3672 singula
1426 3590 1461 3656 in

341 3681 408 3746 illis
435 3692 626 3762 organzata
641 3691 733 3756 sunt,
754 3683 928 3766 quomodo
946 3692 1028 3746 tunc
1047 3683 1114 3747 dici
1133 3691 1263 3765 potest,
1280 3685 1371 3768 quod
1390 3703 1461 3749 non

340 3777 421 3840 bina
439 3775 661 3857 receptacula
679 3779 804 3841 amoris
823 3786 858 3841 et
880 3777 1081 3860 sapientiae,
1102 3798 1190 3861 quae
1208 3788 1377 3843 vocantur
1398 3799 1461 3844 vo·

340 3872 457 3936 luntas
481 3879 517 3934 et
543 3868 751 3947 intellectus,
776 3871 905 3935 formae
928 3872 1113 3955 organicae
1136 3873 1229 3936 sint?
1275 3870 1461 3955 Quomodo

341 3975 460 4052 potest
478 3984 576 4030 amor
594 3976 630 4030 et
648 3967 828 4049 sapientia,
845 3988 932 4050 quae
952 3975 1032 4030 sunt
1050 3969 1122 4031 vita
1141 3988 1161 4030 a
1179 3967 1340 4043 Domino,
1358 3987 1462 4050 agere

340 4065 375 4128 in
395 4082 463 4128 non
483 4059 682 4144 subjectum,
702 4071 760 4126 aut
783 4063 817 4126 in
841 4063 968 4147 aliquid
987 4062 1079 4146 quod
1098 4083 1167 4126 non
1186 4063 1462 4128 substantialiter

341 4157 487 4224 existit?
531 4155 715 4239 Quomodo
738 4158 864 4242 alioqui
887 4166 1003 4240 potest
1025 4158 1194 4239 cogitatio
1216 4158 1404 4233 inhaerere,
1423 4166 1461 4224 et

341 4253 461 4337 aliquis
480 4273 526 4318 ex
543 4253 758 4334 cogitatione
773 4271 842 4319 non
862 4253 1064 4317 inhaerente
1080 4253 1194 4336 loqui?
1238 4253 1349 4317 Estne
1366 4273 1459 4318 cere·

340 4349 450 4422 brum,
475 4348 530 4410 ubi
553 4349 722 4430 cogitatio
745 4349 877 4422 existit,
901 4348 1051 4430 plenum,
1076 4356 1111 4410 et
1142 4349 1391 4430 unumquodvis
1413 4347 1461 4412 ibi

342 4443 601 4524 organizatumi
653 4443 753 4526 Ipsae
782 4443 910 4507 formae
939 4445 1123 4526 organicae
1153 4443 1199 4506 ibi
1229 4463 1344 4506 coram
1368 4445 1460 4508 nudo

342 4536 443 4602 oculo
461 4539 567 4601 etiam
589 4547 769 4620 apparent,
787 4547 822 4601 et
840 4548 1023 4602 exstanter
1040 4539 1073 4602 in
1094 4538 1288 4602 substantia
1307 4538 1460 4604 corticali

234 4631 238 4642 '
341 4632 561 4715 receptacula
578 4634 769 4698 voluntatis
788 4642 824 4697 et
842 4631 1040 4698 intellectus
1059 4636 1092 4697 in
1112 4635 1285 4717 principiis
1304 4635 1384 4711 suis,
1403 4633 1461 4700 ubi
