<?xml version="1.0" encoding="UTF-8"?>
<!DOCTYPE html PUBLIC "-//W3C//DTD XHTML 1.0 Transitional//EN"
    "http://www.w3.org/TR/xhtml1/DTD/xhtml1-transitional.dtd">
<html xmlns="http://www.w3.org/1999/xhtml" xml:lang="en" lang="en">
 <head>
  <title>
</title>
<meta http-equiv="Content-Type" content="text/html;charset=utf-8" />
  <meta name='ocr-system' content='tesseract 3.04.00' />
  <meta name='ocr-capabilities' content='ocr_page ocr_carea ocr_par ocr_line ocrx_word'/>
</head>
<body>
  <div class='ocr_page' id='page_1' title='image "./sapientaangelic01swedgoog_0131.png"; bbox 0 0 3268 5380; ppageno 0'>
   <div class='ocr_carea' id='block_1_1' title="bbox 337 601 1146 670">
    <p class='ocr_par' dir='ltr' id='par_1_1' title="bbox 337 601 1146 670">
     <span class='ocr_line' id='line_1_1' title="bbox 337 601 1146 670; baseline 0.006 -5"><span class='ocrx_word' id='word_1_1' title='bbox 337 601 398 667; x_wconf 87' lang='lat'>116</span> <span class='ocrx_word' id='word_1_2' title='bbox 692 616 892 668; x_wconf 74' lang='lat' dir='ltr'>snmanrm</span> <span class='ocrx_word' id='word_1_3' title='bbox 915 617 1112 670; x_wconf 78' lang='lat' dir='ltr'><strong>ANGELICA</strong></span> <span class='ocrx_word' id='word_1_4' title='bbox 1141 631 1146 638; x_wconf 95' lang='lat'>·</span> 
     </span>
    </p>
   </div>
   <div class='ocr_carea' id='block_1_2' title="bbox 331 785 1453 1872">
    <p class='ocr_par' dir='ltr' id='par_1_2' title="bbox 331 785 1453 1872">
     <span class='ocr_line' id='line_1_2' title="bbox 332 785 1452 869; baseline 0 -19"><span class='ocrx_word' id='word_1_5' title='bbox 332 786 400 850; x_wconf 90' lang='lat' dir='ltr'>alia</span> <span class='ocrx_word' id='word_1_6' title='bbox 418 785 562 866; x_wconf 89' lang='lat' dir='ltr'>cujusvis</span> <span class='ocrx_word' id='word_1_7' title='bbox 581 789 736 869; x_wconf 89' lang='lat' dir='ltr'>generis;</span> <span class='ocrx_word' id='word_1_8' title='bbox 764 787 841 850; x_wconf 91' lang='lat' dir='ltr'>inde</span> <span class='ocrx_word' id='word_1_9' title='bbox 862 807 963 850; x_wconf 90' lang='lat' dir='ltr'>omne</span> <span class='ocrx_word' id='word_1_10' title='bbox 983 786 1016 850; x_wconf 95' lang='lat' dir='ltr'>id</span> <span class='ocrx_word' id='word_1_11' title='bbox 1036 787 1124 869; x_wconf 91' lang='lat' dir='ltr'>quod</span> <span class='ocrx_word' id='word_1_12' title='bbox 1145 788 1270 850; x_wconf 91' lang='lat' dir='ltr'>amoris</span> <span class='ocrx_word' id='word_1_13' title='bbox 1290 788 1380 851; x_wconf 90' lang='lat' dir='ltr'>illius</span> <span class='ocrx_word' id='word_1_14' title='bbox 1399 805 1452 852; x_wconf 86' lang='lat' dir='ltr'>est</span> 
     </span>
     <span class='ocr_line' id='line_1_3' title="bbox 333 879 1452 962; baseline 0.002 -21"><span class='ocrx_word' id='word_1_15' title='bbox 333 888 436 941; x_wconf 91' lang='lat' dir='ltr'>vocat</span> <span class='ocrx_word' id='word_1_16' title='bbox 456 880 593 954; x_wconf 92' lang='lat' dir='ltr'>bonum,</span> <span class='ocrx_word' id='word_1_17' title='bbox 611 889 647 943; x_wconf 95' lang='lat' dir='ltr'>et</span> <span class='ocrx_word' id='word_1_18' title='bbox 666 879 818 942; x_wconf 84' lang='lat' dir='ltr'>declarat</span> <span class='ocrx_word' id='word_1_19' title='bbox 839 879 965 942; x_wconf 91' lang='lat' dir='ltr'>malum</span> <span class='ocrx_word' id='word_1_20' title='bbox 986 899 1087 942; x_wconf 91' lang='lat' dir='ltr'>omne</span> <span class='ocrx_word' id='word_1_21' title='bbox 1107 879 1140 941; x_wconf 96' lang='lat' dir='ltr'>id</span> <span class='ocrx_word' id='word_1_22' title='bbox 1159 880 1250 962; x_wconf 88' lang='lat' dir='ltr'>quod</span> <span class='ocrx_word' id='word_1_23' title='bbox 1267 881 1297 943; x_wconf 93' lang='lat' dir='ltr'>ei</span> <span class='ocrx_word' id='word_1_24' title='bbox 1315 892 1452 943; x_wconf 89' lang='lat' dir='ltr'>contra·</span> 
     </span>
     <span class='ocr_line' id='line_1_4' title="bbox 333 969 1453 1052; baseline 0.002 -20"><span class='ocrx_word' id='word_1_25' title='bbox 333 971 437 1033; x_wconf 87' lang='lat' dir='ltr'>riatur</span> <span class='ocrx_word' id='word_1_26' title='bbox 450 992 457 1048; x_wconf 91' lang='lat'>;</span> <span class='ocrx_word' id='word_1_27' title='bbox 475 990 550 1032; x_wconf 87' lang='lat' dir='ltr'>curn</span> <span class='ocrx_word' id='word_1_28' title='bbox 563 982 679 1033; x_wconf 89' lang='lat' dir='ltr'>tamen</span> <span class='ocrx_word' id='word_1_29' title='bbox 691 972 885 1052; x_wconf 90' lang='lat' dir='ltr'>oppositum</span> <span class='ocrx_word' id='word_1_30' title='bbox 897 981 960 1034; x_wconf 91' lang='lat' dir='ltr'>est.</span> <span class='ocrx_word' id='word_1_31' title='bbox 992 969 1108 1034; x_wconf 86' lang='lat' dir='ltr'>Simile</span> <span class='ocrx_word' id='word_1_32' title='bbox 1121 982 1175 1034; x_wconf 89' lang='lat' dir='ltr'>est</span> <span class='ocrx_word' id='word_1_33' title='bbox 1188 989 1264 1034; x_wconf 94' lang='lat' dir='ltr'>cum</span> <span class='ocrx_word' id='word_1_34' title='bbox 1278 973 1373 1034; x_wconf 93' lang='lat' dir='ltr'>omni</span> <span class='ocrx_word' id='word_1_35' title='bbox 1384 972 1453 1035; x_wconf 90' lang='lat' dir='ltr'>alio</span> 
     </span>
     <span class='ocr_line' id='line_1_5' title="bbox 334 1061 1451 1145; baseline 0.002 -21"><span class='ocrx_word' id='word_1_36' title='bbox 334 1061 434 1124; x_wconf 90' lang='lat' dir='ltr'>malo.</span> <span class='ocrx_word' id='word_1_37' title='bbox 472 1061 586 1143; x_wconf 84' lang='lat' dir='ltr'>Quare</span> <span class='ocrx_word' id='word_1_38' title='bbox 600 1064 740 1125; x_wconf 91' lang='lat' dir='ltr'>tametsi</span> <span class='ocrx_word' id='word_1_39' title='bbox 753 1063 892 1144; x_wconf 90' lang='lat' dir='ltr'>quisque</span> <span class='ocrx_word' id='word_1_40' title='bbox 903 1065 1074 1144; x_wconf 89' lang='lat' dir='ltr'>agnoscit,</span> <span class='ocrx_word' id='word_1_41' title='bbox 1088 1063 1179 1145; x_wconf 93' lang='lat' dir='ltr'>quod</span> <span class='ocrx_word' id='word_1_42' title='bbox 1193 1063 1320 1125; x_wconf 91' lang='lat' dir='ltr'>malum</span> <span class='ocrx_word' id='word_1_43' title='bbox 1338 1074 1375 1126; x_wconf 89' lang='lat' dir='ltr'>et</span> <span class='ocrx_word' id='word_1_44' title='bbox 1389 1065 1451 1126; x_wconf 93' lang='lat' dir='ltr'>bo-</span> 
     </span>
     <span class='ocr_line' id='line_1_6' title="bbox 333 1153 1453 1236; baseline 0.001 -20"><span class='ocrx_word' id='word_1_45' title='bbox 333 1173 412 1216; x_wconf 92' lang='lat' dir='ltr'>num</span> <span class='ocrx_word' id='word_1_46' title='bbox 433 1155 500 1216; x_wconf 89' lang='lat' dir='ltr'>sint</span> <span class='ocrx_word' id='word_1_47' title='bbox 520 1156 690 1235; x_wconf 87' lang='lat' dir='ltr'>opposita,</span> <span class='ocrx_word' id='word_1_48' title='bbox 709 1175 812 1235; x_wconf 90' lang='lat' dir='ltr'>usque</span> <span class='ocrx_word' id='word_1_49' title='bbox 832 1154 879 1216; x_wconf 95' lang='lat' dir='ltr'>illi</span> <span class='ocrx_word' id='word_1_50' title='bbox 896 1157 951 1236; x_wconf 92' lang='lat' dir='ltr'>qui</span> <span class='ocrx_word' id='word_1_51' title='bbox 968 1156 1002 1216; x_wconf 92' lang='lat' dir='ltr'>in</span> <span class='ocrx_word' id='word_1_52' title='bbox 1018 1153 1223 1227; x_wconf 76' lang='lat' dir='ltr'>melissum,</span> <span class='ocrx_word' id='word_1_53' title='bbox 1242 1157 1453 1218; x_wconf 89' lang='lat' dir='ltr'>contrariam</span> 
     </span>
     <span class='ocr_line' id='line_1_7' title="bbox 332 1245 1450 1328; baseline 0.002 -22"><span class='ocrx_word' id='word_1_54' title='bbox 332 1245 444 1307; x_wconf 88' lang='lat' dir='ltr'>ideam</span> <span class='ocrx_word' id='word_1_55' title='bbox 461 1247 503 1307; x_wconf 93' lang='lat' dir='ltr'>de</span> <span class='ocrx_word' id='word_1_56' title='bbox 523 1247 740 1327; x_wconf 89' lang='lat' dir='ltr'>oppositione</span> <span class='ocrx_word' id='word_1_57' title='bbox 760 1245 819 1308; x_wconf 93' lang='lat' dir='ltr'>illa</span> <span class='ocrx_word' id='word_1_58' title='bbox 838 1246 967 1318; x_wconf 83' lang='lat' dir='ltr'>fovent,</span> <span class='ocrx_word' id='word_1_59' title='bbox 988 1257 1022 1310; x_wconf 91' lang='lat' dir='ltr'>et</span> <span class='ocrx_word' id='word_1_60' title='bbox 1043 1266 1110 1309; x_wconf 92' lang='lat' dir='ltr'>non</span> <span class='ocrx_word' id='word_1_61' title='bbox 1130 1245 1186 1308; x_wconf 86' lang='lat' dir='ltr'>alii</span> <span class='ocrx_word' id='word_1_62' title='bbox 1201 1245 1330 1327; x_wconf 89' lang='lat' dir='ltr'>justam</span> <span class='ocrx_word' id='word_1_63' title='bbox 1348 1265 1450 1328; x_wconf 90' lang='lat' dir='ltr'>quam</span> 
     </span>
     <span class='ocr_line' id='line_1_8' title="bbox 332 1336 1453 1418; baseline 0.003 -21"><span class='ocrx_word' id='word_1_64' title='bbox 332 1336 439 1418; x_wconf 92' lang='lat' dir='ltr'>quiin</span> <span class='ocrx_word' id='word_1_65' title='bbox 460 1337 556 1398; x_wconf 87' lang='lat' dir='ltr'>bonis</span> <span class='ocrx_word' id='word_1_66' title='bbox 576 1347 664 1400; x_wconf 88' lang='lat' dir='ltr'>sunt.</span> <span class='ocrx_word' id='word_1_67' title='bbox 711 1337 823 1400; x_wconf 93' lang='lat' dir='ltr'>Nemo</span> <span class='ocrx_word' id='word_1_68' title='bbox 846 1337 925 1399; x_wconf 90' lang='lat' dir='ltr'>dum</span> <span class='ocrx_word' id='word_1_69' title='bbox 951 1347 1003 1400; x_wconf 91' lang='lat' dir='ltr'>est</span> <span class='ocrx_word' id='word_1_70' title='bbox 1027 1339 1060 1400; x_wconf 93' lang='lat' dir='ltr'>in</span> <span class='ocrx_word' id='word_1_71' title='bbox 1085 1338 1177 1400; x_wconf 91' lang='lat' dir='ltr'>malo</span> <span class='ocrx_word' id='word_1_72' title='bbox 1196 1347 1313 1418; x_wconf 88' lang='lat' dir='ltr'>potest</span> <span class='ocrx_word' id='word_1_73' title='bbox 1334 1340 1453 1400; x_wconf 85' lang='lat' dir='ltr'>videre</span> 
     </span>
     <span class='ocr_line' id='line_1_9' title="bbox 332 1428 1451 1511; baseline 0 -21"><span class='ocrx_word' id='word_1_74' title='bbox 332 1429 478 1504; x_wconf 90' lang='lat' dir='ltr'>bonum;</span> <span class='ocrx_word' id='word_1_75' title='bbox 501 1428 563 1491; x_wconf 91' lang='lat' dir='ltr'>sed</span> <span class='ocrx_word' id='word_1_76' title='bbox 574 1429 629 1510; x_wconf 94' lang='lat' dir='ltr'>qui</span> <span class='ocrx_word' id='word_1_77' title='bbox 639 1438 692 1491; x_wconf 92' lang='lat' dir='ltr'>est</span> <span class='ocrx_word' id='word_1_78' title='bbox 709 1430 741 1489; x_wconf 94' lang='lat' dir='ltr'>in</span> <span class='ocrx_word' id='word_1_79' title='bbox 759 1429 862 1500; x_wconf 83' lang='lat' dir='ltr'>bono,</span> <span class='ocrx_word' id='word_1_80' title='bbox 877 1440 995 1511; x_wconf 90' lang='lat' dir='ltr'>potest</span> <span class='ocrx_word' id='word_1_81' title='bbox 1007 1429 1122 1492; x_wconf 92' lang='lat' dir='ltr'>videre</span> <span class='ocrx_word' id='word_1_82' title='bbox 1138 1430 1275 1491; x_wconf 87' lang='lat' dir='ltr'>malurn.</span> <span class='ocrx_word' id='word_1_83' title='bbox 1318 1429 1451 1490; x_wconf 87' lang='lat' dir='ltr'>Malum</span> 
     </span>
     <span class='ocr_line' id='line_1_10' title="bbox 332 1520 1432 1601; baseline -0.001 -20"><span class='ocrx_word' id='word_1_84' title='bbox 332 1529 385 1582; x_wconf 91' lang='lat' dir='ltr'>est</span> <span class='ocrx_word' id='word_1_85' title='bbox 403 1520 487 1581; x_wconf 90' lang='lat' dir='ltr'>insra</span> <span class='ocrx_word' id='word_1_86' title='bbox 500 1521 586 1582; x_wconf 87' lang='lat' dir='ltr'>sicut</span> <span class='ocrx_word' id='word_1_87' title='bbox 600 1521 632 1581; x_wconf 97' lang='lat' dir='ltr'>in</span> <span class='ocrx_word' id='word_1_88' title='bbox 647 1521 822 1601; x_wconf 89' lang='lat' dir='ltr'>spelunca,</span> <span class='ocrx_word' id='word_1_89' title='bbox 837 1521 964 1582; x_wconf 89' lang='lat' dir='ltr'>bonum</span> <span class='ocrx_word' id='word_1_90' title='bbox 978 1532 1031 1583; x_wconf 91' lang='lat' dir='ltr'>est</span> <span class='ocrx_word' id='word_1_91' title='bbox 1043 1541 1143 1600; x_wconf 87' lang='lat' dir='ltr'>supra</span> <span class='ocrx_word' id='word_1_92' title='bbox 1155 1521 1243 1582; x_wconf 91' lang='lat' dir='ltr'>sicut</span> <span class='ocrx_word' id='word_1_93' title='bbox 1259 1521 1292 1582; x_wconf 94' lang='lat' dir='ltr'>in</span> <span class='ocrx_word' id='word_1_94' title='bbox 1306 1531 1432 1582; x_wconf 91' lang='lat' dir='ltr'>monte.</span> 
     </span>
     <span class='ocr_line' id='line_1_11' title="bbox 394 1615 1449 1697; baseline 0.001 -20"><span class='ocrx_word' id='word_1_95' title='bbox 394 1627 483 1695; x_wconf 76' lang='lat'>272.</span> <span class='ocrx_word' id='word_1_96' title='bbox 515 1615 612 1677; x_wconf 92' lang='lat' dir='ltr'>Nunc</span> <span class='ocrx_word' id='word_1_97' title='bbox 629 1617 708 1697; x_wconf 91' lang='lat' dir='ltr'>quia</span> <span class='ocrx_word' id='word_1_98' title='bbox 724 1635 743 1676; x_wconf 90' lang='lat' dir='ltr'>a</span> <span class='ocrx_word' id='word_1_99' title='bbox 763 1615 880 1677; x_wconf 89' lang='lat' dir='ltr'>multis</span> <span class='ocrx_word' id='word_1_100' title='bbox 899 1617 1049 1678; x_wconf 86' lang='lat' dir='ltr'>nescitur</span> <span class='ocrx_word' id='word_1_101' title='bbox 1065 1615 1164 1696; x_wconf 91' lang='lat' dir='ltr'>quale</span> <span class='ocrx_word' id='word_1_102' title='bbox 1183 1625 1237 1677; x_wconf 91' lang='lat' dir='ltr'>est</span> <span class='ocrx_word' id='word_1_103' title='bbox 1257 1615 1395 1686; x_wconf 91' lang='lat' dir='ltr'>malum,</span> <span class='ocrx_word' id='word_1_104' title='bbox 1412 1626 1449 1678; x_wconf 93' lang='lat' dir='ltr'>et</span> 
     </span>
     <span class='ocr_line' id='line_1_12' title="bbox 332 1707 1449 1788; baseline 0.002 -21"><span class='ocrx_word' id='word_1_105' title='bbox 332 1707 423 1787; x_wconf 93' lang='lat' dir='ltr'>quod</span> <span class='ocrx_word' id='word_1_106' title='bbox 451 1727 586 1787; x_wconf 91' lang='lat' dir='ltr'>prorsus</span> <span class='ocrx_word' id='word_1_107' title='bbox 614 1708 811 1788; x_wconf 90' lang='lat' dir='ltr'>oppositum</span> <span class='ocrx_word' id='word_1_108' title='bbox 843 1709 888 1768; x_wconf 92' lang='lat' dir='ltr'>sit</span> <span class='ocrx_word' id='word_1_109' title='bbox 912 1707 1013 1780; x_wconf 95' lang='lat' dir='ltr'>bono,</span> <span class='ocrx_word' id='word_1_110' title='bbox 1038 1716 1074 1768; x_wconf 90' lang='lat' dir='ltr'>et</span> <span class='ocrx_word' id='word_1_111' title='bbox 1099 1718 1215 1769; x_wconf 88' lang='lat' dir='ltr'>tamen</span> <span class='ocrx_word' id='word_1_112' title='bbox 1240 1709 1385 1769; x_wconf 90' lang='lat' dir='ltr'>interest</span> <span class='ocrx_word' id='word_1_113' title='bbox 1409 1715 1449 1769; x_wconf 87' lang='lat' dir='ltr'>ut</span> 
     </span>
     <span class='ocr_line' id='line_1_13' title="bbox 331 1798 1350 1872; baseline -0.001 -13"><span class='ocrx_word' id='word_1_114' title='bbox 331 1798 469 1872; x_wconf 82' lang='lat' dir='ltr'>sciatur,</span> <span class='ocrx_word' id='word_1_115' title='bbox 486 1799 564 1861; x_wconf 92' lang='lat' dir='ltr'>ideo</span> <span class='ocrx_word' id='word_1_116' title='bbox 583 1798 667 1861; x_wconf 91' lang='lat' dir='ltr'>haec</span> <span class='ocrx_word' id='word_1_117' title='bbox 688 1800 791 1861; x_wconf 89' lang='lat' dir='ltr'>resin</span> <span class='ocrx_word' id='word_1_118' title='bbox 811 1799 876 1861; x_wconf 90' lang='lat' dir='ltr'>hoc</span> <span class='ocrx_word' id='word_1_119' title='bbox 894 1799 1011 1860; x_wconf 87' lang='lat' dir='ltr'>ordine</span> <span class='ocrx_word' id='word_1_120' title='bbox 1031 1799 1210 1860; x_wconf 90' lang='lat' dir='ltr'>lustranda</span> <span class='ocrx_word' id='word_1_121' title='bbox 1228 1808 1283 1860; x_wconf 91' lang='lat' dir='ltr'>est</span> <span class='ocrx_word' id='word_1_122' title='bbox 1296 1818 1350 1858; x_wconf 92' lang='lat'>:-</span> 
     </span>
    </p>
   </div>
   <div class='ocr_carea' id='block_1_3' title="bbox 486 1931 1452 2564">
    <p class='ocr_par' dir='ltr' id='par_1_3' title="bbox 510 1931 1450 2073">
     <span class='ocr_line' id='line_1_14' title="bbox 510 1931 1450 2001; baseline -0.002 -17"><span class='ocrx_word' id='word_1_123' title='bbox 510 1932 552 1997; x_wconf 87' lang='lat' dir='ltr'>(i.)</span> <span class='ocrx_word' id='word_1_124' title='bbox 581 1931 665 2000; x_wconf 83' lang='lat' dir='ltr'>Quod</span> <span class='ocrx_word' id='word_1_125' title='bbox 677 1949 755 1984; x_wconf 87' lang='lat' dir='ltr'>mens</span> <span class='ocrx_word' id='word_1_126' title='bbox 773 1931 930 1992; x_wconf 81' lang='lat' dir='ltr'>naturalis,</span> <span class='ocrx_word' id='word_1_127' title='bbox 943 1947 1017 1999; x_wconf 83' lang='lat' dir='ltr'>quae</span> <span class='ocrx_word' id='word_1_128' title='bbox 1034 1934 1067 1983; x_wconf 81' lang='lat' dir='ltr'>in</span> <span class='ocrx_word' id='word_1_129' title='bbox 1082 1931 1170 1983; x_wconf 86' lang='lat' dir='ltr'>malis</span> <span class='ocrx_word' id='word_1_130' title='bbox 1181 1935 1208 1983; x_wconf 74' lang='lat' dir='ltr'>et</span> <span class='ocrx_word' id='word_1_131' title='bbox 1220 1931 1388 2001; x_wconf 81' lang='lat' dir='ltr'>indesalsis</span> <span class='ocrx_word' id='word_1_132' title='bbox 1398 1937 1450 1992; x_wconf 78' lang='lat' dir='ltr'>est,</span> 
     </span>
     <span class='ocr_line' id='line_1_15' title="bbox 644 2003 1078 2073; baseline 0 -19"><span class='ocrx_word' id='word_1_133' title='bbox 644 2003 794 2073; x_wconf 83' lang='lat' dir='ltr'>sitfarma</span> <span class='ocrx_word' id='word_1_134' title='bbox 807 2009 834 2054; x_wconf 81' lang='lat' dir='ltr'>et</span> <span class='ocrx_word' id='word_1_135' title='bbox 846 2005 944 2072; x_wconf 85' lang='lat' dir='ltr'><em>imago</em></span> <span class='ocrx_word' id='word_1_136' title='bbox 955 2003 1078 2072; x_wconf 77' lang='lat' dir='ltr'>mserni.</span> 
     </span>
    </p>

    <p class='ocr_par' dir='ltr' id='par_1_4' title="bbox 497 2071 1450 2212">
     <span class='ocr_line' id='line_1_16' title="bbox 497 2071 1450 2144; baseline 0 -20"><span class='ocrx_word' id='word_1_137' title='bbox 497 2071 552 2138; x_wconf 86' lang='lat' dir='ltr'>(ii.)</span> <span class='ocrx_word' id='word_1_138' title='bbox 579 2073 663 2142; x_wconf 83' lang='lat' dir='ltr'>Quod</span> <span class='ocrx_word' id='word_1_139' title='bbox 672 2091 749 2126; x_wconf 86' lang='lat' dir='ltr'>mens</span> <span class='ocrx_word' id='word_1_140' title='bbox 759 2073 916 2132; x_wconf 80' lang='lat' dir='ltr'>naturalis,</span> <span class='ocrx_word' id='word_1_141' title='bbox 927 2088 1000 2140; x_wconf 82' lang='lat' dir='ltr'>quae</span> <span class='ocrx_word' id='word_1_142' title='bbox 1010 2077 1051 2124; x_wconf 80' lang='lat' dir='ltr'>est</span> <span class='ocrx_word' id='word_1_143' title='bbox 1056 2074 1161 2144; x_wconf 81' lang='lat' dir='ltr'>farma</span> <span class='ocrx_word' id='word_1_144' title='bbox 1175 2078 1203 2125; x_wconf 84' lang='lat' dir='ltr'>et</span> <span class='ocrx_word' id='word_1_145' title='bbox 1214 2075 1312 2142; x_wconf 81' lang='lat' dir='ltr'>imago</span> <span class='ocrx_word' id='word_1_146' title='bbox 1324 2073 1450 2142; x_wconf 75' lang='lat' dir='ltr'>msernr&#39;,</span> 
     </span>
     <span class='ocr_line' id='line_1_17' title="bbox 645 2141 1059 2212; baseline -0.002 -15"><span class='ocrx_word' id='word_1_147' title='bbox 645 2144 795 2197; x_wconf 79' lang='lat' dir='ltr'><em>descendat</em></span> <span class='ocrx_word' id='word_1_148' title='bbox 801 2147 858 2212; x_wconf 77' lang='lat' dir='ltr'>per</span> <span class='ocrx_word' id='word_1_149' title='bbox 870 2150 929 2196; x_wconf 83' lang='lat' dir='ltr'>tres</span> <span class='ocrx_word' id='word_1_150' title='bbox 934 2141 1059 2212; x_wconf 83' lang='lat' dir='ltr'>gradus.</span> 
     </span>
    </p>

    <p class='ocr_par' dir='ltr' id='par_1_5' title="bbox 486 2209 1452 2425">
     <span class='ocr_line' id='line_1_18' title="bbox 486 2209 1452 2283; baseline 0.002 -19"><span class='ocrx_word' id='word_1_151' title='bbox 486 2209 550 2282; x_wconf 83' lang='lat' dir='ltr'>(iii.)</span> <span class='ocrx_word' id='word_1_152' title='bbox 578 2213 662 2283; x_wconf 83' lang='lat' dir='ltr'>Quod</span> <span class='ocrx_word' id='word_1_153' title='bbox 672 2220 730 2267; x_wconf 81' lang='lat' dir='ltr'>tres</span> <span class='ocrx_word' id='word_1_154' title='bbox 741 2213 860 2283; x_wconf 84' lang='lat' dir='ltr'>gradus</span> <span class='ocrx_word' id='word_1_155' title='bbox 874 2215 978 2266; x_wconf 78' lang='lat' dir='ltr'>mentis</span> <span class='ocrx_word' id='word_1_156' title='bbox 991 2211 1149 2272; x_wconf 81' lang='lat' dir='ltr'>naturalis,</span> <span class='ocrx_word' id='word_1_157' title='bbox 1163 2229 1237 2282; x_wconf 86' lang='lat' dir='ltr'>quae</span> <span class='ocrx_word' id='word_1_158' title='bbox 1250 2218 1292 2265; x_wconf 85' lang='lat' dir='ltr'>est</span> <span class='ocrx_word' id='word_1_159' title='bbox 1298 2213 1405 2282; x_wconf 86' lang='lat' dir='ltr'>farma</span> <span class='ocrx_word' id='word_1_160' title='bbox 1420 2217 1452 2266; x_wconf 76' lang='lat' dir='ltr'>et</span> 
     </span>
     <span class='ocr_line' id='line_1_19' title="bbox 645 2284 1450 2354; baseline 0 -17"><span class='ocrx_word' id='word_1_161' title='bbox 645 2287 743 2354; x_wconf 83' lang='lat' dir='ltr'>imago</span> <span class='ocrx_word' id='word_1_162' title='bbox 752 2286 874 2353; x_wconf 72' lang='lat' dir='ltr'>mserm&#39;,</span> <span class='ocrx_word' id='word_1_163' title='bbox 884 2286 945 2337; x_wconf 78' lang='lat' dir='ltr'>sint</span> <span class='ocrx_word' id='word_1_164' title='bbox 956 2286 1083 2352; x_wconf 76' lang='lat' dir='ltr'>appositi</span> <span class='ocrx_word' id='word_1_165' title='bbox 1089 2284 1183 2336; x_wconf 75' lang='lat' dir='ltr'>tribus</span> <span class='ocrx_word' id='word_1_166' title='bbox 1185 2284 1334 2353; x_wconf 80' lang='lat' dir='ltr'>gradibus</span> <span class='ocrx_word' id='word_1_167' title='bbox 1343 2286 1450 2337; x_wconf 57' lang='lat' dir='ltr'>mentri*</span> 
     </span>
     <span class='ocr_line' id='line_1_20' title="bbox 644 2355 1308 2425; baseline 0 -17"><span class='ocrx_word' id='word_1_168' title='bbox 644 2355 819 2424; x_wconf 68' lang='lat' dir='ltr'>spiritualis,</span> <span class='ocrx_word' id='word_1_169' title='bbox 833 2371 906 2423; x_wconf 82' lang='lat' dir='ltr'>quae</span> <span class='ocrx_word' id='word_1_170' title='bbox 919 2361 960 2408; x_wconf 86' lang='lat' dir='ltr'>est</span> <span class='ocrx_word' id='word_1_171' title='bbox 963 2355 1069 2425; x_wconf 77' lang='lat' dir='ltr'>farma</span> <span class='ocrx_word' id='word_1_172' title='bbox 1081 2361 1109 2407; x_wconf 83' lang='lat' dir='ltr'>et</span> <span class='ocrx_word' id='word_1_173' title='bbox 1118 2356 1217 2424; x_wconf 84' lang='lat' dir='ltr'><em>imago</em></span> <span class='ocrx_word' id='word_1_174' title='bbox 1227 2355 1308 2408; x_wconf 87' lang='lat' dir='ltr'>caeli.</span> 
     </span>
    </p>

    <p class='ocr_par' dir='ltr' id='par_1_6' title="bbox 486 2425 1450 2564">
     <span class='ocr_line' id='line_1_21' title="bbox 486 2425 1450 2496; baseline -0.002 -16"><span class='ocrx_word' id='word_1_175' title='bbox 486 2425 548 2494; x_wconf 83' lang='grc' dir='ltr'><strong>(ἰν.)</strong></span> <span class='ocrx_word' id='word_1_176' title='bbox 575 2426 661 2496; x_wconf 82' lang='lat' dir='ltr'>Quod</span> <span class='ocrx_word' id='word_1_177' title='bbox 667 2443 744 2479; x_wconf 85' lang='lat' dir='ltr'>mens</span> <span class='ocrx_word' id='word_1_178' title='bbox 756 2425 905 2478; x_wconf 76' lang='lat' dir='ltr'>naturalis</span> <span class='ocrx_word' id='word_1_179' title='bbox 920 2432 1043 2494; x_wconf 81' lang='lat' dir='ltr'>quaeest</span> <span class='ocrx_word' id='word_1_180' title='bbox 1054 2426 1214 2494; x_wconf 80' lang='lat' dir='ltr'>infernum,</span> <span class='ocrx_word' id='word_1_181' title='bbox 1228 2427 1260 2477; x_wconf 83' lang='lat' dir='ltr'>in</span> <span class='ocrx_word' id='word_1_182' title='bbox 1272 2427 1450 2494; x_wconf 72' lang='lat' dir='ltr'>amm&#39;oppo-</span> 
     </span>
     <span class='ocr_line' id='line_1_22' title="bbox 644 2492 1450 2564; baseline 0.001 -15"><span class='ocrx_word' id='word_1_183' title='bbox 644 2498 699 2549; x_wconf 82' lang='lat' dir='ltr'>sita</span> <span class='ocrx_word' id='word_1_184' title='bbox 707 2499 747 2548; x_wconf 80' lang='lat' dir='ltr'>sit</span> <span class='ocrx_word' id='word_1_185' title='bbox 756 2501 856 2548; x_wconf 81' lang='lat' dir='ltr'>cantra</span> <span class='ocrx_word' id='word_1_186' title='bbox 866 2503 984 2548; x_wconf 82' lang='lat' dir='ltr'><em>mentem</em></span> <span class='ocrx_word' id='word_1_187' title='bbox 995 2492 1180 2564; x_wconf 73' lang='lat' dir='ltr'>spiritualem</span> <span class='ocrx_word' id='word_1_188' title='bbox 1189 2511 1263 2563; x_wconf 81' lang='lat' dir='ltr'>quae</span> <span class='ocrx_word' id='word_1_189' title='bbox 1274 2502 1316 2548; x_wconf 79' lang='lat' dir='ltr'>ast</span> <span class='ocrx_word' id='word_1_190' title='bbox 1327 2496 1450 2550; x_wconf 77' lang='lat' dir='ltr'>caelum.</span> 
     </span>
    </p>
   </div>
   <div class='ocr_carea' id='block_1_4' title="bbox 391 2631 1452 2716">
    <p class='ocr_par' dir='ltr' id='par_1_7' title="bbox 391 2631 1452 2716">
     <span class='ocr_line' id='line_1_23' title="bbox 391 2631 1452 2716; baseline 0.001 -19"><span class='ocrx_word' id='word_1_191' title='bbox 391 2646 485 2715; x_wconf 80' lang='lat'>273.</span> <span class='ocrx_word' id='word_1_192' title='bbox 517 2633 567 2716; x_wconf 87' lang='lat' dir='ltr'>(i.)</span> <span class='ocrx_word' id='word_1_193' title='bbox 601 2631 697 2711; x_wconf 80' lang='lat' dir='ltr'>Quod</span> <span class='ocrx_word' id='word_1_194' title='bbox 715 2655 804 2696; x_wconf 84' lang='lat' dir='ltr'>mens</span> <span class='ocrx_word' id='word_1_195' title='bbox 829 2632 1006 2704; x_wconf 84' lang='lat' dir='ltr'>naturalis,</span> <span class='ocrx_word' id='word_1_196' title='bbox 1031 2634 1170 2715; x_wconf 82' lang='lat' dir='ltr'>quaein</span> <span class='ocrx_word' id='word_1_197' title='bbox 1193 2632 1293 2696; x_wconf 87' lang='lat' dir='ltr'>malis</span> <span class='ocrx_word' id='word_1_198' title='bbox 1314 2643 1347 2696; x_wconf 85' lang='lat' dir='ltr'>et</span> <span class='ocrx_word' id='word_1_199' title='bbox 1369 2634 1452 2698; x_wconf 79' lang='lat' dir='ltr'>inde</span> 
     </span>
    </p>
   </div>
   <div class='ocr_carea' id='block_1_5' title="bbox 323 2727 1450 4648">
    <p class='ocr_par' dir='ltr' id='par_1_8' title="bbox 323 2727 1450 4648">
     <span class='ocr_line' id='line_1_24' title="bbox 324 2727 1446 2808; baseline 0.001 -17"><span class='ocrx_word' id='word_1_200' title='bbox 324 2727 430 2808; x_wconf 81' lang='lat' dir='ltr'>falsis</span> <span class='ocrx_word' id='word_1_201' title='bbox 446 2737 506 2798; x_wconf 83' lang='lat' dir='ltr'>est,</span> <span class='ocrx_word' id='word_1_202' title='bbox 523 2728 570 2791; x_wconf 86' lang='lat' dir='ltr'>sit</span> <span class='ocrx_word' id='word_1_203' title='bbox 575 2728 695 2807; x_wconf 86' lang='lat' dir='ltr'>farma</span> <span class='ocrx_word' id='word_1_204' title='bbox 709 2738 741 2790; x_wconf 82' lang='lat' dir='ltr'>et</span> <span class='ocrx_word' id='word_1_205' title='bbox 755 2729 866 2808; x_wconf 84' lang='lat' dir='ltr'><em>imago</em></span> <span class='ocrx_word' id='word_1_206' title='bbox 876 2727 1176 2808; x_wconf 64' lang='lat' dir='ltr'>inferni-Qualis</span> <span class='ocrx_word' id='word_1_207' title='bbox 1192 2747 1289 2790; x_wconf 88' lang='lat' dir='ltr'>mens</span> <span class='ocrx_word' id='word_1_208' title='bbox 1306 2739 1446 2792; x_wconf 90' lang='lat' dir='ltr'>natura·</span> 
     </span>
     <span class='ocr_line' id='line_1_25' title="bbox 328 2818 1449 2901; baseline 0.001 -19"><span class='ocrx_word' id='word_1_209' title='bbox 328 2820 369 2882; x_wconf 93' lang='lat' dir='ltr'>lis</span> <span class='ocrx_word' id='word_1_210' title='bbox 386 2822 417 2882; x_wconf 96' lang='lat' dir='ltr'>in</span> <span class='ocrx_word' id='word_1_211' title='bbox 436 2841 495 2882; x_wconf 90' lang='lat' dir='ltr'>sua</span> <span class='ocrx_word' id='word_1_212' title='bbox 511 2821 617 2881; x_wconf 83' lang='lat' dir='ltr'>forma</span> <span class='ocrx_word' id='word_1_213' title='bbox 637 2819 854 2882; x_wconf 86' lang='lat' dir='ltr'>substantiali</span> <span class='ocrx_word' id='word_1_214' title='bbox 873 2831 926 2882; x_wconf 92' lang='lat' dir='ltr'>est</span> <span class='ocrx_word' id='word_1_215' title='bbox 946 2819 1035 2900; x_wconf 90' lang='lat' dir='ltr'>apud</span> <span class='ocrx_word' id='word_1_216' title='bbox 1052 2818 1237 2894; x_wconf 90' lang='lat' dir='ltr'>hominem,</span> <span class='ocrx_word' id='word_1_217' title='bbox 1255 2840 1316 2882; x_wconf 90' lang='lat' dir='ltr'>seu</span> <span class='ocrx_word' id='word_1_218' title='bbox 1335 2821 1449 2901; x_wconf 84' lang='lat' dir='ltr'>qualis</span> 
     </span>
     <span class='ocr_line' id='line_1_26' title="bbox 328 2911 1446 2992; baseline 0.001 -18"><span class='ocrx_word' id='word_1_219' title='bbox 328 2922 382 2974; x_wconf 92' lang='lat' dir='ltr'>est</span> <span class='ocrx_word' id='word_1_220' title='bbox 402 2914 434 2973; x_wconf 92' lang='lat' dir='ltr'>in</span> <span class='ocrx_word' id='word_1_221' title='bbox 455 2932 514 2972; x_wconf 91' lang='lat' dir='ltr'>sua</span> <span class='ocrx_word' id='word_1_222' title='bbox 531 2911 638 2973; x_wconf 91' lang='lat' dir='ltr'>sorma</span> <span class='ocrx_word' id='word_1_223' title='bbox 654 2932 698 2973; x_wconf 92' lang='lat' dir='ltr'>ex</span> <span class='ocrx_word' id='word_1_224' title='bbox 722 2912 924 2974; x_wconf 86' lang='lat' dir='ltr'>substantiis</span> <span class='ocrx_word' id='word_1_225' title='bbox 941 2912 1112 2992; x_wconf 91' lang='lat' dir='ltr'>utriusque</span> <span class='ocrx_word' id='word_1_226' title='bbox 1132 2911 1249 2973; x_wconf 91' lang='lat' dir='ltr'>mundi</span> <span class='ocrx_word' id='word_1_227' title='bbox 1272 2922 1446 2975; x_wconf 87' lang='lat' dir='ltr'>contexta</span> 
     </span>
     <span class='ocr_line' id='line_1_27' title="bbox 327 3002 1447 3084; baseline 0 -18"><span class='ocrx_word' id='word_1_228' title='bbox 327 3005 359 3067; x_wconf 92' lang='lat' dir='ltr'>in</span> <span class='ocrx_word' id='word_1_229' title='bbox 384 3003 541 3076; x_wconf 89' lang='lat' dir='ltr'>cerebris,</span> <span class='ocrx_word' id='word_1_230' title='bbox 563 3004 619 3065; x_wconf 91' lang='lat' dir='ltr'>ubi</span> <span class='ocrx_word' id='word_1_231' title='bbox 641 3004 699 3065; x_wconf 92' lang='lat' dir='ltr'>illa</span> <span class='ocrx_word' id='word_1_232' title='bbox 723 3023 819 3065; x_wconf 88' lang='lat' dir='ltr'>mens</span> <span class='ocrx_word' id='word_1_233' title='bbox 843 3004 876 3065; x_wconf 93' lang='lat' dir='ltr'>in</span> <span class='ocrx_word' id='word_1_234' title='bbox 894 3005 961 3065; x_wconf 88' lang='lat' dir='ltr'>suis</span> <span class='ocrx_word' id='word_1_235' title='bbox 985 3004 1100 3084; x_wconf 88' lang='lat' dir='ltr'>primis</span> <span class='ocrx_word' id='word_1_236' title='bbox 1123 3002 1261 3076; x_wconf 88' lang='lat' dir='ltr'>residet,</span> <span class='ocrx_word' id='word_1_237' title='bbox 1287 3003 1342 3065; x_wconf 91' lang='lat' dir='ltr'>hic</span> <span class='ocrx_word' id='word_1_238' title='bbox 1374 3023 1447 3066; x_wconf 81' lang='lat' dir='ltr'>non</span> 
     </span>
     <span class='ocr_line' id='line_1_28' title="bbox 327 3093 1446 3177; baseline 0 -19"><span class='ocrx_word' id='word_1_239' title='bbox 327 3096 471 3159; x_wconf 90' lang='lat' dir='ltr'>describi</span> <span class='ocrx_word' id='word_1_240' title='bbox 489 3105 622 3177; x_wconf 91' lang='lat' dir='ltr'>potest:</span> <span class='ocrx_word' id='word_1_241' title='bbox 648 3095 848 3158; x_wconf 91' lang='lat' dir='ltr'>universalis</span> <span class='ocrx_word' id='word_1_242' title='bbox 865 3095 942 3157; x_wconf 91' lang='lat' dir='ltr'>idea</span> <span class='ocrx_word' id='word_1_243' title='bbox 958 3094 1000 3156; x_wconf 91' lang='lat' dir='ltr'>de</span> <span class='ocrx_word' id='word_1_244' title='bbox 1018 3094 1076 3156; x_wconf 89' lang='lat' dir='ltr'>illa</span> <span class='ocrx_word' id='word_1_245' title='bbox 1091 3093 1199 3156; x_wconf 87' lang='lat' dir='ltr'>forma</span> <span class='ocrx_word' id='word_1_246' title='bbox 1217 3094 1251 3156; x_wconf 93' lang='lat' dir='ltr'>in</span> <span class='ocrx_word' id='word_1_247' title='bbox 1268 3097 1446 3176; x_wconf 87' lang='lat' dir='ltr'>sequenti·</span> 
     </span>
     <span class='ocr_line' id='line_1_29' title="bbox 326 3186 1446 3269; baseline -0.001 -19"><span class='ocrx_word' id='word_1_248' title='bbox 326 3190 400 3262; x_wconf 90' lang='lat' dir='ltr'>bus,</span> <span class='ocrx_word' id='word_1_249' title='bbox 421 3189 476 3250; x_wconf 93' lang='lat' dir='ltr'>ubi</span> <span class='ocrx_word' id='word_1_250' title='bbox 500 3189 542 3250; x_wconf 92' lang='lat' dir='ltr'>de</span> <span class='ocrx_word' id='word_1_251' title='bbox 566 3188 872 3269; x_wconf 89' lang='lat' dir='ltr'>correspondentia</span> <span class='ocrx_word' id='word_1_252' title='bbox 894 3187 1020 3249; x_wconf 91' lang='lat' dir='ltr'>mentis</span> <span class='ocrx_word' id='word_1_253' title='bbox 1039 3195 1074 3249; x_wconf 87' lang='lat' dir='ltr'>et</span> <span class='ocrx_word' id='word_1_254' title='bbox 1095 3186 1247 3266; x_wconf 90' lang='lat' dir='ltr'>corporis</span> <span class='ocrx_word' id='word_1_255' title='bbox 1270 3187 1446 3267; x_wconf 83' lang='lat' dir='ltr'>agendum</span> 
     </span>
     <span class='ocr_line' id='line_1_30' title="bbox 326 3275 1447 3360; baseline -0.004 -16"><span class='ocrx_word' id='word_1_256' title='bbox 326 3291 390 3356; x_wconf 88' lang='lat' dir='ltr'>est,</span> <span class='ocrx_word' id='word_1_257' title='bbox 402 3281 546 3343; x_wconf 87' lang='lat' dir='ltr'>dabitur.</span> <span class='ocrx_word' id='word_1_258' title='bbox 594 3278 660 3343; x_wconf 91' lang='lat' dir='ltr'>Hic</span> <span class='ocrx_word' id='word_1_259' title='bbox 672 3278 782 3342; x_wconf 92' lang='lat' dir='ltr'>solum</span> <span class='ocrx_word' id='word_1_260' title='bbox 795 3278 921 3360; x_wconf 91' lang='lat' dir='ltr'>aliquid</span> <span class='ocrx_word' id='word_1_261' title='bbox 933 3279 1061 3341; x_wconf 91' lang='lat' dir='ltr'>dicetur</span> <span class='ocrx_word' id='word_1_262' title='bbox 1074 3277 1116 3338; x_wconf 92' lang='lat' dir='ltr'>de</span> <span class='ocrx_word' id='word_1_263' title='bbox 1129 3276 1237 3338; x_wconf 87' lang='lat' dir='ltr'>forma</span> <span class='ocrx_word' id='word_1_264' title='bbox 1250 3275 1321 3355; x_wconf 86' lang='lat' dir='ltr'>ejus</span> <span class='ocrx_word' id='word_1_265' title='bbox 1330 3275 1447 3359; x_wconf 87' lang='lat' dir='ltr'>quoad</span> 
     </span>
     <span class='ocr_line' id='line_1_31' title="bbox 326 3369 1443 3452; baseline -0.004 -17"><span class='ocrx_word' id='word_1_266' title='bbox 326 3383 438 3437; x_wconf 91' lang='lat' dir='ltr'>status</span> <span class='ocrx_word' id='word_1_267' title='bbox 455 3382 624 3435; x_wconf 89' lang='lat' dir='ltr'>eteorum</span> <span class='ocrx_word' id='word_1_268' title='bbox 642 3371 863 3444; x_wconf 90' lang='lat' dir='ltr'>mutationes,</span> <span class='ocrx_word' id='word_1_269' title='bbox 882 3391 941 3452; x_wconf 90' lang='lat' dir='ltr'>per</span> <span class='ocrx_word' id='word_1_270' title='bbox 960 3389 1043 3450; x_wconf 87' lang='lat' dir='ltr'>quas</span> <span class='ocrx_word' id='word_1_271' title='bbox 1061 3369 1229 3430; x_wconf 90' lang='lat' dir='ltr'>sistuntur</span> <span class='ocrx_word' id='word_1_272' title='bbox 1247 3370 1443 3450; x_wconf 90' lang='lat' dir='ltr'>perceptio·</span> 
     </span>
     <span class='ocr_line' id='line_1_32' title="bbox 326 3458 1444 3544; baseline -0.006 -16"><span class='ocrx_word' id='word_1_273' title='bbox 326 3485 397 3540; x_wconf 89' lang='lat' dir='ltr'>nes,</span> <span class='ocrx_word' id='word_1_274' title='bbox 416 3465 659 3544; x_wconf 89' lang='lat' dir='ltr'>cogitationes,</span> <span class='ocrx_word' id='word_1_275' title='bbox 679 3463 902 3532; x_wconf 90' lang='lat' dir='ltr'>intentiones,</span> <span class='ocrx_word' id='word_1_276' title='bbox 920 3460 1128 3533; x_wconf 88' lang='lat' dir='ltr'>voluntates,</span> <span class='ocrx_word' id='word_1_277' title='bbox 1147 3469 1182 3522; x_wconf 93' lang='lat' dir='ltr'>et</span> <span class='ocrx_word' id='word_1_278' title='bbox 1201 3479 1286 3541; x_wconf 91' lang='lat' dir='ltr'>quae</span> <span class='ocrx_word' id='word_1_279' title='bbox 1306 3458 1444 3521; x_wconf 89' lang='lat' dir='ltr'>illarum</span> 
     </span>
     <span class='ocr_line' id='line_1_33' title="bbox 325 3549 1444 3634; baseline -0.005 -16"><span class='ocrx_word' id='word_1_280' title='bbox 325 3565 424 3632; x_wconf 89' lang='lat' dir='ltr'>sunt;</span> <span class='ocrx_word' id='word_1_281' title='bbox 450 3574 527 3616; x_wconf 90' lang='lat' dir='ltr'>nam</span> <span class='ocrx_word' id='word_1_282' title='bbox 548 3574 643 3617; x_wconf 85' lang='lat' dir='ltr'>mens</span> <span class='ocrx_word' id='word_1_283' title='bbox 664 3553 829 3616; x_wconf 89' lang='lat' dir='ltr'>naturalis</span> <span class='ocrx_word' id='word_1_284' title='bbox 846 3573 931 3634; x_wconf 89' lang='lat' dir='ltr'>quae</span> <span class='ocrx_word' id='word_1_285' title='bbox 948 3553 979 3613; x_wconf 94' lang='lat' dir='ltr'>in</span> <span class='ocrx_word' id='word_1_286' title='bbox 997 3551 1096 3614; x_wconf 90' lang='lat' dir='ltr'>malis</span> <span class='ocrx_word' id='word_1_287' title='bbox 1115 3560 1151 3613; x_wconf 92' lang='lat' dir='ltr'>et</span> <span class='ocrx_word' id='word_1_288' title='bbox 1171 3551 1249 3613; x_wconf 92' lang='lat' dir='ltr'>inde</span> <span class='ocrx_word' id='word_1_289' title='bbox 1265 3549 1359 3613; x_wconf 84' lang='lat' dir='ltr'>falsis</span> <span class='ocrx_word' id='word_1_290' title='bbox 1376 3560 1444 3623; x_wconf 84' lang='lat' dir='ltr'>est,</span> 
     </span>
     <span class='ocr_line' id='line_1_34' title="bbox 324 3640 1450 3730; baseline -0.003 -21"><span class='ocrx_word' id='word_1_291' title='bbox 324 3648 436 3730; x_wconf 89' lang='lat' dir='ltr'>quoad</span> <span class='ocrx_word' id='word_1_292' title='bbox 456 3646 532 3708; x_wconf 86' lang='lat' dir='ltr'>illas</span> <span class='ocrx_word' id='word_1_293' title='bbox 548 3657 601 3709; x_wconf 89' lang='lat' dir='ltr'>est</span> <span class='ocrx_word' id='word_1_294' title='bbox 617 3646 725 3708; x_wconf 83' lang='lat' dir='ltr'>forma</span> <span class='ocrx_word' id='word_1_295' title='bbox 741 3657 776 3708; x_wconf 92' lang='lat' dir='ltr'>et</span> <span class='ocrx_word' id='word_1_296' title='bbox 796 3646 911 3724; x_wconf 86' lang='lat' dir='ltr'>imago</span> <span class='ocrx_word' id='word_1_297' title='bbox 930 3643 1058 3706; x_wconf 86' lang='lat' dir='ltr'>inferni.</span> <span class='ocrx_word' id='word_1_298' title='bbox 1104 3641 1201 3704; x_wconf 88' lang='lat' dir='ltr'>Haec</span> <span class='ocrx_word' id='word_1_299' title='bbox 1219 3640 1327 3704; x_wconf 87' lang='lat' dir='ltr'>forma</span> <span class='ocrx_word' id='word_1_300' title='bbox 1343 3645 1450 3724; x_wconf 57' lang='lat' dir='ltr'>ponit*</span> 
     </span>
     <span class='ocr_line' id='line_1_35' title="bbox 325 3733 1439 3814; baseline -0.004 -14"><span class='ocrx_word' id='word_1_301' title='bbox 325 3740 467 3801; x_wconf 88' lang='lat' dir='ltr'>sormam</span> <span class='ocrx_word' id='word_1_302' title='bbox 485 3737 747 3800; x_wconf 86' lang='lat' dir='ltr'>substantialem</span> <span class='ocrx_word' id='word_1_303' title='bbox 766 3747 802 3799; x_wconf 91' lang='lat' dir='ltr'>ut</span> <span class='ocrx_word' id='word_1_304' title='bbox 819 3733 1018 3814; x_wconf 72' lang='lat' dir='ltr'>subjeetum,</span> <span class='ocrx_word' id='word_1_305' title='bbox 1037 3743 1147 3796; x_wconf 87' lang='lat' dir='ltr'>status</span> <span class='ocrx_word' id='word_1_306' title='bbox 1164 3734 1254 3796; x_wconf 91' lang='lat' dir='ltr'>enirn</span> <span class='ocrx_word' id='word_1_307' title='bbox 1274 3736 1439 3796; x_wconf 90' lang='lat' dir='ltr'>mutatio·</span> 
     </span>
     <span class='ocr_line' id='line_1_36' title="bbox 325 3822 1443 3912; baseline -0.003 -21"><span class='ocrx_word' id='word_1_308' title='bbox 325 3849 385 3893; x_wconf 91' lang='lat' dir='ltr'>nes</span> <span class='ocrx_word' id='word_1_309' title='bbox 409 3831 536 3912; x_wconf 87' lang='lat' dir='ltr'>absque</span> <span class='ocrx_word' id='word_1_310' title='bbox 560 3829 667 3891; x_wconf 81' lang='lat' dir='ltr'>forma</span> <span class='ocrx_word' id='word_1_311' title='bbox 690 3827 918 3900; x_wconf 87' lang='lat' dir='ltr'>substantiali,</span> <span class='ocrx_word' id='word_1_312' title='bbox 940 3847 1026 3908; x_wconf 90' lang='lat' dir='ltr'>quae</span> <span class='ocrx_word' id='word_1_313' title='bbox 1049 3822 1249 3906; x_wconf 69' lang='lat' dir='ltr'>subjectum,</span> <span class='ocrx_word' id='word_1_314' title='bbox 1274 3844 1343 3888; x_wconf 93' lang='lat' dir='ltr'>non</span> <span class='ocrx_word' id='word_1_315' title='bbox 1368 3825 1443 3888; x_wconf 85' lang='lat' dir='ltr'>dari</span> 
     </span>
     <span class='ocr_line' id='line_1_37' title="bbox 324 3917 1443 4002; baseline -0.005 -18"><span class='ocrx_word' id='word_1_316' title='bbox 324 3929 487 4002; x_wconf 87' lang='lat' dir='ltr'>possunt;</span> <span class='ocrx_word' id='word_1_317' title='bbox 511 3940 648 4002; x_wconf 89' lang='lat' dir='ltr'>prorsus</span> <span class='ocrx_word' id='word_1_318' title='bbox 667 3921 754 3982; x_wconf 90' lang='lat' dir='ltr'>sicut</span> <span class='ocrx_word' id='word_1_319' title='bbox 772 3921 863 3981; x_wconf 88' lang='lat' dir='ltr'>visus</span> <span class='ocrx_word' id='word_1_320' title='bbox 883 3938 951 3980; x_wconf 91' lang='lat' dir='ltr'>non</span> <span class='ocrx_word' id='word_1_321' title='bbox 970 3919 1098 3999; x_wconf 91' lang='lat' dir='ltr'>absque</span> <span class='ocrx_word' id='word_1_322' title='bbox 1118 3917 1228 3989; x_wconf 88' lang='lat' dir='ltr'>oculo,</span> <span class='ocrx_word' id='word_1_323' title='bbox 1247 3926 1283 3980; x_wconf 90' lang='lat' dir='ltr'>et</span> <span class='ocrx_word' id='word_1_324' title='bbox 1303 3918 1443 3979; x_wconf 84' lang='lat' dir='ltr'>auditus</span> 
     </span>
     <span class='ocr_line' id='line_1_38' title="bbox 323 4009 1443 4095; baseline -0.008 -18"><span class='ocrx_word' id='word_1_325' title='bbox 323 4015 453 4095; x_wconf 88' lang='lat' dir='ltr'>absque</span> <span class='ocrx_word' id='word_1_326' title='bbox 477 4033 566 4077; x_wconf 91' lang='lat' dir='ltr'>aure.</span> <span class='ocrx_word' id='word_1_327' title='bbox 619 4011 720 4093; x_wconf 83' lang='lat' dir='ltr'>Quod</span> <span class='ocrx_word' id='word_1_328' title='bbox 746 4013 862 4092; x_wconf 90' lang='lat' dir='ltr'>itaque</span> <span class='ocrx_word' id='word_1_329' title='bbox 891 4010 1034 4072; x_wconf 81' lang='lat' dir='ltr'>formam</span> <span class='ocrx_word' id='word_1_330' title='bbox 1065 4029 1124 4071; x_wconf 91' lang='lat' dir='ltr'>seu</span> <span class='ocrx_word' id='word_1_331' title='bbox 1152 4009 1349 4089; x_wconf 84' lang='lat' dir='ltr'>imaginem,</span> <span class='ocrx_word' id='word_1_332' title='bbox 1375 4027 1443 4090; x_wconf 90' lang='lat' dir='ltr'>qua</span> 
     </span>
     <span class='ocr_line' id='line_1_39' title="bbox 323 4099 1441 4172; baseline -0.006 -4"><span class='ocrx_word' id='word_1_333' title='bbox 323 4124 420 4169; x_wconf 87' lang='lat' dir='ltr'>mens</span> <span class='ocrx_word' id='word_1_334' title='bbox 444 4105 609 4169; x_wconf 88' lang='lat' dir='ltr'>naturalis</span> <span class='ocrx_word' id='word_1_335' title='bbox 633 4104 734 4167; x_wconf 81' lang='lat' dir='ltr'>refert</span> <span class='ocrx_word' id='word_1_336' title='bbox 757 4103 933 4171; x_wconf 82' lang='lat' dir='ltr'>infernum,</span> <span class='ocrx_word' id='word_1_337' title='bbox 951 4103 1091 4172; x_wconf 89' lang='lat' dir='ltr'>attinet,</span> <span class='ocrx_word' id='word_1_338' title='bbox 1111 4109 1165 4162; x_wconf 87' lang='lat' dir='ltr'>est</span> <span class='ocrx_word' id='word_1_339' title='bbox 1189 4099 1248 4161; x_wconf 91' lang='lat' dir='ltr'>illa</span> <span class='ocrx_word' id='word_1_340' title='bbox 1271 4099 1380 4162; x_wconf 80' lang='lat' dir='ltr'>forma</span> <span class='ocrx_word' id='word_1_341' title='bbox 1402 4108 1441 4162; x_wconf 89' lang='lat' dir='ltr'>et</span> 
     </span>
     <span class='ocr_line' id='line_1_40' title="bbox 323 4191 1441 4280; baseline -0.008 -20"><span class='ocrx_word' id='word_1_342' title='bbox 323 4200 438 4279; x_wconf 85' lang='lat' dir='ltr'>imago</span> <span class='ocrx_word' id='word_1_343' title='bbox 458 4198 549 4270; x_wconf 72' lang='lat' dir='ltr'>talis</span> <span class='ocrx_word' id='word_1_344' title='bbox 569 4198 659 4280; x_wconf 92' lang='lat' dir='ltr'>quod</span> <span class='ocrx_word' id='word_1_345' title='bbox 679 4213 774 4258; x_wconf 91' lang='lat' dir='ltr'>amor</span> <span class='ocrx_word' id='word_1_346' title='bbox 789 4214 937 4274; x_wconf 88' lang='lat' dir='ltr'>regnans</span> <span class='ocrx_word' id='word_1_347' title='bbox 954 4211 1029 4254; x_wconf 91' lang='lat' dir='ltr'>curn</span> <span class='ocrx_word' id='word_1_348' title='bbox 1051 4191 1120 4271; x_wconf 87' lang='lat' dir='ltr'>ejus</span> <span class='ocrx_word' id='word_1_349' title='bbox 1140 4192 1441 4271; x_wconf 83' lang='lat' dir='ltr'>concupiscentiis,</span> 
     </span>
     <span class='ocr_line' id='line_1_41' title="bbox 323 4282 1448 4372; baseline -0.012 -19"><span class='ocrx_word' id='word_1_350' title='bbox 323 4292 378 4372; x_wconf 89' lang='lat' dir='ltr'>qui</span> <span class='ocrx_word' id='word_1_351' title='bbox 398 4300 451 4352; x_wconf 87' lang='lat' dir='ltr'>est</span> <span class='ocrx_word' id='word_1_352' title='bbox 470 4297 581 4352; x_wconf 88' lang='lat' dir='ltr'>status</span> <span class='ocrx_word' id='word_1_353' title='bbox 599 4287 796 4350; x_wconf 83' lang='lat' dir='ltr'>universalis</span> <span class='ocrx_word' id='word_1_354' title='bbox 815 4285 912 4365; x_wconf 88' lang='lat' dir='ltr'>hujus</span> <span class='ocrx_word' id='word_1_355' title='bbox 932 4285 1067 4350; x_wconf 83' lang='lat' dir='ltr'>mentis,</span> <span class='ocrx_word' id='word_1_356' title='bbox 1089 4285 1133 4362; x_wconf 83' lang='lat' dir='ltr'>sit</span> <span class='ocrx_word' id='word_1_357' title='bbox 1152 4284 1240 4345; x_wconf 91' lang='lat' dir='ltr'>sicut</span> <span class='ocrx_word' id='word_1_358' title='bbox 1259 4283 1291 4344; x_wconf 95' lang='lat' dir='ltr'>in</span> <span class='ocrx_word' id='word_1_359' title='bbox 1310 4282 1448 4344; x_wconf 81' lang='lat' dir='ltr'>inferno.</span> 
     </span>
     <span class='ocr_line' id='line_1_42' title="bbox 324 4371 1442 4463; baseline -0.01 -19"><span class='ocrx_word' id='word_1_360' title='bbox 324 4392 378 4445; x_wconf 90' lang='lat' dir='ltr'>est</span> <span class='ocrx_word' id='word_1_361' title='bbox 413 4381 598 4454; x_wconf 91' lang='lat' dir='ltr'>Diabolus;</span> <span class='ocrx_word' id='word_1_362' title='bbox 637 4388 672 4441; x_wconf 91' lang='lat' dir='ltr'>et</span> <span class='ocrx_word' id='word_1_363' title='bbox 695 4379 785 4459; x_wconf 93' lang='lat' dir='ltr'>quod</span> <span class='ocrx_word' id='word_1_364' title='bbox 808 4376 1040 4456; x_wconf 90' lang='lat' dir='ltr'>cogitationes</span> <span class='ocrx_word' id='word_1_365' title='bbox 1063 4374 1140 4438; x_wconf 84' lang='lat' dir='ltr'>salsi</span> <span class='ocrx_word' id='word_1_366' title='bbox 1163 4395 1209 4436; x_wconf 86' lang='lat' dir='ltr'>ex</span> <span class='ocrx_word' id='word_1_367' title='bbox 1232 4392 1349 4463; x_wconf 88' lang='lat' dir='ltr'>amore</span> <span class='ocrx_word' id='word_1_368' title='bbox 1378 4371 1442 4434; x_wconf 92' lang='lat' dir='ltr'>illo</span> 
     </span>
     <span class='ocr_line' id='line_1_43' title="bbox 323 4464 1439 4554; baseline -0.008 -19"><span class='ocrx_word' id='word_1_369' title='bbox 323 4483 491 4554; x_wconf 85' lang='lat' dir='ltr'>regnante</span> <span class='ocrx_word' id='word_1_370' title='bbox 504 4471 678 4542; x_wconf 89' lang='lat' dir='ltr'>oriundae,</span> <span class='ocrx_word' id='word_1_371' title='bbox 697 4471 766 4531; x_wconf 88' lang='lat' dir='ltr'>sint</span> <span class='ocrx_word' id='word_1_372' title='bbox 783 4470 871 4530; x_wconf 89' lang='lat' dir='ltr'>sicut</span> <span class='ocrx_word' id='word_1_373' title='bbox 885 4466 1021 4529; x_wconf 91' lang='lat' dir='ltr'>Diaboli</span> <span class='ocrx_word' id='word_1_374' title='bbox 1038 4467 1137 4528; x_wconf 91' lang='lat' dir='ltr'>turba</span> <span class='ocrx_word' id='word_1_375' title='bbox 1150 4487 1157 4540; x_wconf 90' lang='lat'>;</span> <span class='ocrx_word' id='word_1_376' title='bbox 1182 4484 1242 4546; x_wconf 88' lang='lat' dir='ltr'>per</span> <span class='ocrx_word' id='word_1_377' title='bbox 1255 4464 1439 4526; x_wconf 88' lang='lat' dir='ltr'>Diabolum</span> 
     </span>
     <span class='ocr_line' id='line_1_44' title="bbox 323 4553 1440 4648; baseline -0.009 -22"><span class='ocrx_word' id='word_1_378' title='bbox 323 4575 358 4627; x_wconf 90' lang='lat' dir='ltr'>et</span> <span class='ocrx_word' id='word_1_379' title='bbox 375 4585 436 4648; x_wconf 90' lang='lat' dir='ltr'>per</span> <span class='ocrx_word' id='word_1_380' title='bbox 452 4562 522 4644; x_wconf 86' lang='lat' dir='ltr'>ejus</span> <span class='ocrx_word' id='word_1_381' title='bbox 541 4563 688 4634; x_wconf 89' lang='lat' dir='ltr'>turbam,</span> <span class='ocrx_word' id='word_1_382' title='bbox 706 4580 768 4623; x_wconf 89' lang='lat' dir='ltr'>nec</span> <span class='ocrx_word' id='word_1_383' title='bbox 785 4559 875 4622; x_wconf 91' lang='lat' dir='ltr'>aliud</span> <span class='ocrx_word' id='word_1_384' title='bbox 895 4560 928 4620; x_wconf 93' lang='lat' dir='ltr'>in</span> <span class='ocrx_word' id='word_1_385' title='bbox 945 4555 1061 4620; x_wconf 91' lang='lat' dir='ltr'>Verbo</span> <span class='ocrx_word' id='word_1_386' title='bbox 1080 4555 1293 4636; x_wconf 90' lang='lat' dir='ltr'>intelligitur.</span> <span class='ocrx_word' id='word_1_387' title='bbox 1337 4553 1440 4618; x_wconf 87' lang='lat' dir='ltr'>Simi-</span> 
     </span>
    </p>
   </div>
   <div class='ocr_carea' id='block_1_6' title="bbox 0 0 1638 5380">
    <p class='ocr_par' dir='ltr' id='par_1_9' title="bbox 0 0 1638 5380">
     <span class='ocr_line' id='line_1_45' title="bbox 0 0 1638 5380; baseline 0 2"><span class='ocrx_word' id='word_1_388' title='bbox 0 0 1638 5380; x_wconf 95' lang='lat' dir='ltr'> </span> 
     </span>
    </p>
   </div>
  </div>
 </body>
</html>
