3424 5368
497 698 550 749 nu
575 697 1181 769 urvrnnenov1nnnr1n.-u.191.
1344 703 1402 770 ¹33

277 983 392 1068 QUOD
410 997 577 1050 PROPRIA
596 999 819 1052 enUnnNTm
837 999 969 1052 NULLA
986 999 1056 1062 sm,
1074 999 1123 1050 ΕΤ
1141 999 1269 1052 souUU
1288 1001 1401 1051 APPA-

405 1094 508 1145 Runa·
530 1094 636 1158 QUon
659 1095 729 1158 sm,
755 1095 803 1145 na
833 1095 989 1159 QUOQUE
1020 1095 1220 1146 npunnnnn
1251 1096 1402 1146 unum

403 1189 513 1240 s1cUT
536 1189 614 1255 ειη
652 1191 723 1240 sau
746 1189 851 1253 Quou
883 1176 1028 1240 D1v1nn
1055 1177 1325 1240 Pnovrnuurm
1351 1190 1402 1240 Ex

403 1285 734 1336 srncuunmssrms
753 1284 1009 1335 Umvansnms
1028 1285 1097 1335 sm.

338 1470 434 1537 191·
465 1453 567 1537 Quod
598 1455 736 1540 propria
764 1456 946 1540 prudentia
975 1453 1071 1519 nulla
1100 1457 1157 1533 sit,
1180 1465 1235 1521 est
1263 1477 1401 1540 prorsus
1512 1459 1521 1471 ’

274 1561 396 1617 contra
419 1552 668 1634 apparentiam,
689 1560 725 1615 et
748 1553 828 1615 inde
852 1562 975 1615 contra
998 1551 1184 1616 multorum
1207 1551 1329 1629 fidem;
1367 1559 1402 1614 et

274 1649 354 1730 quia
373 1648 422 1709 ita
441 1658 506 1722 est,
527 1666 597 1711 non
620 1656 736 1728 potest
758 1647 892 1730 aliquis,
913 1647 969 1728 qui
987 1668 1034 1710 ex
1058 1648 1263 1730 apparentia
1281 1647 1315 1710 in
1335 1645 1401 1709 fide

273 1752 340 1819 est,
361 1741 453 1825 quod
476 1742 626 1806 humana
657 1743 839 1825 prudentia
868 1741 972 1806 saciat
1003 1745 1129 1819 omnia,
1150 1742 1308 1805 convinci
1339 1741 1403 1804 nisi

272 1857 334 1924 per
349 1839 501 1902 rationes
517 1839 650 1902 altioris
668 1839 852 1919 indaginis,
871 1858 957 1920 quae
977 1859 1023 1901 ex
1043 1839 1154 1901 causis
1170 1839 1401 1902 desumendae

272 1944 378 2014 sunt;
416 1936 621 2018 apparentia
649 1934 708 1998 illa
738 1942 792 1997 est
823 1931 976 2010 effeetus,
1006 1943 1043 1999 et
1076 1955 1199 1998 causae
1233 1936 1402 2017 detegunt

272 2031 365 2095 unde
382 2029 450 2094 ille.
498 2031 537 2094 In
561 2029 627 2093 hoc
651 2030 798 2112 prologo
816 2029 945 2112 aliquid
964 2029 1008 2092 de
1027 2032 1200 2095 communi
1219 2028 1284 2094 fide
1304 2029 1401 2112 hujus

271 2126 321 2190 rei
344 2127 487 2190 dicetur.
533 2125 665 2190 Contra
694 2127 934 2208 apparentiam
965 2134 1020 2189 est
1050 2127 1115 2190 hoc
1140 2127 1231 2209 quod
1255 2126 1403 2190 ecclesia

272 2220 390 2297 docet,
410 2220 501 2304 quod
521 2241 618 2284 amor
636 2230 672 2284 et
689 2219 775 2284 fides
794 2240 863 2284 non
882 2221 952 2284 sint
972 2222 1016 2283 ab
1034 2220 1173 2285 homine
1193 2223 1253 2286 sed
1273 2244 1293 2284 a
1312 2222 1400 2297 Deo,

271 2325 346 2380 tum
366 2317 456 2400 quod
475 2317 646 2399 sapientia
664 2335 704 2379 ac
723 2315 970 2397 intelligentia,
986 2316 1037 2379 ita
1055 2337 1190 2399 quoque
1208 2318 1400 2398 prudentia,

271 2411 307 2477 in
326 2432 453 2495 genere
473 2432 575 2476 omne
594 2413 723 2475 bonurn
742 2421 778 2475 et
799 2432 926 2475 verum.
973 2410 1058 2475 Cum
1075 2413 1160 2476 haec
1181 2415 1398 2495 recipiuntur,

271 2508 379 2572 etiam
401 2508 635 2590 recipiendum
658 2517 723 2584 est,
742 2508 834 2590 quod
858 2507 998 2590 propria
1020 2508 1203 2590 prudentia
1226 2507 1322 2572 nulla
1343 2509 1399 2584 sit,

271 2601 334 2666 sed
353 2603 463 2666 solum
483 2613 648 2686 appareat
671 2603 764 2686 quod
787 2605 842 2667 sit.
888 2603 1073 2667 Prudentia
1097 2625 1166 2668 non
1189 2604 1326 2668 aliunde
1345 2612 1400 2668 est

272 2717 374 2782 quam
396 2719 442 2761 ex
464 2697 700 2780 intelligentia
722 2709 758 2762 et
782 2699 965 2780 sapientia,
986 2706 1022 2761 et
1043 2698 1108 2762 hae
1132 2700 1220 2762 duae
1243 2719 1313 2762 non
1336 2697 1400 2763 ali·

272 2793 365 2856 unde
384 2801 464 2857 sunt
484 2811 585 2876 quam
609 2813 654 2856 ex
677 2791 858 2858 intellectu
881 2805 917 2857 et
940 2793 1020 2856 inde
1040 2795 1254 2877 cogitatione
1274 2795 1345 2857 veri
1363 2802 1400 2858 et

271 2889 364 2955 boni.
410 2887 487 2952 Hoc
516 2880 606 2972 quod
632 2909 722 2953 nunc
751 2886 880 2954 dilium
907 2899 973 2964 est,
998 2892 1160 2974 recipitur
1186 2902 1221 2955 et
1249 2891 1401 2954 creditur

272 2986 318 3050 ab
340 2983 407 3048 illis
429 2984 485 3066 qui
509 2983 669 3047 Divinam
694 2984 950 3048 Providentiam
974 2998 1181 3067 agnoscunt,
1203 2996 1240 3050 et
1263 3007 1332 3050 non
1355 2988 1399 3050 ab

270 3081 339 3148 illis
362 3081 418 3164 qui
440 3078 552 3142 solam
573 3077 760 3143 humanam
783 3081 1013 3163 prudentiam.
1060 3084 1117 3145 [2.]
1149 3081 1228 3146 Sive
1252 3102 1340 3145 nunc
1364 3082 1398 3145 id

271 3179 338 3246 erit
356 3195 474 3241 verum
497 3174 589 3258 quod
613 3174 760 3240 ecclesia
781 3175 897 3253 docet,
922 3178 1014 3260 quod
1038 3178 1150 3242 omnis
1172 3179 1341 3260 sapientia
1362 3187 1400 3244 et

271 3272 456 3360 prudentia
471 3271 517 3334 sit
535 3289 557 3334 a
575 3270 662 3348 Deo,
679 3271 752 3336 sive
770 3271 863 3356 quod
882 3272 1030 3336 mundus
1046 3271 1162 3349 docet,
1180 3273 1272 3356 quod
1287 3272 1400 3337 omnis

268 3371 440 3454 sapientia
463 3379 499 3435 et
523 3363 705 3452 prudentia
722 3371 766 3434 sit
785 3370 830 3433 ab
848 3369 996 3434 homine.
1042 3369 1133 3435 Num
1156 3371 1257 3435 aliter
1280 3371 1394 3436 conci-

267 3465 344 3530 liari
374 3474 531 3548 possunt,
555 3485 657 3548 quam
681 3464 772 3548 quod
795 3464 829 3528 id
852 3464 943 3548 quod
966 3465 1113 3530 ecclesia
1136 3467 1239 3530 docet
1267 3469 1311 3531 sit
1335 3489 1394 3532 ve·

267 3581 356 3638 rum,
381 3570 416 3626 et
453 3561 544 3645 quod
577 3561 611 3624 id
645 3560 736 3644 quod
770 3560 916 3624 mundus
953 3559 1057 3625 docet
1091 3561 1136 3626 sit
1169 3563 1395 3647 apparentia?

268 3655 431 3720 Ecclesia
446 3657 538 3719 enim
561 3677 607 3718 ex
626 3653 745 3719 Verbo
763 3656 797 3718 id
816 3654 1010 3734 confirmat,
1030 3666 1066 3721 at
1084 3659 1230 3721 mundus
1249 3680 1295 3722 ex
1315 3679 1394 3742 pro-

268 3752 364 3836 prio;
399 3761 435 3815 et
456 3749 609 3814 Verbum
634 3758 687 3814 est
705 3771 726 3813 a
744 3750 831 3827 Deo,
851 3761 888 3816 et
911 3752 1083 3834 proprium
1108 3763 1163 3817 est
1181 3754 1227 3817 ab
1244 3753 1394 3819 homine.

269 3844 443 3930 Quoniam
478 3845 660 3928 prudentia
682 3865 703 3908 a
726 3844 803 3909 Deo
825 3856 891 3924 est,
911 3856 947 3911 et
969 3868 1038 3912 non
1068 3849 1113 3912 ab
1141 3847 1292 3925 homine,
1315 3849 1396 3914 ideo

267 3941 375 4006 homo
406 3940 631 4018 Christianus,
655 3940 736 4005 dum
763 3941 797 4005 in
824 3943 1010 4008 devotione
1038 3952 1103 4020 est,
1129 3952 1205 4008 orat
1235 3953 1272 4008 ut
1301 3944 1395 4007 Deus

268 4036 374 4100 ducat
396 4035 466 4117 ejus
485 4037 729 4118 cogitationes,
750 4037 894 4100 consilia
917 4048 953 4102 et
976 4035 1084 4118 laetu
1116 4048 1152 4103 et
1175 4059 1309 4122 quoque
1332 4039 1394 4102 ad-

239 4191 245 4200 .
268 4131 331 4206 dit,
352 4132 430 4213 quia
448 4152 493 4194 ex
512 4152 549 4194 se
568 4152 637 4195 non
657 4140 787 4215 potest.
833 4132 866 4196 Is
886 4153 1021 4218 quoque
1040 4153 1117 4198 cum
1135 4134 1222 4198 vidit
1245 4133 1394 4217 aliquem

267 4226 555 4303 benefacientem,
580 4227 664 4292 dicit
698 4227 789 4301 quod
822 4227 865 4291 ad
894 4228 928 4293 id
959 4250 979 4292 a
1014 4229 1090 4294 Deo
1123 4227 1245 4294 ductus
1278 4229 1334 4306 sit,
1358 4239 1395 4296 et

268 4321 367 4406 plura
396 4321 528 4385 similia.
574 4320 666 4387 Num
695 4323 769 4408 quis
797 4324 848 4388 ita
877 4323 968 4408 loqui
998 4333 1127 4407 potest,
1153 4325 1217 4389 nisi
1247 4336 1329 4390 tunc
1359 4326 1395 4390 id

267 4417 412 4483 interius
435 4416 578 4483 credat?
622 4417 678 4483 Ac
700 4420 845 4484 interius
862 4420 897 4484 id
916 4421 1057 4486 credere
1080 4430 1134 4486 est
1153 4443 1171 4486 e
1190 4421 1298 4486 caelo.
1342 4421 1396 4488 At

268 4531 346 4578 cum
370 4513 503 4595 cogitat
526 4533 654 4591 secum,
675 4524 711 4580 et
734 4513 868 4598 colligit
898 4526 1104 4600 argumenta
1126 4538 1188 4600 pro
1211 4517 1396 4599 prudentia

266 4606 429 4684 humana,
449 4619 568 4694 potest
592 4612 801 4677 contrarium
825 4611 977 4689 credere,
997 4622 1033 4677 et
1056 4613 1122 4677 hoc
1142 4622 1234 4678 este
1253 4613 1394 4677 mundo.

266 4699 336 4769 Sed
354 4703 438 4769 fides
457 4707 594 4769 interna
608 4707 715 4771 vincit
735 4707 825 4789 apud
844 4707 922 4770 illos
942 4709 998 4791 qui
1018 4709 1129 4772 Deum
1146 4708 1250 4773 corde
1265 4727 1393 4791 agnos·
