<?xml version="1.0" encoding="UTF-8"?>
<!DOCTYPE html PUBLIC "-//W3C//DTD XHTML 1.0 Transitional//EN"
    "http://www.w3.org/TR/xhtml1/DTD/xhtml1-transitional.dtd">
<html xmlns="http://www.w3.org/1999/xhtml" xml:lang="en" lang="en">
 <head>
  <title>
</title>
<meta http-equiv="Content-Type" content="text/html;charset=utf-8" />
  <meta name='ocr-system' content='tesseract 3.04.00' />
  <meta name='ocr-capabilities' content='ocr_page ocr_carea ocr_par ocr_line ocrx_word'/>
</head>
<body>
  <div class='ocr_page' id='page_1' title='image "./sapientaangelic01swedgoog_0452.png"; bbox 0 0 3424 5368; ppageno 0'>
   <div class='ocr_carea' id='block_1_1' title="bbox 515 667 1424 742">
    <p class='ocr_par' dir='ltr' id='par_1_1' title="bbox 515 667 1424 742">
     <span class='ocr_line' id='line_1_1' title="bbox 515 667 1424 742; baseline 0.006 -23"><span class='ocrx_word' id='word_1_1' title='bbox 515 667 564 719; x_wconf 81' lang='lat' dir='ltr'><strong>nn</strong></span> <span class='ocrx_word' id='word_1_2' title='bbox 589 667 1104 721; x_wconf 75' lang='lat' dir='ltr'><strong>D1V1NAPROV1DENT1n.-N.</strong></span> <span class='ocrx_word' id='word_1_3' title='bbox 1129 669 1200 740; x_wconf 81' lang='lat'>257.</span> <span class='ocrx_word' id='word_1_4' title='bbox 1363 674 1424 742; x_wconf 85' lang='lat'><strong>203</strong></span> 
     </span>
    </p>
   </div>
   <div class='ocr_carea' id='block_1_2' title="bbox 297 837 1425 1306">
    <p class='ocr_par' dir='ltr' id='par_1_2' title="bbox 297 837 1425 1306">
     <span class='ocr_line' id='line_1_2' title="bbox 298 837 1424 927; baseline 0.004 -23"><span class='ocrx_word' id='word_1_5' title='bbox 298 837 394 906; x_wconf 84' lang='lat' dir='ltr'><strong>vrvit.</strong></span> <span class='ocrx_word' id='word_1_6' title='bbox 441 851 499 916; x_wconf 72' lang='grc'><strong>[2.]</strong></span> <span class='ocrx_word' id='word_1_7' title='bbox 531 837 616 922; x_wconf 85' lang='lat' dir='ltr'><strong>Quis</strong></span> <span class='ocrx_word' id='word_1_8' title='bbox 635 861 704 906; x_wconf 91' lang='lat' dir='ltr'><strong>non</strong></span> <span class='ocrx_word' id='word_1_9' title='bbox 724 841 840 907; x_wconf 90' lang='lat' dir='ltr'><strong>videre</strong></span> <span class='ocrx_word' id='word_1_10' title='bbox 860 852 989 926; x_wconf 89' lang='lat' dir='ltr'><strong>potest,</strong></span> <span class='ocrx_word' id='word_1_11' title='bbox 1009 844 1101 927; x_wconf 91' lang='lat' dir='ltr'><strong>quod</strong></span> <span class='ocrx_word' id='word_1_12' title='bbox 1121 842 1186 908; x_wconf 91' lang='lat' dir='ltr'><strong>hoc</strong></span> <span class='ocrx_word' id='word_1_13' title='bbox 1207 844 1251 908; x_wconf 91' lang='lat' dir='ltr'><strong>sit</strong></span> <span class='ocrx_word' id='word_1_14' title='bbox 1272 843 1424 926; x_wconf 88' lang='lat' dir='ltr'><strong>Babylo·</strong></span> 
     </span>
     <span class='ocr_line' id='line_1_3' title="bbox 298 933 1425 1021; baseline 0.005 -23"><span class='ocrx_word' id='word_1_15' title='bbox 298 935 356 1000; x_wconf 88' lang='lat' dir='ltr'><strong>nia</strong></span> <span class='ocrx_word' id='word_1_16' title='bbox 378 935 413 1000; x_wconf 92' lang='lat' dir='ltr'><strong>in</strong></span> <span class='ocrx_word' id='word_1_17' title='bbox 436 933 646 1018; x_wconf 83' lang='lat' dir='ltr'><em>Apocalypsi</em></span> <span class='ocrx_word' id='word_1_18' title='bbox 665 936 840 1020; x_wconf 89' lang='lat' dir='ltr'><strong>descripta</strong></span> <span class='ocrx_word' id='word_1_19' title='bbox 854 960 862 1017; x_wconf 91' lang='lat'>;</span> <span class='ocrx_word' id='word_1_20' title='bbox 892 947 928 1002; x_wconf 90' lang='lat' dir='ltr'><strong>et</strong></span> <span class='ocrx_word' id='word_1_21' title='bbox 955 938 1046 1021; x_wconf 92' lang='lat' dir='ltr'><strong>quod</strong></span> <span class='ocrx_word' id='word_1_22' title='bbox 1074 939 1140 1003; x_wconf 91' lang='lat' dir='ltr'><strong>hoc</strong></span> <span class='ocrx_word' id='word_1_23' title='bbox 1167 939 1212 1003; x_wconf 92' lang='lat' dir='ltr'><strong>sit</strong></span> <span class='ocrx_word' id='word_1_24' title='bbox 1237 938 1357 1015; x_wconf 88' lang='lat' dir='ltr'><strong>Babel,</strong></span> <span class='ocrx_word' id='word_1_25' title='bbox 1382 938 1425 1004; x_wconf 92' lang='lat' dir='ltr'><strong>de</strong></span> 
     </span>
     <span class='ocr_line' id='line_1_4' title="bbox 298 1030 1425 1117; baseline 0.005 -23"><span class='ocrx_word' id='word_1_26' title='bbox 298 1050 364 1116; x_wconf 88' lang='lat' dir='ltr'><strong>qna</strong></span> <span class='ocrx_word' id='word_1_27' title='bbox 382 1030 511 1114; x_wconf 87' lang='lat' dir='ltr'><strong>passim</strong></span> <span class='ocrx_word' id='word_1_28' title='bbox 527 1032 618 1115; x_wconf 86' lang='lat' dir='ltr'><strong>apud</strong></span> <span class='ocrx_word' id='word_1_29' title='bbox 639 1031 852 1117; x_wconf 87' lang='lat' dir='ltr'>Prophetas?</span> <span class='ocrx_word' id='word_1_30' title='bbox 898 1032 999 1115; x_wconf 86' lang='lat' dir='ltr'><strong>Quod</strong></span> <span class='ocrx_word' id='word_1_31' title='bbox 1019 1035 1125 1099; x_wconf 89' lang='lat' dir='ltr'><strong>etiam</strong></span> <span class='ocrx_word' id='word_1_32' title='bbox 1141 1034 1207 1100; x_wconf 90' lang='lat' dir='ltr'><strong>hoc</strong></span> <span class='ocrx_word' id='word_1_33' title='bbox 1224 1035 1269 1100; x_wconf 90' lang='lat' dir='ltr'><strong>sit</strong></span> <span class='ocrx_word' id='word_1_34' title='bbox 1289 1033 1425 1100; x_wconf 86' lang='lat' dir='ltr'>Lucifer</span> 
     </span>
     <span class='ocr_line' id='line_1_5' title="bbox 297 1125 1424 1215; baseline 0.004 -24"><span class='ocrx_word' id='word_1_35' title='bbox 297 1128 387 1210; x_wconf 88' lang='lat' dir='ltr'><strong>apud</strong></span> <span class='ocrx_word' id='word_1_36' title='bbox 405 1125 547 1193; x_wconf 82' lang='lat' dir='ltr'><em>Esaiam</em></span> <span class='ocrx_word' id='word_1_37' title='bbox 562 1129 643 1206; x_wconf 78' lang='lat' dir='ltr'><strong>xiv,</strong></span> <span class='ocrx_word' id='word_1_38' title='bbox 664 1139 762 1211; x_wconf 89' lang='lat' dir='ltr'><strong>patet</strong></span> <span class='ocrx_word' id='word_1_39' title='bbox 779 1149 799 1196; x_wconf 88' lang='lat' dir='ltr'><strong>a</strong></span> <span class='ocrx_word' id='word_1_40' title='bbox 814 1129 969 1196; x_wconf 86' lang='lat' dir='ltr'><strong>versibus</strong></span> <span class='ocrx_word' id='word_1_41' title='bbox 983 1145 1006 1210; x_wconf 89' lang='lat'>4</span> <span class='ocrx_word' id='word_1_42' title='bbox 1020 1137 1057 1195; x_wconf 92' lang='lat' dir='ltr'><strong>et</strong></span> <span class='ocrx_word' id='word_1_43' title='bbox 1074 1144 1114 1196; x_wconf 84' lang='lat'><strong>22</strong></span> <span class='ocrx_word' id='word_1_44' title='bbox 1129 1131 1220 1196; x_wconf 91' lang='lat' dir='ltr'><strong>illius</strong></span> <span class='ocrx_word' id='word_1_45' title='bbox 1236 1131 1371 1215; x_wconf 89' lang='lat' dir='ltr'><strong>capitis,</strong></span> <span class='ocrx_word' id='word_1_46' title='bbox 1389 1133 1424 1196; x_wconf 94' lang='lat' dir='ltr'><strong>in</strong></span> 
     </span>
     <span class='ocr_line' id='line_1_6' title="bbox 298 1222 761 1306; baseline 0.002 -19"><span class='ocrx_word' id='word_1_47' title='bbox 298 1223 419 1306; x_wconf 91' lang='lat' dir='ltr'><strong>quibus</strong></span> <span class='ocrx_word' id='word_1_48' title='bbox 437 1222 523 1288; x_wconf 90' lang='lat' dir='ltr'><strong>haec</strong></span> <span class='ocrx_word' id='word_1_49' title='bbox 541 1224 646 1290; x_wconf 86' lang='lat' dir='ltr'><strong>verba</strong></span> <span class='ocrx_word' id='word_1_50' title='bbox 662 1236 761 1290; x_wconf 89' lang='lat' dir='ltr'><strong>sunt:</strong></span> 
     </span>
    </p>
   </div>
   <div class='ocr_carea' id='block_1_3' title="bbox 418 1363 1292 1505">
    <p class='ocr_par' dir='ltr' id='par_1_3' title="bbox 418 1363 1292 1505">
     <span class='ocr_line' id='line_1_7' title="bbox 418 1363 1246 1432; baseline 0.005 -16"><span class='ocrx_word' id='word_1_51' title='bbox 418 1368 434 1391; x_wconf 84' lang='lat'><strong>¹·</strong></span> <span class='ocrx_word' id='word_1_52' title='bbox 442 1363 574 1417; x_wconf 83' lang='lat' dir='ltr'><strong>Enunties</strong></span> <span class='ocrx_word' id='word_1_53' title='bbox 586 1366 657 1416; x_wconf 88' lang='lat' dir='ltr'><strong>hanc</strong></span> <span class='ocrx_word' id='word_1_54' title='bbox 669 1367 825 1430; x_wconf 87' lang='lat' dir='ltr'><strong>parabolam</strong></span> <span class='ocrx_word' id='word_1_55' title='bbox 838 1367 872 1420; x_wconf 92' lang='lat' dir='ltr'><strong>de</strong></span> <span class='ocrx_word' id='word_1_56' title='bbox 886 1382 950 1432; x_wconf 80' lang='lat' dir='ltr'><strong>rege</strong></span> <span class='ocrx_word' id='word_1_57' title='bbox 966 1367 1097 1419; x_wconf 87' lang='lat' dir='ltr'><strong>Babelis”</strong></span> <span class='ocrx_word' id='word_1_58' title='bbox 1109 1368 1190 1428; x_wconf 89' lang='lat' dir='ltr'><strong>(vers.</strong></span> <span class='ocrx_word' id='word_1_59' title='bbox 1202 1367 1229 1432; x_wconf 84' lang='lat'><strong>4)</strong></span> <span class='ocrx_word' id='word_1_60' title='bbox 1240 1385 1246 1430; x_wconf 89' lang='lat'>;</span> 
     </span>
     <span class='ocr_line' id='line_1_8' title="bbox 420 1430 1292 1505; baseline 0.002 -21"><span class='ocrx_word' id='word_1_61' title='bbox 420 1430 491 1484; x_wconf 83' lang='lat' dir='ltr'><strong>Dein</strong></span> <span class='ocrx_word' id='word_1_62' title='bbox 506 1435 521 1456; x_wconf 84' lang='lat'><strong>‘¹</strong></span> <span class='ocrx_word' id='word_1_63' title='bbox 529 1431 692 1484; x_wconf 84' lang='lat' dir='ltr'><strong>Exscindam</strong></span> <span class='ocrx_word' id='word_1_64' title='bbox 709 1431 802 1486; x_wconf 87' lang='lat' dir='ltr'><strong>Babeli</strong></span> <span class='ocrx_word' id='word_1_65' title='bbox 816 1448 916 1485; x_wconf 89' lang='lat' dir='ltr'><strong>nomen</strong></span> <span class='ocrx_word' id='word_1_66' title='bbox 929 1445 957 1485; x_wconf 89' lang='lat' dir='ltr'><strong>et</strong></span> <span class='ocrx_word' id='word_1_67' title='bbox 968 1435 1104 1505; x_wconf 80' lang='lat' dir='ltr'><strong>residuum</strong></span> <span class='ocrx_word' id='word_1_68' title='bbox 1113 1434 1129 1454; x_wconf 88' lang='lat'><strong>”</strong></span> <span class='ocrx_word' id='word_1_69' title='bbox 1141 1437 1221 1494; x_wconf 86' lang='lat' dir='ltr'><strong>(vers.</strong></span> <span class='ocrx_word' id='word_1_70' title='bbox 1234 1439 1292 1498; x_wconf 55' lang='grc' dir='ltr'><strong>πῆς</strong></span> 
     </span>
    </p>
   </div>
   <div class='ocr_carea' id='block_1_4' title="bbox 296 1555 1399 1643">
    <p class='ocr_par' dir='ltr' id='par_1_4' title="bbox 296 1555 1399 1643">
     <span class='ocr_line' id='line_1_9' title="bbox 296 1555 1399 1643; baseline 0.003 -20"><span class='ocrx_word' id='word_1_71' title='bbox 296 1577 342 1623; x_wconf 89' lang='lat' dir='ltr'><strong>ex</strong></span> <span class='ocrx_word' id='word_1_72' title='bbox 358 1577 426 1642; x_wconf 92' lang='lat' dir='ltr'><strong>quo</strong></span> <span class='ocrx_word' id='word_1_73' title='bbox 445 1555 565 1640; x_wconf 87' lang='lat' dir='ltr'><strong>liquet,</strong></span> <span class='ocrx_word' id='word_1_74' title='bbox 581 1557 674 1641; x_wconf 90' lang='lat' dir='ltr'><strong>quod</strong></span> <span class='ocrx_word' id='word_1_75' title='bbox 695 1555 802 1622; x_wconf 87' lang='lat' dir='ltr'><strong>Babel</strong></span> <span class='ocrx_word' id='word_1_76' title='bbox 822 1559 868 1623; x_wconf 91' lang='lat' dir='ltr'><strong>ibi</strong></span> <span class='ocrx_word' id='word_1_77' title='bbox 887 1559 931 1623; x_wconf 92' lang='lat' dir='ltr'><strong>sit</strong></span> <span class='ocrx_word' id='word_1_78' title='bbox 951 1557 1096 1634; x_wconf 78' lang='lat' dir='ltr'><strong>Lucifer,</strong></span> <span class='ocrx_word' id='word_1_79' title='bbox 1115 1559 1157 1624; x_wconf 88' lang='lat' dir='ltr'><strong>de</strong></span> <span class='ocrx_word' id='word_1_80' title='bbox 1177 1579 1244 1643; x_wconf 91' lang='lat' dir='ltr'><strong>quo</strong></span> <span class='ocrx_word' id='word_1_81' title='bbox 1264 1561 1399 1638; x_wconf 88' lang='lat' dir='ltr'><strong>dicitur,</strong></span> 
     </span>
    </p>
   </div>
   <div class='ocr_carea' id='block_1_5' title="bbox 346 1665 1422 1998">
    <p class='ocr_par' dir='ltr' id='par_1_5' title="bbox 346 1665 1422 1998">
     <span class='ocr_line' id='line_1_10' title="bbox 346 1665 1422 1740; baseline 0.006 -19"><span class='ocrx_word' id='word_1_82' title='bbox 346 1671 514 1738; x_wconf 79' lang='lat' dir='ltr'><strong>“Quomodo</strong></span> <span class='ocrx_word' id='word_1_83' title='bbox 526 1672 645 1724; x_wconf 82' lang='lat' dir='ltr'><strong>cecidisti</strong></span> <span class='ocrx_word' id='word_1_84' title='bbox 655 1672 688 1722; x_wconf 89' lang='lat' dir='ltr'><strong>de</strong></span> <span class='ocrx_word' id='word_1_85' title='bbox 697 1665 781 1732; x_wconf 82' lang='lat' dir='ltr'><strong>eaelo,</strong></span> <span class='ocrx_word' id='word_1_86' title='bbox 793 1671 905 1731; x_wconf 84' lang='lat' dir='ltr'><strong>Lucifer,</strong></span> <span class='ocrx_word' id='word_1_87' title='bbox 916 1673 985 1724; x_wconf 87' lang='lat' dir='ltr'><strong>tilius</strong></span> <span class='ocrx_word' id='word_1_88' title='bbox 995 1689 1108 1724; x_wconf 87' lang='lat' dir='ltr'><strong>aurorae</strong></span> <span class='ocrx_word' id='word_1_89' title='bbox 1119 1692 1124 1724; x_wconf 77' lang='grc' dir='ltr'><em>ι</em></span> <span class='ocrx_word' id='word_1_90' title='bbox 1136 1713 1142 1726; x_wconf 90' lang='grc'><strong>.</strong></span> <span class='ocrx_word' id='word_1_91' title='bbox 1153 1712 1159 1725; x_wconf 93' lang='grc'><strong>.</strong></span> <span class='ocrx_word' id='word_1_92' title='bbox 1169 1712 1175 1724; x_wconf 94' lang='grc'><strong>.</strong></span> <span class='ocrx_word' id='word_1_93' title='bbox 1186 1713 1192 1724; x_wconf 94' lang='grc'><strong>.</strong></span> <span class='ocrx_word' id='word_1_94' title='bbox 1204 1675 1276 1740; x_wconf 85' lang='lat' dir='ltr'><strong>atqui</strong></span> <span class='ocrx_word' id='word_1_95' title='bbox 1290 1685 1319 1726; x_wconf 90' lang='lat' dir='ltr'><strong>tu</strong></span> <span class='ocrx_word' id='word_1_96' title='bbox 1330 1677 1422 1728; x_wconf 87' lang='lat' dir='ltr'><strong>dixisti</strong></span> 
     </span>
     <span class='ocr_line' id='line_1_11' title="bbox 428 1738 1421 1803; baseline 0.004 -15"><span class='ocrx_word' id='word_1_97' title='bbox 428 1739 455 1788; x_wconf 91' lang='lat' dir='ltr'><strong>in</strong></span> <span class='ocrx_word' id='word_1_98' title='bbox 474 1739 555 1790; x_wconf 88' lang='lat' dir='ltr'><strong>corde</strong></span> <span class='ocrx_word' id='word_1_99' title='bbox 573 1749 628 1797; x_wconf 88' lang='lat' dir='ltr'><strong>tuo,</strong></span> <span class='ocrx_word' id='word_1_100' title='bbox 640 1738 731 1790; x_wconf 88' lang='lat' dir='ltr'><strong>caelos</strong></span> <span class='ocrx_word' id='word_1_101' title='bbox 748 1739 912 1798; x_wconf 66' lang='lat' dir='ltr'><strong>ascendam</strong></span> <span class='ocrx_word' id='word_1_102' title='bbox 930 1755 1012 1803; x_wconf 86' lang='lat' dir='ltr'><strong>supra</strong></span> <span class='ocrx_word' id='word_1_103' title='bbox 1029 1740 1121 1790; x_wconf 85' lang='lat' dir='ltr'><strong>stellas</strong></span> <span class='ocrx_word' id='word_1_104' title='bbox 1137 1739 1185 1790; x_wconf 88' lang='lat' dir='ltr'><strong>Dei</strong></span> <span class='ocrx_word' id='word_1_105' title='bbox 1204 1741 1329 1791; x_wconf 84' lang='lat' dir='ltr'><strong>exaltabo</strong></span> <span class='ocrx_word' id='word_1_106' title='bbox 1348 1742 1421 1792; x_wconf 89' lang='lat' dir='ltr'><strong>thro·</strong></span> 
     </span>
     <span class='ocr_line' id='line_1_12' title="bbox 427 1804 1420 1872; baseline 0.005 -18"><span class='ocrx_word' id='word_1_107' title='bbox 427 1817 492 1854; x_wconf 87' lang='lat' dir='ltr'><strong>num</strong></span> <span class='ocrx_word' id='word_1_108' title='bbox 512 1818 609 1865; x_wconf 82' lang='lat' dir='ltr'><strong>meum,</strong></span> <span class='ocrx_word' id='word_1_109' title='bbox 624 1814 652 1854; x_wconf 88' lang='lat' dir='ltr'><strong>et</strong></span> <span class='ocrx_word' id='word_1_110' title='bbox 669 1804 769 1855; x_wconf 84' lang='lat' dir='ltr'><strong>sedebo</strong></span> <span class='ocrx_word' id='word_1_111' title='bbox 787 1805 816 1854; x_wconf 93' lang='lat' dir='ltr'><strong>in</strong></span> <span class='ocrx_word' id='word_1_112' title='bbox 834 1816 927 1855; x_wconf 87' lang='lat' dir='ltr'><strong>monte</strong></span> <span class='ocrx_word' id='word_1_113' title='bbox 945 1816 1106 1866; x_wconf 83' lang='lat' dir='ltr'><strong>conventus,</strong></span> <span class='ocrx_word' id='word_1_114' title='bbox 1121 1807 1148 1856; x_wconf 91' lang='lat' dir='ltr'><strong>in</strong></span> <span class='ocrx_word' id='word_1_115' title='bbox 1167 1806 1296 1857; x_wconf 86' lang='lat' dir='ltr'><strong>lateribus</strong></span> <span class='ocrx_word' id='word_1_116' title='bbox 1314 1819 1420 1872; x_wconf 87' lang='lat' dir='ltr'><strong>septen·</strong></span> 
     </span>
     <span class='ocr_line' id='line_1_13' title="bbox 428 1870 1419 1998; baseline 0.005 -78"><span class='ocrx_word' id='word_1_117' title='bbox 428 1870 541 1926; x_wconf 83' lang='lat' dir='ltr'><strong>trionis:</strong></span> <span class='ocrx_word' id='word_1_118' title='bbox 561 1870 706 1998; x_wconf 52' lang='lat' dir='ltr'><strong>rescindam</strong></span> <span class='ocrx_word' id='word_1_119' title='bbox 721 1885 804 1934; x_wconf 87' lang='lat' dir='ltr'><strong>supra</strong></span> <span class='ocrx_word' id='word_1_120' title='bbox 820 1870 927 1924; x_wconf 77' lang='lat' dir='ltr'><strong>excelsa</strong></span> <span class='ocrx_word' id='word_1_121' title='bbox 945 1873 1041 1932; x_wconf 86' lang='lat' dir='ltr'><strong>nubis;</strong></span> <span class='ocrx_word' id='word_1_122' title='bbox 1059 1873 1155 1923; x_wconf 88' lang='lat' dir='ltr'><strong>similis</strong></span> <span class='ocrx_word' id='word_1_123' title='bbox 1173 1873 1234 1924; x_wconf 85' lang='lat' dir='ltr'><strong>fiam</strong></span> <span class='ocrx_word' id='word_1_124' title='bbox 1253 1873 1419 1925; x_wconf 85' lang='lat' dir='ltr'><strong>Altisaimo&#39;&#39;</strong></span> 
     </span>
     <span class='ocr_line' id='line_1_14' title="bbox 428 1939 604 1996; baseline 0.023 -12"><span class='ocrx_word' id='word_1_125' title='bbox 428 1939 604 1996; x_wconf 75' lang='lat' dir='ltr'><strong>(vetata-14</strong></span> 
     </span>
    </p>
   </div>
   <div class='ocr_carea' id='block_1_6' title="bbox 293 2067 1420 2635">
    <p class='ocr_par' dir='ltr' id='par_1_6' title="bbox 293 2067 1420 2635">
     <span class='ocr_line' id='line_1_15' title="bbox 295 2067 1419 2158; baseline 0.002 -21"><span class='ocrx_word' id='word_1_126' title='bbox 295 2071 398 2156; x_wconf 87' lang='lat' dir='ltr'><strong>Quod</strong></span> <span class='ocrx_word' id='word_1_127' title='bbox 423 2075 587 2138; x_wconf 87' lang='lat' dir='ltr'><strong>invocent</strong></span> <span class='ocrx_word' id='word_1_128' title='bbox 610 2067 768 2138; x_wconf 84' lang='lat' dir='ltr'><strong>homines</strong></span> <span class='ocrx_word' id='word_1_129' title='bbox 795 2084 961 2149; x_wconf 89' lang='lat' dir='ltr'><strong>mortuos,</strong></span> <span class='ocrx_word' id='word_1_130' title='bbox 986 2093 1026 2139; x_wconf 89' lang='lat' dir='ltr'><strong>ac</strong></span> <span class='ocrx_word' id='word_1_131' title='bbox 1054 2086 1153 2139; x_wconf 90' lang='lat' dir='ltr'><strong>orent</strong></span> <span class='ocrx_word' id='word_1_132' title='bbox 1182 2085 1219 2139; x_wconf 88' lang='lat' dir='ltr'><strong>ut</strong></span> <span class='ocrx_word' id='word_1_133' title='bbox 1243 2093 1344 2158; x_wconf 85' lang='lat' dir='ltr'><strong>opem</strong></span> <span class='ocrx_word' id='word_1_134' title='bbox 1370 2075 1419 2140; x_wconf 86' lang='lat' dir='ltr'><strong>ie·</strong></span> 
     </span>
     <span class='ocr_line' id='line_1_16' title="bbox 295 2167 1420 2254; baseline 0.001 -20"><span class='ocrx_word' id='word_1_135' title='bbox 295 2181 384 2242; x_wconf 84' lang='lat' dir='ltr'><strong>tant,</strong></span> <span class='ocrx_word' id='word_1_136' title='bbox 408 2180 530 2234; x_wconf 90' lang='lat' dir='ltr'><strong>notum</strong></span> <span class='ocrx_word' id='word_1_137' title='bbox 553 2179 618 2236; x_wconf 92' lang='lat' dir='ltr'><strong>est.</strong></span> <span class='ocrx_word' id='word_1_138' title='bbox 664 2167 799 2233; x_wconf 88' lang='lat' dir='ltr'>Dicitur</span> <span class='ocrx_word' id='word_1_139' title='bbox 824 2169 915 2254; x_wconf 91' lang='lat' dir='ltr'><strong>quod</strong></span> <span class='ocrx_word' id='word_1_140' title='bbox 940 2171 1115 2244; x_wconf 84' lang='lat' dir='ltr'><strong>invocent,</strong></span> <span class='ocrx_word' id='word_1_141' title='bbox 1141 2171 1219 2254; x_wconf 87' lang='lat' dir='ltr'><strong>qnia</strong></span> <span class='ocrx_word' id='word_1_142' title='bbox 1244 2171 1420 2235; x_wconf 86' lang='lat' dir='ltr'><strong>invocatio</strong></span> 
     </span>
     <span class='ocr_line' id='line_1_17' title="bbox 293 2263 1418 2348; baseline 0.003 -20"><span class='ocrx_word' id='word_1_143' title='bbox 293 2263 429 2330; x_wconf 86' lang='lat' dir='ltr'><strong>illorum</strong></span> <span class='ocrx_word' id='word_1_144' title='bbox 452 2265 610 2330; x_wconf 88' lang='lat' dir='ltr'><strong>stabilita</strong></span> <span class='ocrx_word' id='word_1_145' title='bbox 636 2274 690 2330; x_wconf 88' lang='lat' dir='ltr'><strong>est</strong></span> <span class='ocrx_word' id='word_1_146' title='bbox 722 2283 781 2348; x_wconf 89' lang='lat' dir='ltr'><strong>per</strong></span> <span class='ocrx_word' id='word_1_147' title='bbox 808 2263 944 2330; x_wconf 89' lang='lat' dir='ltr'><strong>Bullam</strong></span> <span class='ocrx_word' id='word_1_148' title='bbox 969 2265 1131 2348; x_wconf 87' lang='lat' dir='ltr'><strong>Papalem</strong></span> <span class='ocrx_word' id='word_1_149' title='bbox 1155 2264 1418 2331; x_wconf 86' lang='lat' dir='ltr'><strong>confirmantem</strong></span> 
     </span>
     <span class='ocr_line' id='line_1_18' title="bbox 294 2357 1417 2448; baseline 0 -24"><span class='ocrx_word' id='word_1_150' title='bbox 294 2360 472 2426; x_wconf 85' lang='lat' dir='ltr'><strong>decretum</strong></span> <span class='ocrx_word' id='word_1_151' title='bbox 496 2358 643 2428; x_wconf 86' lang='lat' dir='ltr'><strong>Concilii</strong></span> <span class='ocrx_word' id='word_1_152' title='bbox 668 2357 872 2436; x_wconf 85' lang='lat' dir='ltr'><strong>Tridentini,</strong></span> <span class='ocrx_word' id='word_1_153' title='bbox 892 2361 926 2424; x_wconf 90' lang='lat' dir='ltr'><strong>in</strong></span> <span class='ocrx_word' id='word_1_154' title='bbox 949 2381 1016 2444; x_wconf 90' lang='lat' dir='ltr'><strong>qua</strong></span> <span class='ocrx_word' id='word_1_155' title='bbox 1038 2373 1158 2444; x_wconf 86' lang='lat' dir='ltr'><strong>aperte</strong></span> <span class='ocrx_word' id='word_1_156' title='bbox 1182 2361 1307 2426; x_wconf 89' lang='lat' dir='ltr'><strong>dicitur</strong></span> <span class='ocrx_word' id='word_1_157' title='bbox 1326 2360 1417 2448; x_wconf 92' lang='lat' dir='ltr'><strong>quod</strong></span> 
     </span>
     <span class='ocr_line' id='line_1_19' title="bbox 293 2453 1418 2539; baseline 0 -20"><span class='ocrx_word' id='word_1_158' title='bbox 293 2455 478 2520; x_wconf 89' lang='lat' dir='ltr'><strong>invocandi</strong></span> <span class='ocrx_word' id='word_1_159' title='bbox 500 2456 580 2520; x_wconf 92' lang='lat' dir='ltr'><strong>sint.</strong></span> <span class='ocrx_word' id='word_1_160' title='bbox 626 2453 711 2537; x_wconf 83' lang='lat' dir='ltr'><strong>Quis</strong></span> <span class='ocrx_word' id='word_1_161' title='bbox 733 2464 851 2520; x_wconf 87' lang='lat' dir='ltr'><strong>tamen</strong></span> <span class='ocrx_word' id='word_1_162' title='bbox 876 2475 944 2520; x_wconf 92' lang='lat' dir='ltr'><strong>non</strong></span> <span class='ocrx_word' id='word_1_163' title='bbox 968 2457 1077 2530; x_wconf 87' lang='lat' dir='ltr'><strong>novit,</strong></span> <span class='ocrx_word' id='word_1_164' title='bbox 1095 2456 1186 2539; x_wconf 89' lang='lat' dir='ltr'><strong>quod</strong></span> <span class='ocrx_word' id='word_1_165' title='bbox 1207 2455 1300 2520; x_wconf 90' lang='lat' dir='ltr'><strong>solus</strong></span> <span class='ocrx_word' id='word_1_166' title='bbox 1324 2453 1418 2520; x_wconf 89' lang='lat' dir='ltr'><strong>Deus</strong></span> 
     </span>
     <span class='ocr_line' id='line_1_20' title="bbox 293 2549 1416 2635; baseline 0.002 -20"><span class='ocrx_word' id='word_1_167' title='bbox 293 2551 518 2628; x_wconf 89' lang='lat' dir='ltr'><strong>invocandus,</strong></span> <span class='ocrx_word' id='word_1_168' title='bbox 535 2560 571 2616; x_wconf 95' lang='lat' dir='ltr'><strong>et</strong></span> <span class='ocrx_word' id='word_1_169' title='bbox 587 2551 680 2635; x_wconf 91' lang='lat' dir='ltr'><strong>quod</strong></span> <span class='ocrx_word' id='word_1_170' title='bbox 697 2571 766 2615; x_wconf 91' lang='lat' dir='ltr'><strong>non</strong></span> <span class='ocrx_word' id='word_1_171' title='bbox 782 2550 904 2635; x_wconf 89' lang='lat' dir='ltr'><strong>aliquis</strong></span> <span class='ocrx_word' id='word_1_172' title='bbox 920 2551 1025 2615; x_wconf 89' lang='lat' dir='ltr'><strong>homo</strong></span> <span class='ocrx_word' id='word_1_173' title='bbox 1041 2549 1220 2615; x_wconf 81' lang='lat' dir='ltr'><strong>mortuus?</strong></span> <span class='ocrx_word' id='word_1_174' title='bbox 1267 2552 1324 2614; x_wconf 71' lang='grc'><strong>[3.]</strong></span> <span class='ocrx_word' id='word_1_175' title='bbox 1348 2549 1416 2616; x_wconf 90' lang='lat' dir='ltr'><strong>Sed</strong></span> 
     </span>
    </p>
   </div>
   <div class='ocr_carea' id='block_1_7' title="bbox 289 2644 1417 3591">
    <p class='ocr_par' dir='ltr' id='par_1_7' title="bbox 289 2644 1417 3591">
     <span class='ocr_line' id='line_1_21' title="bbox 294 2644 1416 2733; baseline 0.003 -24"><span class='ocrx_word' id='word_1_176' title='bbox 294 2665 382 2711; x_wconf 90' lang='lat' dir='ltr'><strong>nunc</strong></span> <span class='ocrx_word' id='word_1_177' title='bbox 411 2647 557 2722; x_wconf 89' lang='lat' dir='ltr'><strong>dicetur,</strong></span> <span class='ocrx_word' id='word_1_178' title='bbox 577 2665 635 2711; x_wconf 89' lang='lat' dir='ltr'><strong>cur</strong></span> <span class='ocrx_word' id='word_1_179' title='bbox 658 2644 827 2712; x_wconf 88' lang='lat' dir='ltr'><strong>Dominus</strong></span> <span class='ocrx_word' id='word_1_180' title='bbox 852 2645 936 2710; x_wconf 86' lang='lat' dir='ltr'><strong>talia</strong></span> <span class='ocrx_word' id='word_1_181' title='bbox 964 2648 1165 2730; x_wconf 86' lang='lat' dir='ltr'><strong>permiserit.</strong></span> <span class='ocrx_word' id='word_1_182' title='bbox 1212 2646 1314 2729; x_wconf 86' lang='lat' dir='ltr'><strong>Quod</strong></span> <span class='ocrx_word' id='word_1_183' title='bbox 1339 2669 1416 2733; x_wconf 89' lang='lat' dir='ltr'><strong>per·</strong></span> 
     </span>
     <span class='ocr_line' id='line_1_22' title="bbox 294 2741 1415 2828; baseline 0.002 -21"><span class='ocrx_word' id='word_1_184' title='bbox 294 2744 423 2809; x_wconf 85' lang='lat' dir='ltr'><strong>miserit</strong></span> <span class='ocrx_word' id='word_1_185' title='bbox 443 2753 583 2827; x_wconf 87' lang='lat' dir='ltr'><strong>propter</strong></span> <span class='ocrx_word' id='word_1_186' title='bbox 602 2741 716 2817; x_wconf 87' lang='lat' dir='ltr'><strong>finem,</strong></span> <span class='ocrx_word' id='word_1_187' title='bbox 734 2744 790 2826; x_wconf 91' lang='lat' dir='ltr'><strong>qui</strong></span> <span class='ocrx_word' id='word_1_188' title='bbox 809 2751 863 2808; x_wconf 89' lang='lat' dir='ltr'><strong>est</strong></span> <span class='ocrx_word' id='word_1_189' title='bbox 880 2743 1041 2817; x_wconf 87' lang='lat' dir='ltr'><strong>salvatio,</strong></span> <span class='ocrx_word' id='word_1_190' title='bbox 1055 2763 1124 2808; x_wconf 92' lang='lat' dir='ltr'><strong>non</strong></span> <span class='ocrx_word' id='word_1_191' title='bbox 1142 2745 1260 2826; x_wconf 87' lang='lat' dir='ltr'><strong>negari</strong></span> <span class='ocrx_word' id='word_1_192' title='bbox 1278 2755 1415 2828; x_wconf 86' lang='lat' dir='ltr'><strong>potest;</strong></span> 
     </span>
     <span class='ocr_line' id='line_1_23' title="bbox 293 2837 1417 2924; baseline 0.001 -20"><span class='ocrx_word' id='word_1_193' title='bbox 293 2839 399 2904; x_wconf 89' lang='lat' dir='ltr'><strong>scitur</strong></span> <span class='ocrx_word' id='word_1_194' title='bbox 422 2839 512 2905; x_wconf 90' lang='lat' dir='ltr'><strong>enim</strong></span> <span class='ocrx_word' id='word_1_195' title='bbox 536 2838 629 2923; x_wconf 90' lang='lat' dir='ltr'><strong>quod</strong></span> <span class='ocrx_word' id='word_1_196' title='bbox 652 2838 781 2922; x_wconf 89' lang='lat' dir='ltr'><strong>absque</strong></span> <span class='ocrx_word' id='word_1_197' title='bbox 801 2837 951 2903; x_wconf 92' lang='lat' dir='ltr'><strong>Domino</strong></span> <span class='ocrx_word' id='word_1_198' title='bbox 970 2838 1064 2904; x_wconf 90' lang='lat' dir='ltr'><strong>nulla</strong></span> <span class='ocrx_word' id='word_1_199' title='bbox 1083 2839 1176 2904; x_wconf 89' lang='lat' dir='ltr'><strong>salus</strong></span> <span class='ocrx_word' id='word_1_200' title='bbox 1195 2841 1260 2918; x_wconf 88' lang='lat' dir='ltr'><strong>sit;</strong></span> <span class='ocrx_word' id='word_1_201' title='bbox 1285 2851 1320 2904; x_wconf 91' lang='lat' dir='ltr'><strong>et</strong></span> <span class='ocrx_word' id='word_1_202' title='bbox 1339 2842 1417 2924; x_wconf 88' lang='lat' dir='ltr'><strong>quia</strong></span> 
     </span>
     <span class='ocr_line' id='line_1_24' title="bbox 292 2933 1415 3016; baseline 0.004 -18"><span class='ocrx_word' id='word_1_203' title='bbox 292 2934 341 3000; x_wconf 87' lang='lat' dir='ltr'><strong>ita</strong></span> <span class='ocrx_word' id='word_1_204' title='bbox 357 2945 422 3010; x_wconf 89' lang='lat' dir='ltr'><strong>est,</strong></span> <span class='ocrx_word' id='word_1_205' title='bbox 436 2953 616 3000; x_wconf 89' lang='lat' dir='ltr'><strong>necessum</strong></span> <span class='ocrx_word' id='word_1_206' title='bbox 629 2933 701 3008; x_wconf 86' lang='lat' dir='ltr'><strong>suit,</strong></span> <span class='ocrx_word' id='word_1_207' title='bbox 717 2945 753 2998; x_wconf 90' lang='lat' dir='ltr'><strong>ut</strong></span> <span class='ocrx_word' id='word_1_208' title='bbox 771 2935 1025 3016; x_wconf 86' lang='lat' dir='ltr'><strong>praedicaretur</strong></span> <span class='ocrx_word' id='word_1_209' title='bbox 1042 2934 1210 3000; x_wconf 87' lang='lat' dir='ltr'><strong>Dominus</strong></span> <span class='ocrx_word' id='word_1_210' title='bbox 1226 2956 1271 3000; x_wconf 91' lang='lat' dir='ltr'><strong>ex</strong></span> <span class='ocrx_word' id='word_1_211' title='bbox 1286 2934 1415 3013; x_wconf 91' lang='lat' dir='ltr'><strong>Verbo,</strong></span> 
     </span>
     <span class='ocr_line' id='line_1_25' title="bbox 291 3026 1415 3112; baseline 0.001 -17"><span class='ocrx_word' id='word_1_212' title='bbox 291 3039 328 3095; x_wconf 90' lang='lat' dir='ltr'><strong>et</strong></span> <span class='ocrx_word' id='word_1_213' title='bbox 348 3049 407 3112; x_wconf 88' lang='lat' dir='ltr'><strong>per</strong></span> <span class='ocrx_word' id='word_1_214' title='bbox 429 3031 463 3095; x_wconf 93' lang='lat' dir='ltr'><strong>id</strong></span> <span class='ocrx_word' id='word_1_215' title='bbox 488 3029 647 3098; x_wconf 89' lang='lat' dir='ltr'><strong>Ecclesia</strong></span> <span class='ocrx_word' id='word_1_216' title='bbox 664 3026 860 3094; x_wconf 87' lang='lat' dir='ltr'><strong>Christiana</strong></span> <span class='ocrx_word' id='word_1_217' title='bbox 883 3032 1151 3110; x_wconf 87' lang='lat' dir='ltr'><strong>instauraretur;</strong></span> <span class='ocrx_word' id='word_1_218' title='bbox 1176 3031 1236 3096; x_wconf 89' lang='lat' dir='ltr'><strong>sed</strong></span> <span class='ocrx_word' id='word_1_219' title='bbox 1256 3031 1321 3096; x_wconf 91' lang='lat' dir='ltr'><strong>hoc</strong></span> <span class='ocrx_word' id='word_1_220' title='bbox 1346 3053 1415 3097; x_wconf 92' lang='lat' dir='ltr'><strong>non</strong></span> 
     </span>
     <span class='ocr_line' id='line_1_26' title="bbox 292 3125 1415 3209; baseline 0.002 -19"><span class='ocrx_word' id='word_1_221' title='bbox 292 3128 404 3209; x_wconf 91' lang='lat' dir='ltr'><strong>potuit</strong></span> <span class='ocrx_word' id='word_1_222' title='bbox 428 3125 500 3192; x_wconf 86' lang='lat' dir='ltr'><strong>fieri</strong></span> <span class='ocrx_word' id='word_1_223' title='bbox 525 3125 587 3190; x_wconf 92' lang='lat' dir='ltr'><strong>nisi</strong></span> <span class='ocrx_word' id='word_1_224' title='bbox 610 3125 654 3190; x_wconf 84' lang='lat' dir='ltr'><strong>ab</strong></span> <span class='ocrx_word' id='word_1_225' title='bbox 677 3128 924 3208; x_wconf 86' lang='lat' dir='ltr'><strong>antesignanis,</strong></span> <span class='ocrx_word' id='word_1_226' title='bbox 945 3127 1002 3209; x_wconf 91' lang='lat' dir='ltr'><strong>qui</strong></span> <span class='ocrx_word' id='word_1_227' title='bbox 1023 3126 1057 3190; x_wconf 93' lang='lat' dir='ltr'><strong>id</strong></span> <span class='ocrx_word' id='word_1_228' title='bbox 1077 3147 1122 3191; x_wconf 88' lang='lat' dir='ltr'><strong>ex</strong></span> <span class='ocrx_word' id='word_1_229' title='bbox 1143 3126 1219 3192; x_wconf 89' lang='lat' dir='ltr'><strong>zelo</strong></span> <span class='ocrx_word' id='word_1_230' title='bbox 1241 3127 1415 3208; x_wconf 88' lang='lat' dir='ltr'><strong>lacerent;</strong></span> 
     </span>
     <span class='ocr_line' id='line_1_27' title="bbox 292 3220 1415 3306; baseline 0.002 -20"><span class='ocrx_word' id='word_1_231' title='bbox 292 3241 354 3286; x_wconf 89' lang='lat' dir='ltr'><strong>nec</strong></span> <span class='ocrx_word' id='word_1_232' title='bbox 374 3222 447 3287; x_wconf 88' lang='lat' dir='ltr'><strong>dari</strong></span> <span class='ocrx_word' id='word_1_233' title='bbox 470 3233 550 3286; x_wconf 92' lang='lat' dir='ltr'><strong>sunt</strong></span> <span class='ocrx_word' id='word_1_234' title='bbox 575 3220 642 3295; x_wconf 85' lang='lat' dir='ltr'><strong>alii,</strong></span> <span class='ocrx_word' id='word_1_235' title='bbox 663 3239 763 3303; x_wconf 83' lang='lat' dir='ltr'><strong>quarn</strong></span> <span class='ocrx_word' id='word_1_236' title='bbox 784 3223 892 3306; x_wconf 90' lang='lat' dir='ltr'><strong>quiin</strong></span> <span class='ocrx_word' id='word_1_237' title='bbox 916 3232 1027 3295; x_wconf 86' lang='lat' dir='ltr'><strong>aestu,</strong></span> <span class='ocrx_word' id='word_1_238' title='bbox 1045 3223 1135 3286; x_wconf 89' lang='lat' dir='ltr'><strong>sicut</strong></span> <span class='ocrx_word' id='word_1_239' title='bbox 1158 3221 1245 3297; x_wconf 88' lang='lat' dir='ltr'><strong>zelo,</strong></span> <span class='ocrx_word' id='word_1_240' title='bbox 1266 3243 1311 3287; x_wconf 89' lang='lat' dir='ltr'><strong>ex</strong></span> <span class='ocrx_word' id='word_1_241' title='bbox 1335 3223 1415 3306; x_wconf 85' lang='lat' dir='ltr'><strong>igne</strong></span> 
     </span>
     <span class='ocr_line' id='line_1_28' title="bbox 289 3313 1414 3400; baseline 0 -19"><span class='ocrx_word' id='word_1_242' title='bbox 289 3318 417 3382; x_wconf 88' lang='lat' dir='ltr'><strong>amoris</strong></span> <span class='ocrx_word' id='word_1_243' title='bbox 440 3319 490 3381; x_wconf 91' lang='lat' dir='ltr'><strong>sui</strong></span> <span class='ocrx_word' id='word_1_244' title='bbox 515 3318 657 3382; x_wconf 89' lang='lat' dir='ltr'><strong>luerunt.</strong></span> <span class='ocrx_word' id='word_1_245' title='bbox 705 3313 771 3380; x_wconf 88' lang='lat' dir='ltr'><strong>Hic</strong></span> <span class='ocrx_word' id='word_1_246' title='bbox 795 3317 884 3400; x_wconf 89' lang='lat' dir='ltr'><strong>ignis</strong></span> <span class='ocrx_word' id='word_1_247' title='bbox 908 3317 1052 3400; x_wconf 92' lang='lat' dir='ltr'><strong>primum</strong></span> <span class='ocrx_word' id='word_1_248' title='bbox 1077 3317 1245 3381; x_wconf 88' lang='lat' dir='ltr'><strong>excitavit</strong></span> <span class='ocrx_word' id='word_1_249' title='bbox 1270 3315 1348 3381; x_wconf 92' lang='lat' dir='ltr'><strong>illos</strong></span> <span class='ocrx_word' id='word_1_250' title='bbox 1371 3318 1414 3381; x_wconf 91' lang='lat' dir='ltr'><strong>ad</strong></span> 
     </span>
     <span class='ocr_line' id='line_1_29' title="bbox 291 3409 1414 3494; baseline 0.002 -18"><span class='ocrx_word' id='word_1_251' title='bbox 291 3413 557 3494; x_wconf 88' lang='lat' dir='ltr'><strong>praedicandum</strong></span> <span class='ocrx_word' id='word_1_252' title='bbox 584 3411 773 3476; x_wconf 88' lang='lat' dir='ltr'><strong>Dominum</strong></span> <span class='ocrx_word' id='word_1_253' title='bbox 800 3423 836 3478; x_wconf 89' lang='lat' dir='ltr'><strong>et</strong></span> <span class='ocrx_word' id='word_1_254' title='bbox 866 3412 909 3476; x_wconf 91' lang='lat' dir='ltr'><strong>ad</strong></span> <span class='ocrx_word' id='word_1_255' title='bbox 938 3412 1132 3477; x_wconf 90' lang='lat' dir='ltr'><strong>docendum</strong></span> <span class='ocrx_word' id='word_1_256' title='bbox 1161 3409 1338 3492; x_wconf 87' lang='lat' dir='ltr'><strong>Verbum;</strong></span> <span class='ocrx_word' id='word_1_257' title='bbox 1368 3433 1414 3478; x_wconf 87' lang='lat' dir='ltr'><strong>ex</strong></span> 
     </span>
     <span class='ocr_line' id='line_1_30' title="bbox 291 3507 1007 3591; baseline -0.001 -17"><span class='ocrx_word' id='word_1_258' title='bbox 291 3510 467 3590; x_wconf 89' lang='lat' dir='ltr'><strong>primaevo</strong></span> <span class='ocrx_word' id='word_1_259' title='bbox 485 3508 550 3575; x_wconf 89' lang='lat' dir='ltr'><strong>hoc</strong></span> <span class='ocrx_word' id='word_1_260' title='bbox 570 3507 706 3572; x_wconf 91' lang='lat' dir='ltr'><strong>illorum</strong></span> <span class='ocrx_word' id='word_1_261' title='bbox 727 3519 821 3573; x_wconf 88' lang='lat' dir='ltr'><strong>statu</strong></span> <span class='ocrx_word' id='word_1_262' title='bbox 840 3519 894 3573; x_wconf 90' lang='lat' dir='ltr'><strong>est</strong></span> <span class='ocrx_word' id='word_1_263' title='bbox 914 3507 1007 3591; x_wconf 89' lang='lat' dir='ltr'><strong>quod</strong></span> 
     </span>
    </p>
   </div>
   <div class='ocr_carea' id='block_1_8' title="bbox 554 3655 1139 3718">
    <p class='ocr_par' dir='ltr' id='par_1_8' title="bbox 554 3655 1139 3718">
     <span class='ocr_line' id='line_1_31' title="bbox 554 3655 1139 3718; baseline -0.003 -10"><span class='ocrx_word' id='word_1_264' title='bbox 554 3655 661 3708; x_wconf 74' lang='lat' dir='ltr'><strong>LuciIer</strong></span> <span class='ocrx_word' id='word_1_265' title='bbox 673 3657 777 3707; x_wconf 87' lang='lat' dir='ltr'><strong>dicatur</strong></span> <span class='ocrx_word' id='word_1_266' title='bbox 789 3656 858 3706; x_wconf 89' lang='lat' dir='ltr'><strong>tilius</strong></span> <span class='ocrx_word' id='word_1_267' title='bbox 871 3669 984 3707; x_wconf 86' lang='lat' dir='ltr'><strong>aurorae</strong></span> <span class='ocrx_word' id='word_1_268' title='bbox 996 3657 1075 3718; x_wconf 84' lang='lat' dir='ltr'><strong>(vers.</strong></span> <span class='ocrx_word' id='word_1_269' title='bbox 1091 3655 1139 3717; x_wconf 74' lang='grc' dir='ltr'><strong>η).</strong></span> 
     </span>
    </p>
   </div>
   <div class='ocr_carea' id='block_1_9' title="bbox 284 3803 1413 4756">
    <p class='ocr_par' dir='ltr' id='par_1_9' title="bbox 284 3803 1413 4756">
     <span class='ocr_line' id='line_1_32' title="bbox 289 3803 1413 3890; baseline 0 -16"><span class='ocrx_word' id='word_1_270' title='bbox 289 3807 357 3874; x_wconf 87' lang='lat' dir='ltr'><strong>Sed</strong></span> <span class='ocrx_word' id='word_1_271' title='bbox 386 3809 473 3872; x_wconf 91' lang='lat' dir='ltr'><strong>sicut</strong></span> <span class='ocrx_word' id='word_1_272' title='bbox 497 3807 667 3884; x_wconf 89' lang='lat' dir='ltr'><strong>viderunt,</strong></span> <span class='ocrx_word' id='word_1_273' title='bbox 692 3806 784 3890; x_wconf 90' lang='lat' dir='ltr'><strong>quod</strong></span> <span class='ocrx_word' id='word_1_274' title='bbox 815 3825 875 3888; x_wconf 89' lang='lat' dir='ltr'><strong>per</strong></span> <span class='ocrx_word' id='word_1_275' title='bbox 898 3803 1019 3870; x_wconf 75' lang='lat' dir='ltr'><strong>sant‘ta</strong></span> <span class='ocrx_word' id='word_1_276' title='bbox 1042 3805 1148 3871; x_wconf 90' lang='lat' dir='ltr'><strong>Verbi</strong></span> <span class='ocrx_word' id='word_1_277' title='bbox 1178 3817 1214 3874; x_wconf 88' lang='lat' dir='ltr'><strong>et</strong></span> <span class='ocrx_word' id='word_1_278' title='bbox 1244 3808 1413 3874; x_wconf 89' lang='lat' dir='ltr'><strong>ecclesiae</strong></span> 
     </span>
     <span class='ocr_line' id='line_1_33' title="bbox 288 3903 1413 3986; baseline 0.002 -18"><span class='ocrx_word' id='word_1_279' title='bbox 288 3905 456 3970; x_wconf 87' lang='lat' dir='ltr'><strong>dominari</strong></span> <span class='ocrx_word' id='word_1_280' title='bbox 473 3914 627 3986; x_wconf 89' lang='lat' dir='ltr'><strong>possent,</strong></span> <span class='ocrx_word' id='word_1_281' title='bbox 645 3922 741 3968; x_wconf 87' lang='lat' dir='ltr'><strong>amor</strong></span> <span class='ocrx_word' id='word_1_282' title='bbox 758 3903 820 3977; x_wconf 91' lang='lat' dir='ltr'><strong>sui,</strong></span> <span class='ocrx_word' id='word_1_283' title='bbox 835 3922 855 3966; x_wconf 90' lang='lat' dir='ltr'><strong>a</strong></span> <span class='ocrx_word' id='word_1_284' title='bbox 871 3923 938 3986; x_wconf 91' lang='lat' dir='ltr'><strong>quo</strong></span> <span class='ocrx_word' id='word_1_285' title='bbox 954 3904 1099 3985; x_wconf 91' lang='lat' dir='ltr'><strong>primum</strong></span> <span class='ocrx_word' id='word_1_286' title='bbox 1115 3904 1263 3969; x_wconf 88' lang='lat' dir='ltr'><strong>excitati</strong></span> <span class='ocrx_word' id='word_1_287' title='bbox 1279 3903 1413 3970; x_wconf 87' lang='lat' dir='ltr'><strong>suerunt</strong></span> 
     </span>
     <span class='ocr_line' id='line_1_34' title="bbox 288 3990 1413 4082; baseline 0.001 -17"><span class='ocrx_word' id='word_1_288' title='bbox 288 4001 331 4066; x_wconf 87' lang='lat' dir='ltr'><strong>ad</strong></span> <span class='ocrx_word' id='word_1_289' title='bbox 350 3990 616 4082; x_wconf 83' lang='lat' dir='ltr'><strong>praedicandum</strong></span> <span class='ocrx_word' id='word_1_290' title='bbox 635 3999 831 4074; x_wconf 90' lang='lat' dir='ltr'><strong>Dominum,</strong></span> <span class='ocrx_word' id='word_1_291' title='bbox 846 3997 889 4062; x_wconf 89' lang='lat' dir='ltr'><strong>ab</strong></span> <span class='ocrx_word' id='word_1_292' title='bbox 905 3999 1058 4063; x_wconf 88' lang='lat' dir='ltr'><strong>interiori</strong></span> <span class='ocrx_word' id='word_1_293' title='bbox 1074 4000 1198 4081; x_wconf 87' lang='lat' dir='ltr'><strong>erupit,</strong></span> <span class='ocrx_word' id='word_1_294' title='bbox 1215 4010 1252 4065; x_wconf 89' lang='lat' dir='ltr'><strong>et</strong></span> <span class='ocrx_word' id='word_1_295' title='bbox 1269 4001 1413 4066; x_wconf 87' lang='lat' dir='ltr'><strong>tandem</strong></span> 
     </span>
     <span class='ocr_line' id='line_1_35' title="bbox 289 4095 1413 4180; baseline 0.001 -19"><span class='ocrx_word' id='word_1_296' title='bbox 289 4117 394 4180; x_wconf 89' lang='lat' dir='ltr'><strong>usque</strong></span> <span class='ocrx_word' id='word_1_297' title='bbox 418 4098 461 4160; x_wconf 87' lang='lat' dir='ltr'><strong>ad</strong></span> <span class='ocrx_word' id='word_1_298' title='bbox 485 4096 567 4160; x_wconf 88' lang='lat' dir='ltr'><strong>illud</strong></span> <span class='ocrx_word' id='word_1_299' title='bbox 592 4097 765 4179; x_wconf 81' lang='lat' dir='ltr'><strong>fastigium</strong></span> <span class='ocrx_word' id='word_1_300' title='bbox 790 4115 826 4160; x_wconf 88' lang='lat' dir='ltr'><strong>se</strong></span> <span class='ocrx_word' id='word_1_301' title='bbox 853 4095 993 4168; x_wconf 89' lang='lat' dir='ltr'><strong>extulit,</strong></span> <span class='ocrx_word' id='word_1_302' title='bbox 1019 4106 1055 4159; x_wconf 92' lang='lat' dir='ltr'><strong>ut</strong></span> <span class='ocrx_word' id='word_1_303' title='bbox 1084 4115 1222 4160; x_wconf 89' lang='lat' dir='ltr'><strong>ornnem</strong></span> <span class='ocrx_word' id='word_1_304' title='bbox 1251 4096 1413 4162; x_wconf 90' lang='lat' dir='ltr'><strong>Divinam</strong></span> 
     </span>
     <span class='ocr_line' id='line_1_36' title="bbox 288 4189 1413 4275; baseline 0.001 -18"><span class='ocrx_word' id='word_1_305' title='bbox 288 4201 503 4274; x_wconf 89' lang='lat' dir='ltr'><strong>potestatem</strong></span> <span class='ocrx_word' id='word_1_306' title='bbox 529 4192 668 4256; x_wconf 92' lang='lat' dir='ltr'><strong>Domini</strong></span> <span class='ocrx_word' id='word_1_307' title='bbox 699 4193 731 4255; x_wconf 89' lang='lat' dir='ltr'><strong>in</strong></span> <span class='ocrx_word' id='word_1_308' title='bbox 755 4211 791 4256; x_wconf 88' lang='lat' dir='ltr'><strong>se</strong></span> <span class='ocrx_word' id='word_1_309' title='bbox 821 4189 1071 4265; x_wconf 86' lang='lat' dir='ltr'><strong>transtulerint,</strong></span> <span class='ocrx_word' id='word_1_310' title='bbox 1097 4212 1166 4256; x_wconf 92' lang='lat' dir='ltr'><strong>non</strong></span> <span class='ocrx_word' id='word_1_311' title='bbox 1185 4191 1413 4275; x_wconf 90' lang='lat' dir='ltr'><strong>relinquendo</strong></span> 
     </span>
     <span class='ocr_line' id='line_1_37' title="bbox 286 4286 1412 4375; baseline -0.002 -20"><span class='ocrx_word' id='word_1_312' title='bbox 286 4290 424 4375; x_wconf 89' lang='lat' dir='ltr'><strong>aliquid.</strong></span> <span class='ocrx_word' id='word_1_313' title='bbox 471 4301 528 4365; x_wconf 86' lang='grc'><strong>[4.]</strong></span> <span class='ocrx_word' id='word_1_314' title='bbox 562 4287 639 4354; x_wconf 90' lang='lat' dir='ltr'><strong>Hoc</strong></span> <span class='ocrx_word' id='word_1_315' title='bbox 658 4309 717 4371; x_wconf 93' lang='lat' dir='ltr'><strong>per</strong></span> <span class='ocrx_word' id='word_1_316' title='bbox 734 4287 893 4352; x_wconf 90' lang='lat' dir='ltr'><strong>Divinam</strong></span> <span class='ocrx_word' id='word_1_317' title='bbox 911 4287 1049 4352; x_wconf 89' lang='lat' dir='ltr'><strong>Domini</strong></span> <span class='ocrx_word' id='word_1_318' title='bbox 1070 4286 1325 4354; x_wconf 90' lang='lat' dir='ltr'><strong>Providentiam</strong></span> <span class='ocrx_word' id='word_1_319' title='bbox 1343 4309 1412 4354; x_wconf 91' lang='lat' dir='ltr'><strong>non</strong></span> 
     </span>
     <span class='ocr_line' id='line_1_38' title="bbox 285 4383 1412 4470; baseline 0 -19"><span class='ocrx_word' id='word_1_320' title='bbox 285 4387 431 4452; x_wconf 90' lang='lat' dir='ltr'><strong>inhiberi</strong></span> <span class='ocrx_word' id='word_1_321' title='bbox 451 4387 588 4470; x_wconf 81' lang='lat' dir='ltr'><strong>potuit3</strong></span> <span class='ocrx_word' id='word_1_322' title='bbox 613 4404 693 4449; x_wconf 91' lang='lat' dir='ltr'><strong>nam</strong></span> <span class='ocrx_word' id='word_1_323' title='bbox 712 4385 739 4448; x_wconf 91' lang='lat' dir='ltr'><strong>si</strong></span> <span class='ocrx_word' id='word_1_324' title='bbox 758 4383 981 4459; x_wconf 89' lang='lat' dir='ltr'><strong>inhiberetur,</strong></span> <span class='ocrx_word' id='word_1_325' title='bbox 1003 4384 1314 4466; x_wconf 88' lang='lat' dir='ltr'><strong>proclamavissent</strong></span> <span class='ocrx_word' id='word_1_326' title='bbox 1338 4384 1412 4451; x_wconf 92' lang='lat' dir='ltr'><strong>Do·</strong></span> 
     </span>
     <span class='ocr_line' id='line_1_39' title="bbox 285 4476 1412 4556; baseline -0.001 -9"><span class='ocrx_word' id='word_1_327' title='bbox 285 4479 414 4547; x_wconf 80' lang='lat' dir='ltr'><strong>lirinum</strong></span> <span class='ocrx_word' id='word_1_328' title='bbox 436 4501 504 4546; x_wconf 92' lang='lat' dir='ltr'><strong>non</strong></span> <span class='ocrx_word' id='word_1_329' title='bbox 530 4479 653 4556; x_wconf 90' lang='lat' dir='ltr'><strong>Deum,</strong></span> <span class='ocrx_word' id='word_1_330' title='bbox 671 4499 711 4546; x_wconf 89' lang='lat' dir='ltr'><strong>ac</strong></span> <span class='ocrx_word' id='word_1_331' title='bbox 731 4477 885 4545; x_wconf 88' lang='lat' dir='ltr'><strong>Verbum</strong></span> <span class='ocrx_word' id='word_1_332' title='bbox 910 4499 978 4544; x_wconf 94' lang='lat' dir='ltr'><strong>non</strong></span> <span class='ocrx_word' id='word_1_333' title='bbox 998 4476 1166 4556; x_wconf 70' lang='lat' dir='ltr'><strong>sanetum,</strong></span> <span class='ocrx_word' id='word_1_334' title='bbox 1184 4501 1224 4546; x_wconf 88' lang='lat' dir='ltr'><strong>ac</strong></span> <span class='ocrx_word' id='word_1_335' title='bbox 1247 4481 1412 4546; x_wconf 88' lang='lat' dir='ltr'><strong>fecissent</strong></span> 
     </span>
     <span class='ocr_line' id='line_1_40' title="bbox 284 4575 1411 4651; baseline -0.002 -9"><span class='ocrx_word' id='word_1_336' title='bbox 284 4597 322 4642; x_wconf 85' lang='lat' dir='ltr'><strong>se</strong></span> <span class='ocrx_word' id='word_1_337' title='bbox 352 4577 556 4644; x_wconf 89' lang='lat' dir='ltr'><strong>Socinianos</strong></span> <span class='ocrx_word' id='word_1_338' title='bbox 583 4577 638 4642; x_wconf 89' lang='lat' dir='ltr'><strong>vel</strong></span> <span class='ocrx_word' id='word_1_339' title='bbox 669 4575 830 4651; x_wconf 86' lang='lat' dir='ltr'><strong>Arianos,</strong></span> <span class='ocrx_word' id='word_1_340' title='bbox 859 4587 894 4642; x_wconf 96' lang='lat' dir='ltr'><strong>et</strong></span> <span class='ocrx_word' id='word_1_341' title='bbox 928 4578 976 4640; x_wconf 90' lang='lat' dir='ltr'><strong>sic</strong></span> <span class='ocrx_word' id='word_1_342' title='bbox 1008 4576 1264 4642; x_wconf 88' lang='lat' dir='ltr'><strong>destruxissent</strong></span> <span class='ocrx_word' id='word_1_343' title='bbox 1297 4587 1411 4641; x_wconf 90' lang='lat' dir='ltr'><strong>totam</strong></span> 
     </span>
     <span class='ocr_line' id='line_1_41' title="bbox 284 4671 1410 4756; baseline -0.003 -18"><span class='ocrx_word' id='word_1_344' title='bbox 284 4674 490 4752; x_wconf 89' lang='lat' dir='ltr'><strong>ecclesiam;</strong></span> <span class='ocrx_word' id='word_1_345' title='bbox 515 4693 613 4756; x_wconf 89' lang='lat' dir='ltr'><strong>quae,</strong></span> <span class='ocrx_word' id='word_1_346' title='bbox 633 4672 889 4756; x_wconf 88' lang='lat' dir='ltr'><strong>qualescunque</strong></span> <span class='ocrx_word' id='word_1_347' title='bbox 905 4674 973 4736; x_wconf 91' lang='lat' dir='ltr'><strong>sint</strong></span> <span class='ocrx_word' id='word_1_348' title='bbox 990 4671 1176 4755; x_wconf 86' lang='lat' dir='ltr'><strong>praesules,</strong></span> <span class='ocrx_word' id='word_1_349' title='bbox 1198 4693 1303 4756; x_wconf 91' lang='lat' dir='ltr'><strong>usque</strong></span> <span class='ocrx_word' id='word_1_350' title='bbox 1319 4673 1410 4755; x_wconf 91' lang='lat' dir='ltr'><strong>apud</strong></span> 
     </span>
    </p>
   </div>
   <div class='ocr_carea' id='block_1_10' title="bbox 0 0 1716 5368">
    <p class='ocr_par' dir='ltr' id='par_1_10' title="bbox 0 0 1716 5368">
     <span class='ocr_line' id='line_1_42' title="bbox 0 0 1716 5368; baseline 0 5"><span class='ocrx_word' id='word_1_351' title='bbox 0 0 1716 5368; x_wconf 95' lang='lat' dir='ltr'><strong> </strong></span> 
     </span>
    </p>
   </div>
  </div>
 </body>
</html>
