<?xml version="1.0" encoding="UTF-8"?>
<!DOCTYPE html PUBLIC "-//W3C//DTD XHTML 1.0 Transitional//EN"
    "http://www.w3.org/TR/xhtml1/DTD/xhtml1-transitional.dtd">
<html xmlns="http://www.w3.org/1999/xhtml" xml:lang="en" lang="en">
 <head>
  <title>
</title>
<meta http-equiv="Content-Type" content="text/html;charset=utf-8" />
  <meta name='ocr-system' content='tesseract 3.04.00' />
  <meta name='ocr-capabilities' content='ocr_page ocr_carea ocr_par ocr_line ocrx_word'/>
</head>
<body>
  <div class='ocr_page' id='page_1' title='image "./sapientaangelic01swedgoog_0538.png"; bbox 0 0 3422 5380; ppageno 0'>
   <div class='ocr_carea' id='block_1_1' title="bbox 495 644 1401 726">
    <p class='ocr_par' dir='ltr' id='par_1_1' title="bbox 495 644 1401 726">
     <span class='ocr_line' id='line_1_1' title="bbox 495 644 1401 726; baseline -0.002 -18"><span class='ocrx_word' id='word_1_1' title='bbox 495 658 546 709; x_wconf 81' lang='lat' dir='ltr'>ns</span> <span class='ocrx_word' id='word_1_2' title='bbox 570 656 708 708; x_wconf 78' lang='lat' dir='ltr'>mvmn</span> <span class='ocrx_word' id='word_1_3' title='bbox 732 655 1085 708; x_wconf 76' lang='lat' dir='ltr'>Pnovmsnam-n.</span> <span class='ocrx_word' id='word_1_4' title='bbox 1106 656 1176 724; x_wconf 87' lang='lat'>330.</span> <span class='ocrx_word' id='word_1_5' title='bbox 1336 644 1401 726; x_wconf 88' lang='lat'>289</span> 
     </span>
    </p>
   </div>
   <div class='ocr_carea' id='block_1_2' title="bbox 273 827 1413 4446">
    <p class='ocr_par' dir='ltr' id='par_1_2' title="bbox 273 827 1408 2999">
     <span class='ocr_line' id='line_1_2' title="bbox 273 827 1401 913; baseline -0.004 -16"><span class='ocrx_word' id='word_1_6' title='bbox 273 831 370 897; x_wconf 84' lang='lat' dir='ltr'>entia</span> <span class='ocrx_word' id='word_1_7' title='bbox 385 830 420 895; x_wconf 90' lang='lat' dir='ltr'>in</span> <span class='ocrx_word' id='word_1_8' title='bbox 436 829 565 894; x_wconf 89' lang='lat' dir='ltr'>mundo</span> <span class='ocrx_word' id='word_1_9' title='bbox 577 829 748 913; x_wconf 81' lang='lat' dir='ltr'>spirituali</span> <span class='ocrx_word' id='word_1_10' title='bbox 763 847 841 894; x_wconf 90' lang='lat' dir='ltr'>cum</span> <span class='ocrx_word' id='word_1_11' title='bbox 854 827 1019 912; x_wconf 90' lang='lat' dir='ltr'>pluribus,</span> <span class='ocrx_word' id='word_1_12' title='bbox 1032 829 1089 912; x_wconf 92' lang='lat' dir='ltr'>qui</span> <span class='ocrx_word' id='word_1_13' title='bbox 1105 847 1183 892; x_wconf 90' lang='lat' dir='ltr'>cum</span> <span class='ocrx_word' id='word_1_14' title='bbox 1196 838 1401 912; x_wconf 90' lang='lat' dir='ltr'>contemptu</span> 
     </span>
     <span class='ocr_line' id='line_1_3' title="bbox 274 922 1403 1011; baseline -0.004 -19"><span class='ocrx_word' id='word_1_15' title='bbox 274 926 466 1011; x_wconf 90' lang='lat' dir='ltr'>rejecerunt</span> <span class='ocrx_word' id='word_1_16' title='bbox 482 945 559 991; x_wconf 93' lang='lat' dir='ltr'>cum</span> <span class='ocrx_word' id='word_1_17' title='bbox 572 926 751 991; x_wconf 83' lang='lat' dir='ltr'>dicebatur</span> <span class='ocrx_word' id='word_1_18' title='bbox 763 925 952 1008; x_wconf 84' lang='lat' dir='ltr'>decalogus</span> <span class='ocrx_word' id='word_1_19' title='bbox 964 945 1024 988; x_wconf 90' lang='lat' dir='ltr'>seu</span> <span class='ocrx_word' id='word_1_20' title='bbox 1040 926 1244 989; x_wconf 86' lang='lat' dir='ltr'>catechesis.</span> <span class='ocrx_word' id='word_1_21' title='bbox 1290 922 1403 989; x_wconf 84' lang='lat' dir='ltr'>Causa</span> 
     </span>
     <span class='ocr_line' id='line_1_4' title="bbox 274 1020 1401 1107; baseline -0.004 -19"><span class='ocrx_word' id='word_1_22' title='bbox 274 1033 341 1100; x_wconf 90' lang='lat' dir='ltr'>est,</span> <span class='ocrx_word' id='word_1_23' title='bbox 357 1023 436 1107; x_wconf 91' lang='lat' dir='ltr'>quia</span> <span class='ocrx_word' id='word_1_24' title='bbox 451 1022 641 1104; x_wconf 83' lang='lat' dir='ltr'>decalogus</span> <span class='ocrx_word' id='word_1_25' title='bbox 656 1021 690 1085; x_wconf 93' lang='lat' dir='ltr'>in</span> <span class='ocrx_word' id='word_1_26' title='bbox 706 1021 818 1086; x_wconf 90' lang='lat' dir='ltr'>altera</span> <span class='ocrx_word' id='word_1_27' title='bbox 833 1020 964 1097; x_wconf 91' lang='lat' dir='ltr'>tabula,</span> <span class='ocrx_word' id='word_1_28' title='bbox 980 1029 1138 1104; x_wconf 90' lang='lat' dir='ltr'>quaeest</span> <span class='ocrx_word' id='word_1_29' title='bbox 1155 1020 1273 1083; x_wconf 90' lang='lat' dir='ltr'>tabula</span> <span class='ocrx_word' id='word_1_30' title='bbox 1289 1020 1401 1084; x_wconf 90' lang='lat' dir='ltr'>homi·</span> 
     </span>
     <span class='ocr_line' id='line_1_5' title="bbox 275 1114 1401 1200; baseline -0.004 -18"><span class='ocrx_word' id='word_1_31' title='bbox 275 1120 339 1194; x_wconf 93' lang='lat' dir='ltr'>nis,</span> <span class='ocrx_word' id='word_1_32' title='bbox 356 1118 473 1194; x_wconf 91' lang='lat' dir='ltr'>docet,</span> <span class='ocrx_word' id='word_1_33' title='bbox 491 1117 583 1200; x_wconf 93' lang='lat' dir='ltr'>quod</span> <span class='ocrx_word' id='word_1_34' title='bbox 603 1117 765 1200; x_wconf 85' lang='lat' dir='ltr'>fugienda</span> <span class='ocrx_word' id='word_1_35' title='bbox 781 1117 851 1181; x_wconf 92' lang='lat' dir='ltr'>sint</span> <span class='ocrx_word' id='word_1_36' title='bbox 868 1115 981 1195; x_wconf 88' lang='lat' dir='ltr'>mala;</span> <span class='ocrx_word' id='word_1_37' title='bbox 1005 1125 1040 1180; x_wconf 88' lang='lat' dir='ltr'>et</span> <span class='ocrx_word' id='word_1_38' title='bbox 1060 1116 1116 1198; x_wconf 92' lang='lat' dir='ltr'>qui</span> <span class='ocrx_word' id='word_1_39' title='bbox 1135 1135 1205 1178; x_wconf 92' lang='lat' dir='ltr'>non</span> <span class='ocrx_word' id='word_1_40' title='bbox 1221 1114 1310 1196; x_wconf 89' lang='lat' dir='ltr'>sugit</span> <span class='ocrx_word' id='word_1_41' title='bbox 1330 1114 1401 1193; x_wconf 90' lang='lat' dir='ltr'>illa,</span> 
     </span>
     <span class='ocr_line' id='line_1_6' title="bbox 278 1210 1402 1297; baseline -0.003 -19"><span class='ocrx_word' id='word_1_42' title='bbox 278 1212 350 1297; x_wconf 92' lang='lat' dir='ltr'>(vel</span> <span class='ocrx_word' id='word_1_43' title='bbox 372 1234 418 1278; x_wconf 89' lang='lat' dir='ltr'>ex</span> <span class='ocrx_word' id='word_1_44' title='bbox 441 1213 633 1295; x_wconf 86' lang='lat' dir='ltr'>impietate,</span> <span class='ocrx_word' id='word_1_45' title='bbox 653 1212 709 1276; x_wconf 91' lang='lat' dir='ltr'>vel</span> <span class='ocrx_word' id='word_1_46' title='bbox 728 1233 774 1276; x_wconf 87' lang='lat' dir='ltr'>ex</span> <span class='ocrx_word' id='word_1_47' title='bbox 791 1212 958 1294; x_wconf 87' lang='lat' dir='ltr'>religione</span> <span class='ocrx_word' id='word_1_48' title='bbox 977 1211 1070 1294; x_wconf 92' lang='lat' dir='ltr'>quod</span> <span class='ocrx_word' id='word_1_49' title='bbox 1090 1230 1195 1293; x_wconf 92' lang='lat' dir='ltr'>opera</span> <span class='ocrx_word' id='word_1_50' title='bbox 1214 1210 1298 1273; x_wconf 89' lang='lat' dir='ltr'>nihil</span> <span class='ocrx_word' id='word_1_51' title='bbox 1317 1211 1402 1275; x_wconf 86' lang='lat' dir='ltr'>iaci·</span> 
     </span>
     <span class='ocr_line' id='line_1_7' title="bbox 275 1307 1404 1392; baseline -0.003 -18"><span class='ocrx_word' id='word_1_52' title='bbox 275 1319 338 1374; x_wconf 87' lang='lat' dir='ltr'>ant</span> <span class='ocrx_word' id='word_1_53' title='bbox 356 1308 417 1373; x_wconf 90' lang='lat' dir='ltr'>sed</span> <span class='ocrx_word' id='word_1_54' title='bbox 436 1308 512 1372; x_wconf 90' lang='lat' dir='ltr'>sola</span> <span class='ocrx_word' id='word_1_55' title='bbox 529 1307 643 1392; x_wconf 68' lang='lat' dir='ltr'>fides)</span> <span class='ocrx_word' id='word_1_56' title='bbox 664 1327 742 1372; x_wconf 90' lang='lat' dir='ltr'>cum</span> <span class='ocrx_word' id='word_1_57' title='bbox 761 1309 877 1392; x_wconf 90' lang='lat' dir='ltr'>aliquo</span> <span class='ocrx_word' id='word_1_58' title='bbox 894 1315 1100 1389; x_wconf 89' lang='lat' dir='ltr'>contemptu</span> <span class='ocrx_word' id='word_1_59' title='bbox 1118 1307 1214 1371; x_wconf 93' lang='lat' dir='ltr'>audit</span> <span class='ocrx_word' id='word_1_60' title='bbox 1233 1307 1404 1371; x_wconf 91' lang='lat' dir='ltr'>nominari</span> 
     </span>
     <span class='ocr_line' id='line_1_8' title="bbox 276 1402 1403 1487; baseline -0.004 -16"><span class='ocrx_word' id='word_1_61' title='bbox 276 1405 483 1487; x_wconf 82' lang='lat' dir='ltr'>decalogum</span> <span class='ocrx_word' id='word_1_62' title='bbox 502 1425 562 1469; x_wconf 89' lang='lat' dir='ltr'>seu</span> <span class='ocrx_word' id='word_1_63' title='bbox 579 1404 793 1480; x_wconf 86' lang='lat' dir='ltr'>catechesin‚</span> <span class='ocrx_word' id='word_1_64' title='bbox 810 1405 897 1468; x_wconf 88' lang='lat' dir='ltr'>sicut</span> <span class='ocrx_word' id='word_1_65' title='bbox 917 1403 1051 1467; x_wconf 89' lang='lat' dir='ltr'>audiret</span> <span class='ocrx_word' id='word_1_66' title='bbox 1068 1403 1237 1466; x_wconf 91' lang='lat' dir='ltr'>nominari</span> <span class='ocrx_word' id='word_1_67' title='bbox 1252 1402 1403 1486; x_wconf 88' lang='lat' dir='ltr'>aliquem</span> 
     </span>
     <span class='ocr_line' id='line_1_9' title="bbox 277 1498 1405 1584; baseline -0.002 -18"><span class='ocrx_word' id='word_1_68' title='bbox 277 1501 401 1566; x_wconf 91' lang='lat' dir='ltr'>librum</span> <span class='ocrx_word' id='word_1_69' title='bbox 423 1500 598 1577; x_wconf 83' lang='lat' dir='ltr'>infantiae,</span> <span class='ocrx_word' id='word_1_70' title='bbox 622 1501 680 1584; x_wconf 91' lang='lat' dir='ltr'>qui</span> <span class='ocrx_word' id='word_1_71' title='bbox 710 1520 780 1564; x_wconf 92' lang='lat' dir='ltr'>non</span> <span class='ocrx_word' id='word_1_72' title='bbox 806 1499 875 1564; x_wconf 94' lang='lat' dir='ltr'>illis</span> <span class='ocrx_word' id='word_1_73' title='bbox 898 1499 1045 1582; x_wconf 88' lang='lat' dir='ltr'>amplius</span> <span class='ocrx_word' id='word_1_74' title='bbox 1068 1498 1210 1581; x_wconf 87' lang='lat' dir='ltr'>alicujus</span> <span class='ocrx_word' id='word_1_75' title='bbox 1234 1519 1314 1562; x_wconf 92' lang='lat' dir='ltr'>usus</span> <span class='ocrx_word' id='word_1_76' title='bbox 1337 1510 1405 1565; x_wconf 85' lang='lat' dir='ltr'>est.</span> 
     </span>
     <span class='ocr_line' id='line_1_10' title="bbox 278 1595 1405 1680; baseline -0.003 -15"><span class='ocrx_word' id='word_1_77' title='bbox 278 1605 337 1666; x_wconf 75' lang='grc'>[3.]</span> <span class='ocrx_word' id='word_1_78' title='bbox 369 1596 466 1662; x_wconf 90' lang='lat' dir='ltr'>Haec</span> <span class='ocrx_word' id='word_1_79' title='bbox 490 1595 584 1662; x_wconf 71' lang='lat' dir='ltr'>did‘ta</span> <span class='ocrx_word' id='word_1_80' title='bbox 606 1606 698 1675; x_wconf 93' lang='lat' dir='ltr'>sunt,</span> <span class='ocrx_word' id='word_1_81' title='bbox 723 1606 762 1662; x_wconf 90' lang='lat' dir='ltr'>ut</span> <span class='ocrx_word' id='word_1_82' title='bbox 789 1598 917 1662; x_wconf 87' lang='lat' dir='ltr'>sciatur</span> <span class='ocrx_word' id='word_1_83' title='bbox 940 1597 1031 1680; x_wconf 90' lang='lat' dir='ltr'>quod</span> <span class='ocrx_word' id='word_1_84' title='bbox 1051 1597 1135 1661; x_wconf 92' lang='lat' dir='ltr'>nulli</span> <span class='ocrx_word' id='word_1_85' title='bbox 1158 1597 1288 1661; x_wconf 91' lang='lat' dir='ltr'>homini</span> <span class='ocrx_word' id='word_1_86' title='bbox 1311 1596 1405 1662; x_wconf 88' lang='lat' dir='ltr'>desit</span> 
     </span>
     <span class='ocr_line' id='line_1_11' title="bbox 277 1692 1407 1777; baseline 0 -20"><span class='ocrx_word' id='word_1_87' title='bbox 277 1694 432 1776; x_wconf 86' lang='lat' dir='ltr'>cognitio</span> <span class='ocrx_word' id='word_1_88' title='bbox 451 1693 653 1770; x_wconf 88' lang='lat' dir='ltr'>mediorum,</span> <span class='ocrx_word' id='word_1_89' title='bbox 674 1713 734 1777; x_wconf 89' lang='lat' dir='ltr'>per</span> <span class='ocrx_word' id='word_1_90' title='bbox 756 1714 845 1776; x_wconf 92' lang='lat' dir='ltr'>quae</span> <span class='ocrx_word' id='word_1_91' title='bbox 863 1692 990 1756; x_wconf 88' lang='lat' dir='ltr'>salvari</span> <span class='ocrx_word' id='word_1_92' title='bbox 1012 1692 1135 1774; x_wconf 90' lang='lat' dir='ltr'>possit,</span> <span class='ocrx_word' id='word_1_93' title='bbox 1155 1712 1219 1757; x_wconf 90' lang='lat' dir='ltr'>nec</span> <span class='ocrx_word' id='word_1_94' title='bbox 1242 1693 1407 1775; x_wconf 89' lang='lat' dir='ltr'>potentia</span> 
     </span>
     <span class='ocr_line' id='line_1_12' title="bbox 277 1788 1407 1872; baseline 0 -20"><span class='ocrx_word' id='word_1_95' title='bbox 277 1789 305 1852; x_wconf 91' lang='lat' dir='ltr'>si</span> <span class='ocrx_word' id='word_1_96' title='bbox 321 1789 395 1853; x_wconf 91' lang='lat' dir='ltr'>vult</span> <span class='ocrx_word' id='word_1_97' title='bbox 412 1788 556 1854; x_wconf 87' lang='lat' dir='ltr'>salvari:</span> <span class='ocrx_word' id='word_1_98' title='bbox 581 1809 627 1852; x_wconf 90' lang='lat' dir='ltr'>ex</span> <span class='ocrx_word' id='word_1_99' title='bbox 646 1809 714 1872; x_wconf 89' lang='lat' dir='ltr'>quo</span> <span class='ocrx_word' id='word_1_100' title='bbox 730 1789 893 1872; x_wconf 89' lang='lat' dir='ltr'>sequitur,</span> <span class='ocrx_word' id='word_1_101' title='bbox 906 1788 998 1871; x_wconf 92' lang='lat' dir='ltr'>quod</span> <span class='ocrx_word' id='word_1_102' title='bbox 1014 1807 1135 1852; x_wconf 91' lang='lat' dir='ltr'>omnes</span> <span class='ocrx_word' id='word_1_103' title='bbox 1150 1788 1407 1871; x_wconf 87' lang='lat' dir='ltr'>praedestinati</span> 
     </span>
     <span class='ocr_line' id='line_1_13' title="bbox 277 1881 1404 1967; baseline 0.001 -20"><span class='ocrx_word' id='word_1_104' title='bbox 277 1885 346 1948; x_wconf 91' lang='lat' dir='ltr'>sint</span> <span class='ocrx_word' id='word_1_105' title='bbox 372 1884 417 1948; x_wconf 87' lang='lat' dir='ltr'>ad</span> <span class='ocrx_word' id='word_1_106' title='bbox 440 1885 587 1960; x_wconf 91' lang='lat' dir='ltr'>caelum,</span> <span class='ocrx_word' id='word_1_107' title='bbox 607 1892 644 1949; x_wconf 89' lang='lat' dir='ltr'>et</span> <span class='ocrx_word' id='word_1_108' title='bbox 667 1883 782 1948; x_wconf 90' lang='lat' dir='ltr'>nullus</span> <span class='ocrx_word' id='word_1_109' title='bbox 811 1884 854 1947; x_wconf 91' lang='lat' dir='ltr'>ad</span> <span class='ocrx_word' id='word_1_110' title='bbox 883 1882 1061 1948; x_wconf 81' lang='lat' dir='ltr'>infernum.</span> <span class='ocrx_word' id='word_1_111' title='bbox 1106 1881 1175 1948; x_wconf 87' lang='lat' dir='ltr'>Sed</span> <span class='ocrx_word' id='word_1_112' title='bbox 1204 1884 1284 1967; x_wconf 92' lang='lat' dir='ltr'>quia</span> <span class='ocrx_word' id='word_1_113' title='bbox 1312 1883 1404 1965; x_wconf 89' lang='lat' dir='ltr'>apud</span> 
     </span>
     <span class='ocr_line' id='line_1_14' title="bbox 277 1977 1404 2063; baseline 0.003 -21"><span class='ocrx_word' id='word_1_114' title='bbox 277 1977 410 2063; x_wconf 91' lang='lat' dir='ltr'>aliquos</span> <span class='ocrx_word' id='word_1_115' title='bbox 425 1981 570 2045; x_wconf 91' lang='lat' dir='ltr'>invaluit</span> <span class='ocrx_word' id='word_1_116' title='bbox 586 1977 672 2043; x_wconf 87' lang='lat' dir='ltr'>fides</span> <span class='ocrx_word' id='word_1_117' title='bbox 691 1978 733 2044; x_wconf 90' lang='lat' dir='ltr'>de</span> <span class='ocrx_word' id='word_1_118' title='bbox 752 1979 1071 2063; x_wconf 87' lang='lat' dir='ltr'>praedestinatione</span> <span class='ocrx_word' id='word_1_119' title='bbox 1091 1979 1136 2042; x_wconf 89' lang='lat' dir='ltr'>ad</span> <span class='ocrx_word' id='word_1_120' title='bbox 1154 1999 1223 2044; x_wconf 92' lang='lat' dir='ltr'>non</span> <span class='ocrx_word' id='word_1_121' title='bbox 1240 1980 1404 2044; x_wconf 88' lang='lat' dir='ltr'>salvatio·</span> 
     </span>
     <span class='ocr_line' id='line_1_15' title="bbox 278 2073 1406 2158; baseline 0.001 -19"><span class='ocrx_word' id='word_1_122' title='bbox 278 2093 369 2151; x_wconf 87' lang='lat' dir='ltr'>nem,</span> <span class='ocrx_word' id='word_1_123' title='bbox 387 2085 544 2158; x_wconf 90' lang='lat' dir='ltr'>quaeest</span> <span class='ocrx_word' id='word_1_124' title='bbox 560 2075 749 2150; x_wconf 88' lang='lat' dir='ltr'>damnatio,</span> <span class='ocrx_word' id='word_1_125' title='bbox 766 2074 902 2139; x_wconf 81' lang='lat' dir='ltr'>ethaeo</span> <span class='ocrx_word' id='word_1_126' title='bbox 918 2073 1004 2138; x_wconf 86' lang='lat' dir='ltr'>fides</span> <span class='ocrx_word' id='word_1_127' title='bbox 1020 2083 1074 2139; x_wconf 90' lang='lat' dir='ltr'>est</span> <span class='ocrx_word' id='word_1_128' title='bbox 1093 2075 1273 2151; x_wconf 91' lang='lat' dir='ltr'>damnosa,</span> <span class='ocrx_word' id='word_1_129' title='bbox 1290 2085 1327 2140; x_wconf 91' lang='lat' dir='ltr'>et</span> <span class='ocrx_word' id='word_1_130' title='bbox 1345 2074 1406 2140; x_wconf 92' lang='lat' dir='ltr'>illa</span> 
     </span>
     <span class='ocr_line' id='line_1_16' title="bbox 278 2170 1405 2254; baseline 0.001 -19"><span class='ocrx_word' id='word_1_131' title='bbox 278 2190 348 2235; x_wconf 91' lang='lat' dir='ltr'>non</span> <span class='ocrx_word' id='word_1_132' title='bbox 364 2171 491 2235; x_wconf 88' lang='lat' dir='ltr'>discuti</span> <span class='ocrx_word' id='word_1_133' title='bbox 506 2180 637 2254; x_wconf 90' lang='lat' dir='ltr'>potest,</span> <span class='ocrx_word' id='word_1_134' title='bbox 656 2171 720 2234; x_wconf 89' lang='lat' dir='ltr'>nisi</span> <span class='ocrx_word' id='word_1_135' title='bbox 736 2171 842 2234; x_wconf 87' lang='lat' dir='ltr'>etiarn</span> <span class='ocrx_word' id='word_1_136' title='bbox 857 2171 949 2234; x_wconf 88' lang='lat' dir='ltr'>ratio</span> <span class='ocrx_word' id='word_1_137' title='bbox 963 2170 1080 2234; x_wconf 89' lang='lat' dir='ltr'>videat</span> <span class='ocrx_word' id='word_1_138' title='bbox 1099 2171 1257 2234; x_wconf 90' lang='lat' dir='ltr'>insanum</span> <span class='ocrx_word' id='word_1_139' title='bbox 1274 2181 1310 2236; x_wconf 92' lang='lat' dir='ltr'>et</span> <span class='ocrx_word' id='word_1_140' title='bbox 1328 2191 1405 2236; x_wconf 90' lang='lat' dir='ltr'>cru·</span> 
     </span>
     <span class='ocr_line' id='line_1_17' title="bbox 278 2264 1404 2350; baseline -0.001 -20"><span class='ocrx_word' id='word_1_141' title='bbox 278 2265 357 2330; x_wconf 89' lang='lat' dir='ltr'>dele</span> <span class='ocrx_word' id='word_1_142' title='bbox 380 2267 414 2330; x_wconf 92' lang='lat' dir='ltr'>in</span> <span class='ocrx_word' id='word_1_143' title='bbox 437 2265 507 2341; x_wconf 92' lang='lat' dir='ltr'>illa,</span> <span class='ocrx_word' id='word_1_144' title='bbox 527 2287 631 2350; x_wconf 91' lang='lat' dir='ltr'>quare</span> <span class='ocrx_word' id='word_1_145' title='bbox 650 2266 694 2330; x_wconf 90' lang='lat' dir='ltr'>de</span> <span class='ocrx_word' id='word_1_146' title='bbox 718 2266 816 2330; x_wconf 89' lang='lat' dir='ltr'>eain</span> <span class='ocrx_word' id='word_1_147' title='bbox 839 2265 903 2329; x_wconf 91' lang='lat' dir='ltr'>hac</span> <span class='ocrx_word' id='word_1_148' title='bbox 927 2267 1014 2330; x_wconf 90' lang='lat' dir='ltr'>serie</span> <span class='ocrx_word' id='word_1_149' title='bbox 1032 2265 1206 2347; x_wconf 87' lang='lat' dir='ltr'>agendum</span> <span class='ocrx_word' id='word_1_150' title='bbox 1229 2274 1295 2330; x_wconf 90' lang='lat' dir='ltr'>est.</span> <span class='ocrx_word' id='word_1_151' title='bbox 1341 2264 1404 2350; x_wconf 87' lang='lat'>(1.)</span> 
     </span>
     <span class='ocr_line' id='line_1_18' title="bbox 278 2357 1405 2445; baseline 0.001 -20"><span class='ocrx_word' id='word_1_152' title='bbox 278 2357 382 2444; x_wconf 85' lang='lat' dir='ltr'>Quod</span> <span class='ocrx_word' id='word_1_153' title='bbox 398 2361 671 2445; x_wconf 88' lang='lat' dir='ltr'>praedestinatio</span> <span class='ocrx_word' id='word_1_154' title='bbox 687 2360 754 2424; x_wconf 87' lang='lat' dir='ltr'>alia</span> <span class='ocrx_word' id='word_1_155' title='bbox 769 2381 871 2444; x_wconf 90' lang='lat' dir='ltr'>quam</span> <span class='ocrx_word' id='word_1_156' title='bbox 888 2361 934 2425; x_wconf 91' lang='lat' dir='ltr'>ad</span> <span class='ocrx_word' id='word_1_157' title='bbox 950 2361 1095 2438; x_wconf 90' lang='lat' dir='ltr'>caelum,</span> <span class='ocrx_word' id='word_1_158' title='bbox 1110 2361 1155 2425; x_wconf 93' lang='lat' dir='ltr'>sit</span> <span class='ocrx_word' id='word_1_159' title='bbox 1172 2370 1294 2425; x_wconf 89' lang='lat' dir='ltr'>contra</span> <span class='ocrx_word' id='word_1_160' title='bbox 1308 2361 1405 2426; x_wconf 89' lang='lat' dir='ltr'>Divi·</span> 
     </span>
     <span class='ocr_line' id='line_1_19' title="bbox 279 2454 1406 2540; baseline 0.002 -21"><span class='ocrx_word' id='word_1_161' title='bbox 279 2475 360 2520; x_wconf 93' lang='lat' dir='ltr'>num</span> <span class='ocrx_word' id='word_1_162' title='bbox 379 2457 548 2522; x_wconf 91' lang='lat' dir='ltr'>Amorem</span> <span class='ocrx_word' id='word_1_163' title='bbox 572 2465 608 2519; x_wconf 86' lang='lat' dir='ltr'>et</span> <span class='ocrx_word' id='word_1_164' title='bbox 632 2454 841 2519; x_wconf 85' lang='lat' dir='ltr'>infinitatem</span> <span class='ocrx_word' id='word_1_165' title='bbox 864 2455 945 2537; x_wconf 90' lang='lat' dir='ltr'>ejus.</span> <span class='ocrx_word' id='word_1_166' title='bbox 993 2455 1056 2540; x_wconf 87' lang='lat'><strong>(2.)</strong></span> <span class='ocrx_word' id='word_1_167' title='bbox 1089 2456 1192 2538; x_wconf 84' lang='lat' dir='ltr'>Quod</span> <span class='ocrx_word' id='word_1_168' title='bbox 1212 2457 1406 2539; x_wconf 88' lang='lat' dir='ltr'>praedesti·</span> 
     </span>
     <span class='ocr_line' id='line_1_20' title="bbox 278 2549 1406 2635; baseline 0.003 -21"><span class='ocrx_word' id='word_1_169' title='bbox 278 2552 375 2615; x_wconf 87' lang='lat' dir='ltr'>natio</span> <span class='ocrx_word' id='word_1_170' title='bbox 394 2551 461 2615; x_wconf 92' lang='lat' dir='ltr'>alia</span> <span class='ocrx_word' id='word_1_171' title='bbox 476 2569 577 2635; x_wconf 90' lang='lat' dir='ltr'>quam</span> <span class='ocrx_word' id='word_1_172' title='bbox 596 2550 640 2614; x_wconf 93' lang='lat' dir='ltr'>ad</span> <span class='ocrx_word' id='word_1_173' title='bbox 660 2549 793 2614; x_wconf 89' lang='lat' dir='ltr'>caelum</span> <span class='ocrx_word' id='word_1_174' title='bbox 812 2551 856 2614; x_wconf 93' lang='lat' dir='ltr'>sit</span> <span class='ocrx_word' id='word_1_175' title='bbox 875 2561 997 2615; x_wconf 92' lang='lat' dir='ltr'>contra</span> <span class='ocrx_word' id='word_1_176' title='bbox 1014 2551 1175 2616; x_wconf 88' lang='lat' dir='ltr'>Divinam</span> <span class='ocrx_word' id='word_1_177' title='bbox 1191 2550 1406 2635; x_wconf 87' lang='lat' dir='ltr'>Sapientiam</span> 
     </span>
     <span class='ocr_line' id='line_1_21' title="bbox 279 2643 1408 2731; baseline 0.002 -21"><span class='ocrx_word' id='word_1_178' title='bbox 279 2653 316 2710; x_wconf 89' lang='lat' dir='ltr'>et</span> <span class='ocrx_word' id='word_1_179' title='bbox 334 2645 541 2710; x_wconf 84' lang='lat' dir='ltr'>infinitatem</span> <span class='ocrx_word' id='word_1_180' title='bbox 559 2643 640 2727; x_wconf 91' lang='lat' dir='ltr'>ejus.</span> <span class='ocrx_word' id='word_1_181' title='bbox 688 2643 750 2729; x_wconf 84' lang='lat'>(3.)</span> <span class='ocrx_word' id='word_1_182' title='bbox 775 2643 878 2727; x_wconf 83' lang='lat' dir='ltr'>Quod</span> <span class='ocrx_word' id='word_1_183' title='bbox 895 2645 1073 2711; x_wconf 88' lang='lat' dir='ltr'>salventur</span> <span class='ocrx_word' id='word_1_184' title='bbox 1089 2647 1138 2711; x_wconf 93' lang='lat' dir='ltr'>illi</span> <span class='ocrx_word' id='word_1_185' title='bbox 1158 2647 1221 2711; x_wconf 92' lang='lat' dir='ltr'>soli</span> <span class='ocrx_word' id='word_1_186' title='bbox 1241 2649 1296 2731; x_wconf 92' lang='lat' dir='ltr'>qui</span> <span class='ocrx_word' id='word_1_187' title='bbox 1314 2649 1408 2712; x_wconf 89' lang='lat' dir='ltr'>intra</span> 
     </span>
     <span class='ocr_line' id='line_1_22' title="bbox 279 2740 1407 2829; baseline 0.002 -22"><span class='ocrx_word' id='word_1_188' title='bbox 279 2742 463 2807; x_wconf 89' lang='lat' dir='ltr'>ecclesiam</span> <span class='ocrx_word' id='word_1_189' title='bbox 478 2741 552 2806; x_wconf 90' lang='lat' dir='ltr'>nati</span> <span class='ocrx_word' id='word_1_190' title='bbox 571 2751 663 2818; x_wconf 92' lang='lat' dir='ltr'>sunt,</span> <span class='ocrx_word' id='word_1_191' title='bbox 681 2741 727 2805; x_wconf 92' lang='lat' dir='ltr'>sit</span> <span class='ocrx_word' id='word_1_192' title='bbox 746 2740 898 2805; x_wconf 90' lang='lat' dir='ltr'>haeresis</span> <span class='ocrx_word' id='word_1_193' title='bbox 913 2743 1045 2806; x_wconf 89' lang='lat' dir='ltr'>insana.</span> <span class='ocrx_word' id='word_1_194' title='bbox 1092 2741 1155 2827; x_wconf 91' lang='lat'>(4.)</span> <span class='ocrx_word' id='word_1_195' title='bbox 1181 2742 1284 2826; x_wconf 87' lang='lat' dir='ltr'>Quod</span> <span class='ocrx_word' id='word_1_196' title='bbox 1301 2744 1407 2829; x_wconf 90' lang='lat' dir='ltr'>aliqui</span> 
     </span>
     <span class='ocr_line' id='line_1_23' title="bbox 279 2837 1407 2919; baseline 0.003 -16"><span class='ocrx_word' id='word_1_197' title='bbox 279 2858 326 2903; x_wconf 86' lang='lat' dir='ltr'>ex</span> <span class='ocrx_word' id='word_1_198' title='bbox 358 2839 509 2904; x_wconf 91' lang='lat' dir='ltr'>humano</span> <span class='ocrx_word' id='word_1_199' title='bbox 539 2856 668 2919; x_wconf 87' lang='lat' dir='ltr'>genere</span> <span class='ocrx_word' id='word_1_200' title='bbox 700 2857 747 2902; x_wconf 87' lang='lat' dir='ltr'>ex</span> <span class='ocrx_word' id='word_1_201' title='bbox 780 2837 1039 2919; x_wconf 83' lang='lat' dir='ltr'>praedestinato</span> <span class='ocrx_word' id='word_1_202' title='bbox 1068 2838 1226 2905; x_wconf 88' lang='lat' dir='ltr'>damnati</span> <span class='ocrx_word' id='word_1_203' title='bbox 1254 2841 1336 2917; x_wconf 89' lang='lat' dir='ltr'>sint,</span> <span class='ocrx_word' id='word_1_204' title='bbox 1360 2840 1407 2907; x_wconf 91' lang='lat' dir='ltr'>sit</span> 
     </span>
     <span class='ocr_line' id='line_1_24' title="bbox 279 2931 609 2999; baseline -0.006 -1"><span class='ocrx_word' id='word_1_205' title='bbox 279 2931 432 2999; x_wconf 87' lang='lat' dir='ltr'>haeresis</span> <span class='ocrx_word' id='word_1_206' title='bbox 451 2933 609 2997; x_wconf 89' lang='lat' dir='ltr'>crudelis.</span> 
     </span>
    </p>

    <p class='ocr_par' dir='ltr' id='par_1_3' title="bbox 275 3026 1413 4446">
     <span class='ocr_line' id='line_1_25' title="bbox 343 3026 1406 3115; baseline 0.004 -23"><span class='ocrx_word' id='word_1_207' title='bbox 343 3044 447 3112; x_wconf 77' lang='lat'>33⁰.</span> <span class='ocrx_word' id='word_1_208' title='bbox 476 3026 545 3092; x_wconf 86' lang='lat' dir='ltr'>Sed</span> <span class='ocrx_word' id='word_1_209' title='bbox 569 3038 611 3093; x_wconf 90' lang='lat' dir='ltr'>ut</span> <span class='ocrx_word' id='word_1_210' title='bbox 631 3037 797 3112; x_wconf 88' lang='lat' dir='ltr'>appareat</span> <span class='ocrx_word' id='word_1_211' title='bbox 815 3048 917 3112; x_wconf 92' lang='lat' dir='ltr'>quam</span> <span class='ocrx_word' id='word_1_212' title='bbox 936 3030 1106 3094; x_wconf 91' lang='lat' dir='ltr'>damnosa</span> <span class='ocrx_word' id='word_1_213' title='bbox 1124 3038 1179 3094; x_wconf 89' lang='lat' dir='ltr'>est</span> <span class='ocrx_word' id='word_1_214' title='bbox 1201 3027 1287 3095; x_wconf 89' lang='lat' dir='ltr'>fides</span> <span class='ocrx_word' id='word_1_215' title='bbox 1306 3051 1406 3115; x_wconf 89' lang='lat' dir='ltr'>prae-</span> 
     </span>
     <span class='ocr_line' id='line_1_26' title="bbox 280 3121 1406 3209; baseline 0.002 -21"><span class='ocrx_word' id='word_1_216' title='bbox 280 3122 524 3190; x_wconf 91' lang='lat' dir='ltr'>destinationis</span> <span class='ocrx_word' id='word_1_217' title='bbox 554 3123 784 3188; x_wconf 89' lang='lat' dir='ltr'>communiter</span> <span class='ocrx_word' id='word_1_218' title='bbox 806 3121 1016 3201; x_wconf 72' lang='lat' dir='ltr'>intellectae,</span> <span class='ocrx_word' id='word_1_219' title='bbox 1041 3135 1187 3208; x_wconf 87' lang='lat' dir='ltr'>quatuor</span> <span class='ocrx_word' id='word_1_220' title='bbox 1215 3124 1275 3189; x_wconf 92' lang='lat' dir='ltr'>illa</span> <span class='ocrx_word' id='word_1_221' title='bbox 1302 3146 1406 3209; x_wconf 89' lang='lat' dir='ltr'>argu·</span> 
     </span>
     <span class='ocr_line' id='line_1_27' title="bbox 280 3218 1413 3299; baseline 0.001 -15"><span class='ocrx_word' id='word_1_222' title='bbox 280 3227 400 3284; x_wconf 89' lang='lat' dir='ltr'>menta</span> <span class='ocrx_word' id='word_1_223' title='bbox 415 3219 661 3282; x_wconf 87' lang='lat' dir='ltr'>reassumenda</span> <span class='ocrx_word' id='word_1_224' title='bbox 678 3230 757 3282; x_wconf 92' lang='lat' dir='ltr'>sunt</span> <span class='ocrx_word' id='word_1_225' title='bbox 774 3228 810 3283; x_wconf 87' lang='lat' dir='ltr'>et</span> <span class='ocrx_word' id='word_1_226' title='bbox 827 3218 1071 3284; x_wconf 86' lang='lat' dir='ltr'>confirmanda.</span> <span class='ocrx_word' id='word_1_227' title='bbox 1119 3220 1285 3285; x_wconf 91' lang='lat' dir='ltr'>Primum:</span> <span class='ocrx_word' id='word_1_228' title='bbox 1313 3219 1413 3299; x_wconf 85' lang='lat' dir='ltr'>Quod</span> 
     </span>
     <span class='ocr_line' id='line_1_28' title="bbox 275 3312 1409 3398; baseline 0 -18"><span class='ocrx_word' id='word_1_229' title='bbox 275 3312 544 3398; x_wconf 77' lang='lat' dir='ltr'>praedestinatio</span> <span class='ocrx_word' id='word_1_230' title='bbox 573 3313 645 3378; x_wconf 85' lang='lat' dir='ltr'>alia</span> <span class='ocrx_word' id='word_1_231' title='bbox 673 3335 775 3397; x_wconf 88' lang='lat' dir='ltr'>quam</span> <span class='ocrx_word' id='word_1_232' title='bbox 803 3315 854 3379; x_wconf 88' lang='lat' dir='ltr'>aa&#39;</span> <span class='ocrx_word' id='word_1_233' title='bbox 877 3315 1003 3379; x_wconf 88' lang='lat' dir='ltr'>caelum</span> <span class='ocrx_word' id='word_1_234' title='bbox 1032 3315 1080 3380; x_wconf 88' lang='lat' dir='ltr'>sit</span> <span class='ocrx_word' id='word_1_235' title='bbox 1103 3326 1220 3380; x_wconf 88' lang='lat' dir='ltr'>contra</span> <span class='ocrx_word' id='word_1_236' title='bbox 1246 3315 1409 3380; x_wconf 71' lang='lat' dir='ltr'>Deoinum</span> 
     </span>
     <span class='ocr_line' id='line_1_29' title="bbox 280 3408 1407 3494; baseline 0.002 -20"><span class='ocrx_word' id='word_1_237' title='bbox 280 3409 450 3484; x_wconf 82' lang='lat' dir='ltr'>Amorem,</span> <span class='ocrx_word' id='word_1_238' title='bbox 474 3409 535 3492; x_wconf 84' lang='lat' dir='ltr'>qai</span> <span class='ocrx_word' id='word_1_239' title='bbox 557 3409 718 3494; x_wconf 75' lang='lat' dir='ltr'>infinitus.</span> <span class='ocrx_word' id='word_1_240' title='bbox 764 3408 867 3492; x_wconf 86' lang='lat' dir='ltr'>Quod</span> <span class='ocrx_word' id='word_1_241' title='bbox 889 3410 1047 3493; x_wconf 78' lang='lat' dir='ltr'>jehovah</span> <span class='ocrx_word' id='word_1_242' title='bbox 1075 3433 1134 3475; x_wconf 90' lang='lat' dir='ltr'>seu</span> <span class='ocrx_word' id='word_1_243' title='bbox 1163 3411 1332 3475; x_wconf 91' lang='lat' dir='ltr'>Dominus</span> <span class='ocrx_word' id='word_1_244' title='bbox 1361 3413 1407 3478; x_wconf 89' lang='lat' dir='ltr'>sit</span> 
     </span>
     <span class='ocr_line' id='line_1_30' title="bbox 281 3498 1408 3589; baseline 0.003 -20"><span class='ocrx_word' id='word_1_245' title='bbox 281 3505 426 3569; x_wconf 91' lang='lat' dir='ltr'>Divinus</span> <span class='ocrx_word' id='word_1_246' title='bbox 448 3503 571 3582; x_wconf 93' lang='lat' dir='ltr'>Amor,</span> <span class='ocrx_word' id='word_1_247' title='bbox 591 3516 627 3571; x_wconf 91' lang='lat' dir='ltr'>et</span> <span class='ocrx_word' id='word_1_248' title='bbox 656 3505 749 3589; x_wconf 92' lang='lat' dir='ltr'>quod</span> <span class='ocrx_word' id='word_1_249' title='bbox 779 3505 837 3571; x_wconf 89' lang='lat' dir='ltr'>ille</span> <span class='ocrx_word' id='word_1_250' title='bbox 866 3498 1018 3570; x_wconf 87' lang='lat' dir='ltr'>infinitus</span> <span class='ocrx_word' id='word_1_251' title='bbox 1037 3507 1094 3583; x_wconf 90' lang='lat' dir='ltr'>sit,</span> <span class='ocrx_word' id='word_1_252' title='bbox 1119 3516 1155 3570; x_wconf 92' lang='lat' dir='ltr'>et</span> <span class='ocrx_word' id='word_1_253' title='bbox 1181 3507 1268 3572; x_wconf 88' lang='lat' dir='ltr'>Esse</span> <span class='ocrx_word' id='word_1_254' title='bbox 1295 3507 1408 3572; x_wconf 88' lang='lat' dir='ltr'>omnis</span> 
     </span>
     <span class='ocr_line' id='line_1_31' title="bbox 279 3600 1407 3686; baseline 0.001 -20"><span class='ocrx_word' id='word_1_255' title='bbox 279 3601 394 3679; x_wconf 82' lang='lat' dir='ltr'>vitae3</span> <span class='ocrx_word' id='word_1_256' title='bbox 418 3609 493 3664; x_wconf 93' lang='lat' dir='ltr'>tum</span> <span class='ocrx_word' id='word_1_257' title='bbox 509 3600 601 3683; x_wconf 91' lang='lat' dir='ltr'>quod</span> <span class='ocrx_word' id='word_1_258' title='bbox 617 3602 722 3664; x_wconf 91' lang='lat' dir='ltr'>homo</span> <span class='ocrx_word' id='word_1_259' title='bbox 735 3611 871 3667; x_wconf 89' lang='lat' dir='ltr'>creatus</span> <span class='ocrx_word' id='word_1_260' title='bbox 887 3604 932 3666; x_wconf 93' lang='lat' dir='ltr'>sit</span> <span class='ocrx_word' id='word_1_261' title='bbox 948 3605 982 3666; x_wconf 92' lang='lat' dir='ltr'>in</span> <span class='ocrx_word' id='word_1_262' title='bbox 998 3603 1184 3686; x_wconf 84' lang='lat' dir='ltr'>imaginem</span> <span class='ocrx_word' id='word_1_263' title='bbox 1203 3605 1267 3668; x_wconf 90' lang='lat' dir='ltr'>Dei</span> <span class='ocrx_word' id='word_1_264' title='bbox 1284 3622 1407 3667; x_wconf 90' lang='lat' dir='ltr'>secun·</span> 
     </span>
     <span class='ocr_line' id='line_1_32' title="bbox 280 3694 1410 3770; baseline 0.002 -10"><span class='ocrx_word' id='word_1_265' title='bbox 280 3695 363 3760; x_wconf 90' lang='lat' dir='ltr'>dum</span> <span class='ocrx_word' id='word_1_266' title='bbox 382 3694 644 3759; x_wconf 90' lang='lat' dir='ltr'>similitudinem</span> <span class='ocrx_word' id='word_1_267' title='bbox 664 3695 740 3770; x_wconf 91' lang='lat' dir='ltr'>Dei,</span> <span class='ocrx_word' id='word_1_268' title='bbox 761 3697 794 3760; x_wconf 95' lang='lat' dir='ltr'>in</span> <span class='ocrx_word' id='word_1_269' title='bbox 814 3695 1049 3764; x_wconf 68' lang='lat' dir='ltr'>transadtione</span> <span class='ocrx_word' id='word_1_270' title='bbox 1067 3696 1120 3763; x_wconf 89' lang='lat' dir='ltr'>De</span> <span class='ocrx_word' id='word_1_271' title='bbox 1140 3699 1266 3764; x_wconf 73' lang='lat' dir='ltr'>Deoino</span> <span class='ocrx_word' id='word_1_272' title='bbox 1282 3698 1410 3762; x_wconf 82' lang='lat' dir='ltr'>Amore</span> 
     </span>
     <span class='ocr_line' id='line_1_33' title="bbox 279 3790 1409 3878; baseline 0.001 -21"><span class='ocrx_word' id='word_1_273' title='bbox 279 3802 313 3857; x_wconf 91' lang='lat' dir='ltr'>et</span> <span class='ocrx_word' id='word_1_274' title='bbox 340 3790 471 3855; x_wconf 84' lang='lat' dir='ltr'>Dive&#39;na</span> <span class='ocrx_word' id='word_1_275' title='bbox 500 3790 687 3872; x_wconf 82' lang='lat' dir='ltr'>Sapientia,</span> <span class='ocrx_word' id='word_1_276' title='bbox 712 3792 988 3858; x_wconf 88' lang='lat' dir='ltr'>demonstratum</span> <span class='ocrx_word' id='word_1_277' title='bbox 1013 3803 1087 3859; x_wconf 89' lang='lat' dir='ltr'>est:</span> <span class='ocrx_word' id='word_1_278' title='bbox 1122 3805 1158 3860; x_wconf 90' lang='lat' dir='ltr'>et</span> <span class='ocrx_word' id='word_1_279' title='bbox 1189 3797 1268 3878; x_wconf 90' lang='lat' dir='ltr'>quia</span> <span class='ocrx_word' id='word_1_280' title='bbox 1295 3795 1409 3859; x_wconf 93' lang='lat' dir='ltr'>omnis</span> 
     </span>
     <span class='ocr_line' id='line_1_34' title="bbox 280 3886 1409 3971; baseline 0.004 -19"><span class='ocrx_word' id='word_1_281' title='bbox 280 3887 387 3952; x_wconf 90' lang='lat' dir='ltr'>homo</span> <span class='ocrx_word' id='word_1_282' title='bbox 398 3886 564 3951; x_wconf 87' lang='lat' dir='ltr'>formatur</span> <span class='ocrx_word' id='word_1_283' title='bbox 579 3886 614 3948; x_wconf 93' lang='lat' dir='ltr'>in</span> <span class='ocrx_word' id='word_1_284' title='bbox 630 3895 730 3950; x_wconf 92' lang='lat' dir='ltr'>utero</span> <span class='ocrx_word' id='word_1_285' title='bbox 747 3888 781 3951; x_wconf 92' lang='lat' dir='ltr'>in</span> <span class='ocrx_word' id='word_1_286' title='bbox 800 3887 896 3952; x_wconf 88' lang='lat' dir='ltr'>illam</span> <span class='ocrx_word' id='word_1_287' title='bbox 909 3890 1297 3971; x_wconf 81' lang='lat' dir='ltr'>imaginemsecundum</span> <span class='ocrx_word' id='word_1_288' title='bbox 1313 3891 1409 3956; x_wconf 87' lang='lat' dir='ltr'>illam</span> 
     </span>
     <span class='ocr_line' id='line_1_35' title="bbox 280 3979 1408 4067; baseline 0.001 -19"><span class='ocrx_word' id='word_1_289' title='bbox 280 3981 538 4048; x_wconf 87' lang='lat' dir='ltr'>similitudinem</span> <span class='ocrx_word' id='word_1_290' title='bbox 565 4000 586 4044; x_wconf 87' lang='lat' dir='ltr'>a</span> <span class='ocrx_word' id='word_1_291' title='bbox 613 3979 775 4058; x_wconf 92' lang='lat' dir='ltr'>Domino,</span> <span class='ocrx_word' id='word_1_292' title='bbox 800 3993 838 4047; x_wconf 93' lang='lat' dir='ltr'>ut</span> <span class='ocrx_word' id='word_1_293' title='bbox 867 4004 1002 4067; x_wconf 89' lang='lat' dir='ltr'>quoque</span> <span class='ocrx_word' id='word_1_294' title='bbox 1031 3984 1312 4050; x_wconf 89' lang='lat' dir='ltr'>demonstratum</span> <span class='ocrx_word' id='word_1_295' title='bbox 1340 3994 1408 4060; x_wconf 90' lang='lat' dir='ltr'>est,</span> 
     </span>
     <span class='ocr_line' id='line_1_36' title="bbox 280 4075 1408 4163; baseline 0.001 -20"><span class='ocrx_word' id='word_1_296' title='bbox 280 4079 436 4163; x_wconf 87' lang='lat' dir='ltr'>sequitur</span> <span class='ocrx_word' id='word_1_297' title='bbox 454 4076 546 4160; x_wconf 91' lang='lat' dir='ltr'>quod</span> <span class='ocrx_word' id='word_1_298' title='bbox 566 4075 735 4141; x_wconf 91' lang='lat' dir='ltr'>Dominus</span> <span class='ocrx_word' id='word_1_299' title='bbox 754 4079 798 4141; x_wconf 89' lang='lat' dir='ltr'>sit</span> <span class='ocrx_word' id='word_1_300' title='bbox 822 4080 983 4144; x_wconf 88' lang='lat' dir='ltr'>caelestis</span> <span class='ocrx_word' id='word_1_301' title='bbox 1003 4080 1106 4144; x_wconf 89' lang='lat' dir='ltr'>Pater</span> <span class='ocrx_word' id='word_1_302' title='bbox 1125 4082 1278 4145; x_wconf 91' lang='lat' dir='ltr'>omnium</span> <span class='ocrx_word' id='word_1_303' title='bbox 1296 4080 1408 4145; x_wconf 91' lang='lat' dir='ltr'>homi·</span> 
     </span>
     <span class='ocr_line' id='line_1_37' title="bbox 281 4172 1409 4259; baseline 0.002 -21"><span class='ocrx_word' id='word_1_304' title='bbox 281 4192 374 4250; x_wconf 91' lang='lat' dir='ltr'>num,</span> <span class='ocrx_word' id='word_1_305' title='bbox 388 4183 425 4237; x_wconf 92' lang='lat' dir='ltr'>et</span> <span class='ocrx_word' id='word_1_306' title='bbox 438 4173 528 4257; x_wconf 90' lang='lat' dir='ltr'>quod</span> <span class='ocrx_word' id='word_1_307' title='bbox 542 4172 701 4237; x_wconf 89' lang='lat' dir='ltr'>homines</span> <span class='ocrx_word' id='word_1_308' title='bbox 714 4172 783 4238; x_wconf 92' lang='lat' dir='ltr'>sint</span> <span class='ocrx_word' id='word_1_309' title='bbox 797 4175 993 4257; x_wconf 89' lang='lat' dir='ltr'>spirituales</span> <span class='ocrx_word' id='word_1_310' title='bbox 1005 4175 1065 4240; x_wconf 89' lang='lat' dir='ltr'>filii</span> <span class='ocrx_word' id='word_1_311' title='bbox 1078 4175 1190 4259; x_wconf 92' lang='lat' dir='ltr'>Ipsius</span> <span class='ocrx_word' id='word_1_312' title='bbox 1202 4197 1210 4254; x_wconf 93' lang='lat'>;</span> <span class='ocrx_word' id='word_1_313' title='bbox 1240 4176 1291 4239; x_wconf 90' lang='lat' dir='ltr'>ita</span> <span class='ocrx_word' id='word_1_314' title='bbox 1302 4177 1409 4240; x_wconf 92' lang='lat' dir='ltr'>etiam</span> 
     </span>
     <span class='ocr_line' id='line_1_38' title="bbox 279 4266 1410 4352; baseline 0.002 -20"><span class='ocrx_word' id='word_1_315' title='bbox 279 4268 438 4352; x_wconf 90' lang='lat' dir='ltr'>Jehovah</span> <span class='ocrx_word' id='word_1_316' title='bbox 462 4289 522 4332; x_wconf 92' lang='lat' dir='ltr'>seu</span> <span class='ocrx_word' id='word_1_317' title='bbox 545 4266 714 4332; x_wconf 92' lang='lat' dir='ltr'>Dominus</span> <span class='ocrx_word' id='word_1_318' title='bbox 737 4279 882 4334; x_wconf 91' lang='lat' dir='ltr'>vocatur</span> <span class='ocrx_word' id='word_1_319' title='bbox 903 4272 938 4336; x_wconf 92' lang='lat' dir='ltr'>in</span> <span class='ocrx_word' id='word_1_320' title='bbox 961 4269 1092 4346; x_wconf 91' lang='lat' dir='ltr'>Verbo,</span> <span class='ocrx_word' id='word_1_321' title='bbox 1111 4279 1148 4335; x_wconf 89' lang='lat' dir='ltr'>et</span> <span class='ocrx_word' id='word_1_322' title='bbox 1171 4271 1222 4336; x_wconf 85' lang='lat' dir='ltr'>ita</span> <span class='ocrx_word' id='word_1_323' title='bbox 1249 4269 1410 4334; x_wconf 87' lang='lat' dir='ltr'>homines</span> 
     </span>
     <span class='ocr_line' id='line_1_39' title="bbox 279 4363 771 4446; baseline 0 -18"><span class='ocrx_word' id='word_1_324' title='bbox 279 4373 451 4430; x_wconf 86' lang='lat' dir='ltr'>vocantur</span> <span class='ocrx_word' id='word_1_325' title='bbox 473 4363 530 4438; x_wconf 92' lang='lat' dir='ltr'>ibi,</span> <span class='ocrx_word' id='word_1_326' title='bbox 550 4383 655 4446; x_wconf 90' lang='lat' dir='ltr'>quare</span> <span class='ocrx_word' id='word_1_327' title='bbox 674 4363 771 4440; x_wconf 86' lang='lat' dir='ltr'>dicit,</span> 
     </span>
    </p>
   </div>
   <div class='ocr_carea' id='block_1_3' title="bbox 331 4479 1412 4612">
    <p class='ocr_par' dir='ltr' id='par_1_4' title="bbox 331 4479 1412 4612">
     <span class='ocr_line' id='line_1_40' title="bbox 331 4479 1412 4544; baseline 0.004 -15"><span class='ocrx_word' id='word_1_328' title='bbox 331 4479 347 4504; x_wconf 77' lang='lat'>¹⁴</span> <span class='ocrx_word' id='word_1_329' title='bbox 356 4479 464 4529; x_wconf 82' lang='lat' dir='ltr'>Patrem</span> <span class='ocrx_word' id='word_1_330' title='bbox 477 4487 597 4527; x_wconf 82' lang='lat' dir='ltr'>uestrum</span> <span class='ocrx_word' id='word_1_331' title='bbox 611 4493 646 4528; x_wconf 90' lang='lat' dir='ltr'>ne</span> <span class='ocrx_word' id='word_1_332' title='bbox 659 4479 763 4528; x_wconf 89' lang='lat' dir='ltr'>vocetis</span> <span class='ocrx_word' id='word_1_333' title='bbox 777 4489 880 4544; x_wconf 82' lang='lat' dir='ltr'>patrem</span> <span class='ocrx_word' id='word_1_334' title='bbox 891 4491 1010 4531; x_wconf 81' lang='lat' dir='ltr'>vestrum</span> <span class='ocrx_word' id='word_1_335' title='bbox 1024 4482 1052 4530; x_wconf 89' lang='lat' dir='ltr'>in</span> <span class='ocrx_word' id='word_1_336' title='bbox 1065 4491 1145 4542; x_wconf 83' lang='lat' dir='ltr'>terra,</span> <span class='ocrx_word' id='word_1_337' title='bbox 1155 4495 1226 4534; x_wconf 84' lang='lat' dir='ltr'>unus</span> <span class='ocrx_word' id='word_1_338' title='bbox 1238 4491 1356 4543; x_wconf 85' lang='lat' dir='ltr'>namque</span> <span class='ocrx_word' id='word_1_339' title='bbox 1367 4487 1412 4533; x_wconf 79' lang='lat' dir='ltr'>est</span> 
     </span>
     <span class='ocr_line' id='line_1_41' title="bbox 414 4543 1137 4612; baseline 0.004 -18"><span class='ocrx_word' id='word_1_340' title='bbox 414 4543 495 4594; x_wconf 86' lang='lat' dir='ltr'>Pater</span> <span class='ocrx_word' id='word_1_341' title='bbox 509 4552 606 4600; x_wconf 82' lang='lat' dir='ltr'>vester,</span> <span class='ocrx_word' id='word_1_342' title='bbox 619 4545 664 4608; x_wconf 91' lang='lat' dir='ltr'>qui</span> <span class='ocrx_word' id='word_1_343' title='bbox 678 4545 704 4594; x_wconf 94' lang='lat' dir='ltr'>in</span> <span class='ocrx_word' id='word_1_344' title='bbox 718 4546 800 4596; x_wconf 79' lang='lat' dir='ltr'>caelis</span> <span class='ocrx_word' id='word_1_345' title='bbox 816 4545 880 4596; x_wconf 85' lang='lat' dir='ltr'>est&#39;’</span> <span class='ocrx_word' id='word_1_346' title='bbox 890 4547 996 4610; x_wconf 77' lang='lat' dir='ltr'>(Matth.</span> <span class='ocrx_word' id='word_1_347' title='bbox 1009 4548 1083 4598; x_wconf 84' lang='lat' dir='ltr'>xxiii.</span> <span class='ocrx_word' id='word_1_348' title='bbox 1096 4547 1137 4612; x_wconf 84' lang='lat'>9);</span> 
     </span>
    </p>
   </div>
   <div class='ocr_carea' id='block_1_4' title="bbox 280 4655 1416 4745">
    <p class='ocr_par' dir='ltr' id='par_1_5' title="bbox 280 4655 1416 4745">
     <span class='ocr_line' id='line_1_42' title="bbox 280 4655 1416 4745; baseline -0.002 -19"><span class='ocrx_word' id='word_1_349' title='bbox 280 4679 342 4743; x_wconf 89' lang='lat' dir='ltr'>per</span> <span class='ocrx_word' id='word_1_350' title='bbox 360 4657 451 4742; x_wconf 90' lang='lat' dir='ltr'>quod</span> <span class='ocrx_word' id='word_1_351' title='bbox 471 4655 677 4737; x_wconf 86' lang='lat' dir='ltr'>intelligitur</span> <span class='ocrx_word' id='word_1_352' title='bbox 692 4660 785 4742; x_wconf 91' lang='lat' dir='ltr'>quod</span> <span class='ocrx_word' id='word_1_353' title='bbox 804 4661 897 4725; x_wconf 92' lang='lat' dir='ltr'>solus</span> <span class='ocrx_word' id='word_1_354' title='bbox 917 4662 961 4724; x_wconf 91' lang='lat' dir='ltr'>sit</span> <span class='ocrx_word' id='word_1_355' title='bbox 982 4662 1085 4726; x_wconf 91' lang='lat' dir='ltr'>Pater</span> <span class='ocrx_word' id='word_1_356' title='bbox 1101 4665 1220 4745; x_wconf 90' lang='lat' dir='ltr'>quoad</span> <span class='ocrx_word' id='word_1_357' title='bbox 1236 4662 1357 4732; x_wconf 84' lang='lat' dir='ltr'>vitam,</span> <span class='ocrx_word' id='word_1_358' title='bbox 1377 4664 1416 4723; x_wconf 85' lang='lat' dir='ltr'>et</span> 
     </span>
    </p>
   </div>
   <div class='ocr_carea' id='block_1_5' title="bbox 0 0 1728 5380">
    <p class='ocr_par' dir='ltr' id='par_1_6' title="bbox 0 0 1728 5380">
     <span class='ocr_line' id='line_1_43' title="bbox 0 0 1728 5380; baseline 0 0"><span class='ocrx_word' id='word_1_359' title='bbox 0 0 1728 5380; x_wconf 95' lang='lat' dir='ltr'> </span> 
     </span>
    </p>
   </div>
  </div>
 </body>
</html>
