3424 5368
327 663 389 739 :50
680 670 881 722 SAPIENTIA
906 668 1102 720 ANGELICA

323 847 405 929 quia
428 854 509 908 tunc
538 863 606 907 non
638 843 807 925 recipiunt
830 850 867 906 et
890 849 1085 924 agnoscunt
1109 839 1168 904 illa
1197 861 1285 924 quae
1315 839 1394 906 fidei
1418 851 1459 908 et

324 942 508 1004 charitatis
524 950 605 1004 sunt
621 961 666 1004 ex
682 939 795 1022 aliqua
810 939 1049 1002 rationalitate
1066 948 1101 1001 et
1119 936 1291 1012 libertate,
1305 937 1371 1002 hoc
1388 949 1460 1014 est,

326 1038 359 1100 in
384 1033 563 1101 intellectu
587 1057 633 1099 ex
657 1034 851 1110 voluntate,
873 1033 934 1098 sed
958 1033 1069 1096 solum
1093 1054 1139 1096 ex
1163 1034 1326 1098 memoria
1348 1043 1385 1099 et
1409 1055 1459 1098 ex

326 1133 391 1198 fide
422 1134 598 1216 magistri,
622 1141 658 1196 et
689 1133 716 1194 si
747 1133 868 1195 vivunt
895 1131 1084 1194 secundum
1107 1129 1179 1207 illa,
1203 1140 1257 1194 est
1281 1153 1326 1195 ex
1349 1151 1459 1196 caeca

326 1230 534 1295 obedientia.
580 1228 632 1293 At
651 1245 729 1292 cum
748 1227 854 1290 homo
876 1227 911 1290 in
931 1246 1028 1290 usum
1052 1247 1134 1292 suae
1156 1226 1401 1292 rationalitatis
1420 1237 1462 1293 et

325 1324 496 1391 libertatis
512 1326 619 1400 venit,
636 1324 729 1408 quod
746 1321 783 1387 fit
799 1323 994 1386 successive
1010 1323 1098 1386 sicut
1117 1323 1287 1388 adolescit
1303 1333 1339 1389 et
1355 1322 1456 1406 juve·

325 1424 447 1499 nescit,
468 1423 497 1486 si
525 1432 607 1486 tunc
636 1418 795 1503 agnoscit
822 1438 905 1483 vera
933 1428 969 1482 et
993 1419 1078 1482 vivit
1105 1419 1295 1484 secundum
1321 1420 1392 1496 illa,
1416 1429 1457 1485 et

324 1528 447 1600 postea
465 1527 572 1599 negat
591 1516 661 1590 illa,
679 1515 882 1580 commiscet
901 1511 1021 1578 sancta
1037 1513 1198 1598 profanis,
1215 1525 1251 1580 et
1270 1513 1309 1582 fit
1327 1537 1374 1581 ex
1389 1514 1455 1580 ho·

324 1614 416 1678 mine
435 1613 506 1678 tale
526 1623 730 1686 monstrum,
747 1619 785 1676 ut
801 1631 903 1694 supra
919 1608 1047 1675 dictum
1067 1621 1132 1676 est.
1179 1611 1232 1676 At
1250 1611 1279 1676 si
1297 1613 1404 1676 homo
1418 1613 1458 1677 in

324 1709 417 1773 malo
438 1719 505 1783 est,
522 1728 543 1771 a
560 1717 716 1791 tempore
738 1707 820 1770 dum
844 1727 927 1769 suae
946 1706 1191 1772 rationalitatis
1214 1717 1251 1771 et
1269 1706 1456 1786 libertatis,

323 1804 389 1870 hoc
406 1814 472 1880 est,
486 1804 539 1866 sui
551 1802 646 1885 juris,
658 1799 768 1866 fabius
783 1812 846 1877 est,
861 1823 967 1886 usque
983 1803 1016 1865 in
1030 1804 1260 1884 juventutem,
1275 1823 1314 1868 ac
1330 1814 1457 1887 postea

323 1903 484 1983 agnoscit
509 1921 589 1962 vera
615 1898 694 1962 fidei
717 1908 753 1962 et
772 1899 858 1962 vivit
880 1899 1069 1962 secundum
1093 1896 1164 1974 illa,
1184 1899 1289 1963 modo
1312 1909 1393 1963 tunc
1418 1902 1452 1964 in

323 1996 391 2059 illis
414 1995 589 2080 usquead
615 1993 720 2057 finem
741 1995 834 2058 vitae
862 2003 1014 2072 maneat,
1037 2014 1106 2058 non
1137 1996 1339 2059 commiscet
1369 1995 1454 2074 i11a;

324 2112 403 2155 nam
421 2091 589 2155 Dominus
604 2099 686 2156 tunc
705 2099 845 2173 separat
864 2090 955 2154 mala
974 2089 1094 2174 prioris
1109 2091 1202 2154 vitae
1221 2091 1356 2154 abonis
1373 2113 1456 2174 pos·

323 2191 457 2254 terioris
473 2191 588 2266 vitae;
612 2188 662 2251 ita
678 2185 716 2251 fit
732 2206 809 2251 cum
822 2188 980 2252 omnibus
992 2189 1048 2271 qui
1065 2189 1314 2270 paenitentiam
1332 2201 1453 2271 agunt.

325 2285 392 2350 Sed
413 2287 456 2349 de
475 2285 527 2347 his
547 2283 644 2366 plura
662 2284 697 2346 in
716 2284 951 2366 sequentibus.

387 2395 483 2462 229.
520 2378 596 2462 (iii.)
634 2377 731 2456 Quod
754 2378 863 2460 plura
887 2401 1013 2462 genera
1036 2379 1314 2462 profanatr'onum
1342 2379 1459 2444 sanlh'

324 2479 402 2550 sint,
419 2485 452 2538 rt
469 2475 560 2557 quod
573 2474 633 2537 hoc
646 2495 753 2556 genus
772 2475 819 2538 sit
836 2473 981 2537 omnium
995 2474 1277 2557 pessimum—In
1296 2495 1452 2539 commu·

324 2574 465 2635 nissimo
495 2592 597 2635 sensu
628 2591 689 2653 per
715 2571 988 2653 profanationem
1016 2570 1222 2654 intelligitur
1249 2573 1360 2635 omnis
1387 2573 1452 2635 im·

324 2670 454 2750 pietas;
489 2669 539 2731 ita
569 2688 628 2750 per
654 2666 891 2749 profanatores
924 2665 1166 2748 intelliguntur
1195 2685 1315 2730 omnes
1345 2666 1452 2748 impii,

323 2764 378 2846 qui
399 2762 503 2825 corde
523 2772 652 2844 negant
677 2760 800 2838 Deum,
817 2759 1038 2826 sanctitatem
1061 2760 1178 2839 Verbi,
1196 2772 1233 2826 et
1255 2763 1336 2826 inde
1352 2765 1451 2844 spiri·

323 2857 430 2920 tualia
454 2857 632 2930 ecclesiae,
657 2871 745 2938 quae
773 2857 847 2938 ipsa
873 2853 993 2919 sanfla
1019 2867 1108 2930 sunt,
1133 2858 1176 2920 de
1199 2858 1322 2940 quibus
1343 2860 1450 2922 etiam

322 2953 424 3034 impie
441 2952 635 3034 loquuntur.
682 2949 750 3014 Sed
766 2952 810 3016 de
826 2951 879 3014 his
891 2951 946 3015 hic
964 2971 1032 3014 non
1050 2954 1174 3034 agitur,
1189 2972 1306 3016 verum
1322 2955 1366 3016 de
1383 2954 1453 3018 illis

322 3049 378 3132 qui
395 3049 507 3112 Deum
523 3045 738 3130 profitentur,
752 3045 975 3112 sand'titatem
991 3046 1098 3112 Verbi
1114 3058 1282 3120 statuunt,
1299 3061 1335 3114 et
1352 3050 1450 3132 spiri·

322 3145 428 3210 tualia
461 3144 628 3207 ecclesiae
658 3152 865 3224 agnoscunt,
898 3143 1049 3227 plerique
1083 3155 1201 3207 tamen
1234 3144 1345 3209 solum
1378 3168 1450 3210 ore.

322 3241 434 3306 Causa
453 3240 544 3323 quod
568 3238 602 3302 hi
625 3239 818 3321 profanent,
838 3249 892 3303 est
916 3240 994 3323 quia
1013 3237 1168 3303 sanetum
1192 3260 1237 3303 ex
1256 3238 1376 3305 Verbo
1394 3252 1449 3307 est

321 3340 354 3401 in
373 3336 440 3401 illis
456 3346 493 3400 et
508 3336 598 3417 apud
618 3335 707 3408 illos,
727 3347 764 3397 et
784 3335 849 3399 hoc
869 3335 961 3418 quod
981 3337 1014 3398 in
1033 3337 1100 3398 illis
1118 3346 1186 3411 est,
1205 3346 1242 3399 et
1260 3337 1352 3419 quod
1368 3337 1451 3403 facit

321 3433 448 3516 aliquid
482 3431 617 3494 illorum
651 3427 849 3494 intelledms
880 3441 916 3495 et
945 3431 1146 3506 voluntatis,
1177 3430 1380 3512 profanant:
1411 3444 1450 3499 at

321 3551 403 3592 vero
421 3531 455 3592 in
476 3528 597 3608 impiis,
615 3529 671 3609 qui
689 3525 849 3589 Divinum
865 3547 904 3589 ac
925 3526 1050 3590 Divina
1070 3538 1212 3609 negant,
1230 3547 1299 3590 non
1316 3538 1370 3592 est
1385 3529 1448 3592 ali·

321 3625 412 3707 quod
436 3619 591 3685 sanetum
616 3623 707 3703 quod
733 3623 912 3703 profanare
941 3634 1106 3705 possunt:
1141 3623 1177 3686 hi
1199 3622 1337 3706 quidem
1366 3634 1449 3689 sunt

321 3719 567 3802 profanatores,
589 3719 648 3779 sed
670 3739 774 3799 usque
794 3739 863 3781 non
883 3718 1024 3800 profani.

384 3829 484 3897 23⁰.
515 3813 708 3877 Profanatio
731 3811 840 3876 sandli
868 3813 1074 3896 intelligitur
1098 3815 1132 3878 in
1162 3813 1323 3880 Secundo
1346 3817 1448 3880 Prae·

320 3921 424 3994 cepto
444 3909 613 3993 decalogi,
634 3931 693 3992 per
711 3909 819 3973 “Non
840 3909 1035 3994 profanabis
1054 3909 1190 3974 Nomen
1212 3910 1276 3974 Dei
1300 3910 1390 3975 tui:”
1410 3929 1449 3976 et

320 4007 412 4090 quod
437 4026 505 4068 non
525 4006 772 4087 profanandum
792 4008 848 4081 sit,
866 4005 1070 4088 intelligitur
1088 4007 1122 4068 in
1142 4004 1309 4070 Oratione
1328 4006 1448 4071 Domi·

321 4104 407 4178 nica,
436 4122 497 4184 per
522 4101 795 4168 “Sanitificetur
818 4102 955 4168 Nomen
979 4101 1106 4167 tuum.’'
1150 4100 1242 4184 Quid
1265 4123 1326 4186 per
1343 4103 1448 4168 “No-

321 4219 399 4261 men
416 4196 504 4262 Dei’'
516 4199 730 4283 intelligitur,
745 4202 804 4264 vix
820 4201 865 4264 ab
881 4200 953 4264 ullo
963 4199 997 4264 in
1011 4198 1207 4264 Christiano
1220 4199 1302 4263 orbe
1318 4200 1446 4265 scitur:

320 4303 505 4370 causaest,
530 4297 609 4379 quia
632 4319 700 4363 non
725 4298 838 4372 scitur,
864 4297 955 4382 quod
979 4297 1012 4360 in
1036 4297 1203 4382 spirituali
1227 4297 1355 4361 mundo
1379 4317 1447 4361 non

320 4391 388 4455 sint
408 4392 549 4455 nomina
571 4394 658 4458 sicut
682 4394 715 4457 in
737 4394 884 4456 naturali
908 4395 1047 4469 mundo,
1068 4395 1129 4458 sed
1153 4394 1244 4478 quod
1267 4393 1446 4476 unusquis·

319 4506 384 4568 que
403 4489 599 4552 nominetur
617 4491 804 4553 secundum
824 4490 925 4573 quale
948 4491 1073 4554 amoris
1092 4501 1127 4556 et
1146 4492 1335 4572 sapientiae
1355 4489 1447 4572 ejus;

320 4593 357 4645 ut
373 4584 518 4665 primum
534 4586 625 4650 enim
642 4586 763 4669 aliquis
775 4587 870 4650 venit
888 4587 921 4649 in
938 4588 1142 4652 societatem
1158 4597 1217 4651 aut
1234 4589 1448 4652 consortium

318 4696 396 4741 cum
415 4680 502 4756 aliis,
523 4681 720 4746 nominatur
739 4681 833 4745 illico
852 4683 1041 4746 secundum
1060 4683 1161 4767 quale
1180 4683 1251 4765 ejus
1270 4683 1325 4747 ibi.
1373 4683 1446 4747 No·
