3448 5374
489 689 539 740 na
562 689 697 741 nrvmo
720 687 866 753 anona,
887 687 981 740 enas
1002 687 1117 740 u-u.
1135 674 1209 756 406.
1349 691 1409 758 193

284 863 489 947 sanguinem
505 862 538 926 in
555 859 753 944 pulmonem
768 881 777 940 3
807 870 844 925 et
863 868 943 944 post
961 861 1145 925 transitum
1164 860 1293 925 emittit
1311 859 1409 926 illum

283 959 318 1024 in
345 959 520 1023 sinistrum
552 976 650 1021 suum
672 957 921 1036 ventriculum;
951 952 1027 1022 ¹⁸¹sic
1058 957 1168 1039 aperit
1199 957 1409 1040 pulmonem.

286 1055 362 1119 Hoc
390 1053 472 1118 lacit
502 1073 561 1117 cor
587 1073 647 1134 per
673 1052 816 1116 arterias
849 1061 886 1115 et
917 1071 1024 1116 venas
1047 1050 1276 1133 pulmonares.
1320 1050 1409 1117 Sunt

284 1149 438 1232 pulmoni
471 1148 646 1224 bronchia,
670 1167 758 1230 quae
786 1145 1027 1222 ramificantur,
1047 1155 1083 1211 et
1107 1147 1250 1210 tandem
1280 1146 1410 1211 abeunt

283 1246 318 1309 in
334 1242 513 1320 vesiculas,
534 1244 568 1307 in
586 1262 671 1325 quas
692 1243 808 1324 pulmo
827 1242 981 1306 admittit
1000 1261 1113 1305 aerem
1132 1251 1168 1306 et
1188 1243 1235 1306 sic
1254 1241 1409 1323 respirat.

285 1339 418 1406 Circum
446 1338 612 1402 bronchia
635 1346 671 1402 et
695 1336 765 1419 ejus
796 1337 1062 1401 ramificationes
1085 1338 1190 1401 etiam
1213 1346 1293 1401 sunt
1316 1347 1409 1401 arte·

284 1436 353 1499 riae
386 1445 422 1498 et
452 1454 573 1509 venae,
598 1452 686 1516 quae
717 1431 934 1496 bronchiales
962 1442 1139 1506 vocantur,
1168 1433 1330 1496 oriundae
1362 1453 1409 1496 ex

284 1549 394 1611 azyga
420 1549 480 1592 seu
507 1549 597 1592 vena
625 1548 709 1592 cava
737 1537 773 1591 et
805 1538 912 1591 aorta.
959 1527 1035 1590 Hae
1062 1528 1207 1590 arteriae
1237 1538 1272 1590 et
1299 1547 1409 1592 venae

284 1625 328 1688 ab
358 1625 489 1688 arteriis
521 1633 557 1687 et
581 1624 676 1686 venis
709 1622 966 1705 pulmonaribus
998 1620 1181 1686 distinctae
1215 1631 1304 1686 sunt.
1352 1621 1409 1688 Ex

284 1717 336 1782 his
360 1728 467 1801 patet,
488 1718 579 1800 quod
608 1718 748 1800 sanguis
773 1736 832 1799 per
855 1716 951 1779 binas
975 1717 1047 1780 vias
1076 1717 1193 1780 influat
1217 1717 1250 1779 in
1273 1716 1409 1797 pulmo-

285 1833 373 1887 nem,
398 1824 433 1877 et
464 1833 525 1896 per
556 1814 654 1877 binas
678 1813 751 1875 vias
778 1811 896 1876 effluat
926 1833 971 1875 ex
1000 1813 1070 1876 illo.
1118 1811 1203 1876 Inde
1231 1821 1285 1877 est
1315 1812 1408 1895 quod

284 1909 401 1992 pulmo
420 1910 531 1990 possit
550 1909 716 1991 respirare
738 1927 808 1971 non
828 1908 1021 1989 synchrone
1045 1927 1122 1970 cum
1146 1908 1259 1971 corde.
1305 1905 1408 1990 Quod
1525 1937 1530 1946 ·

284 2004 437 2067 alternae
454 2005 545 2066 vices
562 2005 685 2078 cordis,
701 2013 737 2067 et
755 2002 909 2066 alternae
926 2004 1018 2066 vices
1031 2003 1202 2086 pulmonis
1219 2022 1287 2065 non
1304 2021 1408 2068 unum
1463 2053 1466 2058 -

169 2184 174 2192 Ι
284 2109 403 2181 agant,
427 2109 547 2162 notum
570 2108 634 2162 est.
681 2097 779 2160 Nunc
806 2099 883 2180 quia
906 2099 1211 2180 correspondentia
1233 2099 1345 2162 cordis
1371 2107 1409 2164 et

284 2195 455 2277 pulmonis
471 2204 525 2258 est
544 2212 619 2258 cum
632 2193 814 2258 voluntate
833 2203 869 2256 et
888 2191 1077 2270 intelleEtu,
1095 2204 1131 2257 ut
1148 2202 1324 2257 ostensum
1341 2203 1407 2272 est,

284 2300 320 2355 et
354 2286 549 2371 conjunctio
580 2309 641 2371 per
668 2289 1012 2370 correspondentiam
1043 2299 1097 2352 est
1127 2289 1217 2364 talis,
1249 2299 1286 2351 ut
1319 2291 1408 2355 sicut

284 2405 387 2451 unum
406 2387 490 2469 agit,
510 2385 560 2449 ita
583 2385 739 2458 alterum,
758 2384 865 2447 videri
885 2392 1002 2464 potest
1022 2403 1067 2446 ex
1086 2383 1215 2446 influxu
1231 2385 1408 2464 sanguinis

286 2482 430 2546 ecorde
454 2483 487 2544 in
513 2481 721 2562 pulmonem,
743 2479 917 2561 quomodo
936 2478 1099 2541 voluntas
1117 2479 1224 2541 influit
1248 2480 1281 2540 in
1305 2479 1407 2542 intel·

285 2577 422 2652 lcitum,
440 2585 475 2640 et
493 2576 577 2639 iacit
593 2574 663 2650 illa,
685 2594 771 2657 quae
788 2592 870 2636 mox
887 2593 988 2655 supra
1006 2570 1054 2656 (n.
1070 2573 1147 2655 404)
1166 2574 1208 2637 de
1227 2571 1407 2638 affectione

285 2683 321 2738 et
337 2672 559 2754 perceptione
576 2671 658 2745 veri,
676 2679 712 2733 et
731 2669 774 2732 de
794 2669 1018 2750 cogitatione,
1038 2666 1128 2731 dieta
1147 2678 1236 2731 sunt.
1284 2668 1406 2732 Corre-

285 2767 491 2850 spondentia
508 2766 574 2831 hoc
595 2765 676 2830 mihi
695 2766 842 2840 detexit,
861 2775 896 2828 et
917 2764 1013 2847 plura
1031 2765 1141 2827 adhuc
1161 2765 1205 2827 de
1225 2764 1301 2839 illis,
1319 2785 1408 2846 quae

274 2879 354 2927 ‘non
370 2863 486 2944 paucis
502 2861 649 2926 describi
665 2870 819 2943 possunt.
866 2858 1037 2943 Quoniam
1055 2879 1151 2922 amor
1169 2881 1229 2922 seu
1245 2859 1408 2926 voluntas

285 2957 528 3040 correspondet
543 2958 647 3032 cordi,
666 2977 704 3020 ac
725 2957 894 3038 sapientia
910 2977 969 3019 seu
989 2953 1186 3019 intellectus
1203 2973 1407 3036 correspon-

285 3051 345 3117 det
364 3051 526 3134 pulmoni,
548 3053 700 3134 sequitur
719 3051 810 3134 quod
828 3071 912 3114 vasa
930 3051 1118 3132 sanguinea
1136 3051 1249 3113 cordis
1272 3051 1305 3113 in
1330 3049 1407 3130 pul·

287 3165 387 3212 mone
396 3148 689 3229 correspondeant
702 3145 934 3210 affedtionibus
944 3146 1025 3219 veri,
1036 3154 1072 3208 et
1084 3145 1174 3227 quod
1188 3144 1407 3208 ramificatio-

286 3263 346 3308 nes
365 3243 606 3308 bronchiorum
623 3242 793 3324 pulmonis
812 3241 1107 3321 correspondeant
1127 3239 1408 3322 perceptionibus

287 3349 322 3404 et
340 3339 610 3421 cogitationibus
633 3359 679 3400 ex
701 3337 768 3400 illis
787 3333 1032 3399 affectionibus.
1079 3333 1144 3415 Qui
1168 3336 1310 3416 indagat
1330 3351 1406 3399 om·

210 3485 215 3497 .
287 3453 347 3499 nes
361 3443 520 3499 texturas
538 3433 707 3514 pulmonis
725 3454 770 3495 ex
790 3431 856 3494 illis
874 3430 1069 3511 originibus,
1089 3440 1125 3492 et
1143 3429 1223 3492 lacit
1244 3427 1406 3510 parallel-

287 3529 407 3593 ismum
423 3548 499 3592 cum
518 3548 633 3592 amore
650 3528 838 3592 voluntatis
857 3536 893 3589 et
912 3544 989 3588 cum
1012 3525 1181 3607 sapientia
1197 3521 1405 3603 intellectus,

287 3623 344 3690 ille
364 3631 481 3705 potest
499 3625 587 3686 sicut
606 3625 639 3686 in
657 3624 802 3706 quadam
818 3623 968 3704 imagine
985 3621 1101 3683 videre
1121 3620 1180 3682 illa
1198 3641 1284 3702 quae
1303 3639 1407 3710 supra¹

289 3716 336 3799 (n.
354 3717 435 3803 404)
455 3715 652 3792 dictasunt,
670 3727 706 3781 et
730 3720 778 3781 sic
802 3719 844 3781 ad
868 3718 970 3780 fidem
990 3715 1190 3779 confirmari.
1235 3712 1303 3779 Sed
1327 3715 1406 3796 quia

287 3803 346 3878 illa
364 3833 451 3897 quae
470 3815 635 3876 scientiae
654 3815 868 3882 anatomicae
888 3823 967 3876 sunt
988 3814 1030 3875 de
1050 3813 1152 3875 corde
1172 3821 1207 3875 et
1231 3811 1403 3893 pulmone,

288 3909 403 3990 paucis
422 3916 506 3970 nota
524 3917 613 3980 sunt,
634 3919 669 3971 et
689 3907 889 3971 confirmare
909 3907 1034 3988 aliquid
1056 3927 1116 3988 per
1135 3908 1255 3987 ignota
1274 3906 1404 3972 inducit

288 4001 544 4077 obscuritatem,
563 4003 640 4065 ideo
659 4004 865 4084 supersedeo
885 4001 1151 4084 parallelismum
1174 4001 1324 4083 pluribus
1344 4001 1404 4064 de·

288 4107 489 4161 monstrare.

349 4191 455 4272 4⁰6.
480 4189 558 4274 (ix.)
585 4189 682 4268 Quod
694 4213 790 4255 amor
807 4212 863 4254 seu
881 4190 1035 4254 voluntas
1053 4201 1120 4272 per
1143 4200 1211 4254 tres
1230 4189 1309 4254 illas
1330 4211 1404 4254 con·

282 4287 467 4366 notiones
486 4287 520 4350 in
538 4308 601 4349 sua
618 4287 690 4350 vita
708 4286 880 4356 sensitiva,
900 4295 932 4348 et
953 4286 987 4348 in
1005 4306 1068 4348 sua
1085 4285 1157 4349 vita
1176 4286 1288 4349 allino
1305 4285 1406 4348 sit.-

289 4380 390 4462 Quod
422 4401 518 4445 amor
547 4383 674 4464 absque
704 4379 893 4453 intellectu,
918 4401 976 4444 seu
1006 4378 1138 4443 affeEtio
1169 4401 1254 4463 quae
1281 4381 1405 4445 amoris

288 4476 415 4558 absque
434 4477 646 4557 cogitatione
666 4497 751 4557 quae
771 4471 977 4548 intellectus,
994 4476 1027 4536 in
1047 4494 1188 4554 corpore
1208 4495 1275 4537 non
1296 4475 1404 4556 possit

289 4570 424 4644 sentire,
439 4589 501 4633 nec
515 4589 629 4650 agere,
644 4579 696 4632 est
710 4571 787 4651 quia
803 4589 897 4631 amor
909 4570 1037 4650 absque
1054 4567 1231 4632 intellectu
1247 4579 1301 4632 est
1317 4570 1404 4632 sicut

289 4683 422 4744 caecus,
435 4684 495 4728 seu
511 4661 642 4729 affectio
658 4665 784 4748 absque
798 4667 1007 4747 cogitatione
1022 4675 1074 4728 est
1092 4665 1178 4727 sicut
1195 4665 1228 4727 in
1245 4664 1402 4746 caligine,
