3418 5370
510 656 561 706 ou
584 653 722 706 mrum
744 651 1098 704 summanum-u.
1119 651 1190 716 32²·
1351 647 1412 712 273

288 928 403 1013 Quou
422 941 542 994 onnus
562 939 675 992 nouo
692 938 922 990 neronum
941 935 1144 997 possmus
1168 931 1272 998 Quoo
1292 919 1413 984 PRAE-

611 1032 817 1086 ouscmmo
841 1033 922 1083 uon
946 1030 1086 1082 perun.

349 1221 444 1291 322·
473 1205 565 1272 Sana
583 1207 673 1270 ratio
689 1201 808 1279 distat,
826 1203 918 1287 quod
937 1222 1058 1266 omnes
1075 1199 1327 1284 praedestinati
1346 1201 1415 1264 sint

288 1303 333 1367 ad
352 1302 498 1379 caelum,
517 1311 553 1367 et
571 1301 685 1365 nullus
704 1301 748 1363 ad
771 1299 959 1376 infernum;
984 1305 1065 1361 sunt
1085 1297 1177 1360 enim
1197 1315 1319 1360 omnes
1339 1297 1415 1361 nati

288 1399 458 1476 homines,
477 1407 514 1463 et
536 1398 617 1462 inde
640 1399 756 1480 imago
779 1395 845 1460 Dei
874 1395 909 1458 in
937 1393 1006 1458 illis
1028 1402 1094 1458 est.
1139 1392 1261 1475 Imago
1285 1392 1351 1456 Dei
1381 1395 1414 1456 in

288 1494 356 1558 illis
379 1504 446 1570 est,
465 1494 557 1580 quod
581 1495 715 1576 possint
734 1491 933 1572 intelligere
955 1509 1084 1566 verum,
1105 1497 1141 1553 et
1164 1488 1256 1573 quod
1280 1491 1415 1571 possint

288 1591 402 1654 lacere
416 1590 556 1654 bonum.
605 1589 709 1653 Posse
725 1587 921 1669 intelligere
937 1605 1057 1649 verum
1072 1593 1127 1649 est
1145 1606 1191 1648 ex
1211 1585 1336 1649 Divina
1352 1583 1414 1648 Sa·

290 1686 431 1769 pientia,
447 1707 488 1750 ac
505 1707 609 1771 posse
625 1686 736 1749 lacere
754 1684 882 1747 bonum
899 1692 954 1746 est
971 1703 1017 1745 ex
1038 1681 1165 1745 Divino
1181 1680 1333 1759 Amore;
1356 1679 1417 1744 illa

288 1783 449 1867 potentia
464 1791 518 1846 est
533 1783 649 1863 imago
662 1780 737 1856 Dei,
753 1800 840 1863 quae
856 1787 976 1843 manet
988 1778 1080 1860 apud
1092 1776 1267 1840 hominem
1281 1797 1414 1853 sanum,

289 1889 327 1943 et
346 1898 415 1942 non
432 1879 635 1943 eradicatur.
685 1876 770 1940 Inde
789 1885 844 1940 est
863 1875 956 1958 quod
974 1875 1083 1956 possit
1099 1872 1169 1936 lieri
1185 1873 1291 1936 homo
1308 1873 1417 1936 civilis

289 1984 327 2040 ct
342 1974 492 2050 moralis,
506 1983 542 2037 et
559 1974 615 2057 qui
630 1984 686 2037 est
702 1972 811 2036 civilis
828 1980 865 2037 et
880 1970 1032 2045 moralis,
1045 1970 1073 2033 is
1089 1971 1196 2033 etiam
1211 1979 1330 2052 potest
1346 1967 1418 2032 lieri

289 2070 488 2153 spiritualis,
510 2089 589 2133 nam
608 2068 710 2132 civile
740 2076 776 2132 et
807 2067 939 2131 morale
959 2075 1013 2131 est
1037 2063 1294 2147 receptaculum
1319 2066 1418 2146 spiri·

291 2166 404 2231 tualis.
449 2165 567 2232 Civilis
580 2165 686 2229 homo
698 2165 832 2241 dicitur,
844 2164 901 2249 qui
917 2164 983 2228 scit
1000 2161 1098 2245 leges
1114 2163 1165 2226 sui
1180 2164 1278 2244 regni
1291 2163 1347 2226 ubi
1363 2172 1419 2227 est

290 2263 385 2339 civis,
399 2271 436 2327 et
451 2262 537 2326 vivit
554 2261 742 2325 secundum
759 2260 855 2339 illas3
880 2270 917 2325 et
933 2259 1074 2323 moralis
1090 2258 1197 2323 homo
1213 2259 1348 2336 dicitur,
1362 2261 1421 2342 qui

290 2357 387 2440 leges
403 2357 480 2422 illas
494 2357 577 2421 l'acit
594 2376 707 2420 mores
723 2375 815 2433 suos,
833 2366 870 2421 et
889 2358 1038 2420 virtutes
1054 2375 1146 2430 suas,
1163 2363 1200 2419 et
1219 2375 1266 2418 cx
1283 2357 1421 2420 ratione

290 2453 368 2517 illas
387 2455 480 2517 vivit.
527 2459 584 2518 [2.]
617 2451 714 2515 Nunc
735 2453 849 2516 dicam
869 2451 1045 2535 quomodo
1063 2451 1138 2515 vita
1155 2450 1266 2512 civilis
1285 2461 1321 2514 et
1343 2471 1420 2515 mo·

289 2549 372 2612 ralis
395 2558 447 2612 est
470 2546 728 2629 receptaculum
752 2549 847 2612 vitae
870 2545 1078 2628 spiritualis:
1108 2544 1198 2609 Vive
1221 2544 1299 2608 illas
1322 2545 1421 2628 leges

291 2664 361 2708 non
380 2643 486 2708 modo
504 2653 541 2707 ut
560 2641 658 2725 leges
676 2641 797 2707 civiles
813 2654 849 2707 et
870 2641 1030 2716 morales,
1048 2641 1231 2705 sedetiam
1248 2651 1284 2705 ut
1304 2641 1420 2724 Leges

292 2740 447 2816 Divinas,
470 2749 506 2804 et
529 2740 596 2804 eris
623 2738 729 2803 homo
758 2739 954 2821 spiritualis.
996 2735 1069 2801 Vix
1099 2737 1202 2802 datur
1230 2757 1317 2821 gens
1346 2749 1422 2804 tam

291 2835 448 2912 barbara,
465 2856 552 2919 quae
571 2855 642 2899 non
664 2855 725 2919 per
748 2835 845 2918 leges
864 2833 1024 2909 sancivit,
1048 2833 1141 2918 quod
1164 2853 1235 2898 non
1258 2834 1421 2899 occiden-

291 2931 374 2997 dum
394 2933 452 3006 sit,
476 2951 546 2995 non
567 2950 645 2995 cum
664 2930 807 2994 alterius
829 2950 938 2994 uxore
958 2929 1193 3004 scortandum‚
1213 2948 1283 2993 non
1307 2929 1421 2993 suran-

291 3028 385 3104 dum,
410 3046 479 3090 non
497 3026 584 3090 salse
606 3026 820 3101 testandum,
845 3045 915 3088 non
942 3023 1142 3088 violandum
1166 3025 1258 3107 quod
1279 3023 1422 3089 alterius

292 3129 358 3186 est.
390 3121 465 3186 Has
481 3121 577 3204 leges
590 3122 699 3186 civilis
715 3131 750 3185 et
763 3119 903 3185 moralis
920 3119 1026 3184 homo
1042 3129 1170 3194 servat,
1189 3129 1226 3183 ut
1246 3121 1291 3182 sit
1308 3119 1363 3183 vel
1383 3129 1422 3185 ut

292 3227 459 3302 appareat
474 3218 585 3282 bonus
601 3219 686 3281 civis
701 3238 708 3295 ;
740 3219 801 3281 sed
817 3217 846 3280 si
864 3215 942 3279 illas
958 3214 1056 3297 leges
1073 3235 1142 3278 non
1159 3214 1259 3277 simul
1276 3215 1422 3279 Divinas

290 3312 384 3391 lacit,
398 3324 453 3379 est
469 3313 574 3377 modo
587 3313 696 3376 civilis
712 3322 748 3378 et
765 3312 904 3377 moralis
916 3312 1022 3376 homo
1035 3310 1222 3388 naturalis;
1246 3320 1283 3374 at
1299 3311 1327 3373 si
1343 3311 1423 3382 illas

292 3411 400 3476 etiam
417 3410 561 3474 Divinas
578 3409 672 3485 iacit,
689 3407 727 3474 fit
752 3408 862 3473 civilis
885 3417 922 3473 et
945 3405 1084 3470 moralis
1103 3404 1209 3469 homo
1227 3406 1421 3488 spiritualis.

293 3504 497 3570 Differentia
520 3514 586 3580 est,
606 3503 698 3588 quod
721 3503 776 3568 hic
800 3524 869 3568 non
892 3502 939 3568 sit
962 3504 1069 3566 modo
1087 3501 1198 3565 bonus
1220 3501 1304 3565 civis
1323 3503 1422 3583 regni

293 3603 477 3678 terrestris,
493 3601 555 3666 sed
572 3602 679 3665 etiam
695 3600 807 3665 bonus
822 3599 906 3664 civis
921 3599 1019 3682 regni
1035 3598 1211 3674 caelestis,
1228 3596 1287 3661 ille
1303 3606 1421 3662 autem

293 3697 403 3762 bonus
433 3697 517 3761 civis
546 3697 644 3778 regni
673 3696 847 3761 terrestris
876 3714 946 3760 non
977 3704 1095 3758 autem
1124 3693 1224 3776 regni
1247 3690 1421 3757 caelestis.

293 3791 404 3870 Bona,
424 3815 511 3876 quae
532 3792 675 3869 iaciunt,
696 3793 917 3874 distinguunt
940 3790 1042 3868 illos;
1076 3789 1169 3853 bona
1191 3809 1279 3873 quae
1303 3787 1422 3852 civiles

293 3899 331 3954 et
360 3888 509 3952 morales
534 3887 710 3952 naturales
740 3887 883 3964 faciunt,
904 3905 975 3949 non
998 3895 1078 3949 sunt
1109 3886 1203 3948 bona
1232 3885 1267 3948 in
1297 3905 1346 3958 se,
1368 3893 1423 3949 est

292 3987 385 4051 enim
403 3985 510 4050 homo
528 3995 565 4050 et
588 3986 734 4048 mundus
752 3986 787 4048 in
810 3983 901 4063 illis;
925 3984 1018 4048 bona
1036 4002 1123 4066 quae
1141 3982 1261 4046 civiles
1285 3991 1321 4046 et
1347 4001 1422 4045 mo-

292 4082 384 4147 rales
406 4081 601 4164 spirituales
623 4080 763 4156 faciunt,
789 4090 869 4144 sunt
892 4080 986 4143 bona
1015 4079 1121 4155 inse,
1147 4079 1227 4162 quia
1251 4077 1423 4142 Dominus

293 4188 331 4244 et
350 4177 485 4243 caelum
503 4179 536 4241 in
556 4177 624 4242 illis
642 4187 708 4241 est.
759 4181 817 4242 [3.]
847 4174 905 4239 Ex
921 4175 981 4238 'his
999 4183 1161 4238 constare
1180 4183 1308 4256 potest,
1330 4175 1423 4258 quod

293 4274 436 4359 quisque
454 4275 571 4351 homo,
591 4273 670 4357 quia
688 4283 790 4351 natus
813 4281 867 4335 est
887 4279 926 4335 ut
944 4267 1015 4334 fieri
1035 4271 1144 4354 possit
1164 4269 1273 4334 civilis
1292 4281 1328 4334 et
1347 4289 1429 4335 mo··

293 4368 375 4435 ralis
398 4370 576 4446 naturalis,
596 4371 703 4433 etiam
733 4378 836 4432 natus
860 4368 907 4432 sit
940 4376 978 4431 ut
1012 4365 1082 4431 lieri
1109 4367 1220 4449 possit
1244 4366 1352 4430 civilis
1385 4376 1423 4432 et

294 4465 433 4530 moralis
452 4465 662 4548 spiritualis;
687 4473 742 4528 est
765 4463 871 4528 modo
893 4472 932 4528 ut
955 4472 1126 4545 agnoscat
1151 4461 1274 4537 Deum,
1292 4472 1329 4527 et
1353 4482 1423 4526 non

293 4561 397 4626 saciat
422 4561 514 4625 mala
536 4563 615 4644 quia
638 4570 761 4625 contra
779 4559 891 4623 Deum
910 4569 1001 4634 sunt,
1022 4558 1083 4622 sed
1106 4557 1210 4621 saciat
1228 4557 1322 4621 bona
1344 4559 1423 4640 quia

294 4676 373 4721 cum
390 4657 466 4723 Deo
482 4669 584 4738 sunt3
608 4679 669 4742 per
687 4655 754 4720 hoc
771 4657 866 4720 venit
883 4656 1018 4739 spiritus
1037 4655 1071 4717 in
1091 4651 1204 4716 civilia
1223 4663 1259 4717 et
1279 4651 1423 4716 moralia
