3344 5402
446 664 495 715 DE
520 661 656 714 Dll'INO
679 661 824 726 AMORE,
849 661 941 712 PARS
965 661 1084 711 11.—N.
1109 663 1174 711 110.
1330 671 1372 735 43

252 1031 368 1118 Quor>
387 1045 597 1098 mamurra
616 1045 734 1096 neren
758 1029 889 1095 Sonam
913 1043 961 1093 ar
985 1043 1103 1094 rurus
1126 1029 1313 1094 Aucstos
1332 1044 1373 1094 ru

380 1141 520 1193 uuuuo
543 1140 757 1192 snrnrruaur
795 1139 854 1191 sn*
888 1137 1133 1190 repansum
1165 1138 1373 1192 sacuunuu

379 1235 651 1287 nscserrouau
674 1222 807 1285 Drvnu
830 1220 984 1285 Auonrs
1006 1233 1056 1284 aa
1074 1219 1245 1286 Drvruas
1268 1218 1372 1284 Saru-

378 1329 498 1382 surra
519 1329 570 1382 aa
593 1329 701 1382 rums

314 1506 414 1573 108.
444 1503 575 1572 Omnes
589 1505 757 1581 fallaciae,
778 1525 864 1588 quae
883 1504 974 1588 apud
994 1501 1104 1568 malos
1122 1513 1159 1570 et
1181 1505 1272 1588 apud
1291 1506 1372 1570 sim·

248 1601 356 1687 plices
369 1612 528 1686 regnant,
542 1603 697 1666 oriuntur
708 1623 754 1665 ex
766 1601 976 1683 apparentiis
985 1599 1204 1682 coqfirmatis.
1242 1600 1371 1684 Quam-

249 1696 307 1760 diu
329 1698 553 1780 apparentiae
577 1707 719 1761 manent
742 1697 976 1780 apparentiae,
1002 1706 1081 1758 sunt
1105 1696 1183 1760 illae
1206 1700 1373 1761 veritates

248 1801 468 1874 apparentes,
482 1793 670 1857 secundum
686 1811 771 1875 quas
787 1792 1016 1874 unusquisque
1032 1800 1149 1871 potest
1166 1794 1320 1873 cogitare
1337 1802 1373 1857 et

248 1884 364 1969 loqui;
393 1896 432 1951 at
455 1887 535 1952 dum
555 1896 782 1971 acceptantur
800 1906 862 1969 pro
885 1887 967 1968 ipsis
987 1887 1199 1960 veritatibus,
1220 1887 1311 1968 quod
1335 1886 1373 1950 fit

249 1980 330 2044 dum
342 1981 599 2059 confirmantur,
613 1994 696 2047 tunc
709 1990 915 2063 apparentes
928 1982 1093 2044 veritates
1106 1979 1190 2044 fiunt
1203 1981 1373 2046 falsitates

248 2087 284 2140 et
313 2077 484 2143 fallaciae.
526 2077 623 2144 Sicut
653 2097 715 2159 pro
745 2075 928 2159 exemplo:
958 2077 1159 2159 apparentia
1188 2086 1251 2152 est,
1281 2078 1372 2159 quod

248 2170 301 2236 sol
325 2174 470 2238 cottidie
493 2175 622 2238 circum
641 2171 801 2236 tellurem
825 2171 963 2246 feratur,
984 2183 1020 2235 et
1043 2174 1226 2255 quotannis
1250 2193 1372 2236 secun·

246 2266 329 2333 dum
345 2268 542 2351 eclipticam
557 2269 816 2353 progrediatur;
841 2267 906 2330 hoc
924 2269 1085 2349 quamdiu
1105 2288 1175 2330 non
1191 2267 1375 2335 confirma·

247 2373 313 2441 tur,
334 2375 388 2428 est
412 2365 540 2428 veritas
559 2383 740 2447 apparens,
761 2365 949 2426 secundum
970 2383 1069 2445 quam
1094 2365 1235 2446 quisque
1255 2374 1376 2445 potest

245 2459 403 2543 cogitare
422 2469 458 2523 et
482 2459 597 2542 loqui;
622 2460 736 2523 dicere
752 2460 843 2522 enim
860 2467 990 2540 potest,
1009 2459 1099 2541 quod
1119 2458 1171 2521 sol
1190 2459 1320 2524 oriatur
1338 2469 1374 2524 et

247 2555 397 2630 occidat,
422 2564 457 2618 et
487 2575 548 2637 per
576 2554 609 2617 id
640 2554 744 2618 faciat
773 2574 885 2629 mane,
915 2555 1101 2628 meridiem,
1126 2575 1306 2637 vesperam
1336 2564 1374 2621 et

246 2649 384 2715 noctem
400 2673 408 2728 ;
433 2660 506 2714 tum
522 2649 613 2732 quod
630 2649 682 2713 sol
697 2670 785 2712 nunc
802 2651 847 2713 sit
863 2652 897 2712 in
915 2649 980 2712 illis
997 2651 1105 2713 autin
1125 2650 1192 2713 illis
1208 2651 1372 2732 gradibus

246 2745 429 2828 eclipticae
453 2765 513 2807 seu
536 2765 617 2808 suae
640 2745 845 2819 altitudinis,
866 2754 902 2807 et
925 2746 1015 2828 quod
1039 2766 1100 2828 per
1122 2747 1155 2809 id
1178 2746 1281 2809 iaciat
1300 2767 1371 2822 ver,

245 2851 428 2916 aestatem,
440 2851 641 2904 autumnum
655 2852 691 2904 et
708 2841 856 2904 hiemem
869 2862 876 2918 ;
901 2849 937 2903 at
953 2842 1032 2904 dum
1046 2841 1265 2906 confirmatur
1279 2842 1371 2926 quod

245 2936 305 3001 illa
329 2937 533 3019 apparentia
560 2937 605 3000 sit
636 2938 709 3018 ipsa
733 2937 870 3011 veritas,
892 2944 974 2998 tunc
995 2936 1216 3001 confirmator
1239 2941 1372 3020 cogitat

246 3043 284 3097 et
308 3032 461 3122 loquitur
484 3052 530 3094 ex
554 3030 690 3094 fallacia
708 3030 907 3094 falsitatem.
953 3029 1070 3094 Simile
1094 3043 1147 3096 est
1172 3053 1248 3097 cum
1271 3033 1370 3097 innu-

246 3129 349 3192 meris
368 3127 443 3190 aliis
456 3125 678 3209 apparentiis,
698 3145 766 3189 non
787 3126 892 3188 modo
911 3126 944 3188 in
964 3126 1187 3204 naturalibus,
1205 3127 1369 3205 civilibus,

245 3232 282 3288 et
301 3221 498 3297 moralibus,
518 3220 700 3284 sedetiam
720 3221 753 3283 in
772 3219 1014 3303 spiritualibus.

308 3332 410 3401 109.
441 3315 558 3381 Simile
577 3326 631 3379 est
651 3335 728 3379 cum
747 3316 914 3380 distantia
933 3313 1023 3379 Solis
1040 3317 1157 3379 mundi
1173 3319 1369 3399 spiritualis,

243 3415 300 3497 qui
324 3412 384 3478 Sol
408 3422 462 3476 est
487 3412 630 3493 primum
650 3413 842 3494 procedens
867 3412 982 3475 Divini
1002 3410 1142 3474 Amoris
1166 3422 1201 3475 et
1225 3412 1370 3480 Divinae

244 3507 443 3593 Sapientiae
465 3508 614 3571 Domini.
658 3507 800 3571 Veritas
820 3517 874 3572 est
895 3506 986 3589 quod
1009 3506 1103 3569 nulla
1121 3508 1285 3572 distantia
1304 3511 1348 3574 sit
1360 3533 1369 3592 ;

243 3605 303 3668 sed
328 3605 419 3687 quod
443 3604 608 3666 distantia
632 3605 676 3666 sit
700 3604 903 3685 apparentia
927 3603 1113 3666 secundum
1134 3605 1369 3684 receptionem

244 3699 360 3763 Divini
370 3697 510 3762 Amoris
522 3708 557 3762 et
569 3699 714 3762 Divinae
726 3696 923 3781 Sapientiae
934 3698 967 3760 in
982 3718 1043 3760 suo
1053 3698 1161 3778 gradu
1172 3700 1215 3760 ab
1225 3701 1368 3782 angelis

244 3793 346 3876 Quod
363 3793 552 3856 distantiae
571 3794 604 3855 in
622 3794 750 3855 mundo
763 3794 929 3875 spirituali
946 3794 1013 3855 sint
1031 3795 1267 3875 apparentiae,
1286 3814 1367 3858 con·

243 3899 336 3952 stare
355 3897 474 3971 potest
499 3909 544 3950 ex
569 3888 636 3950 illis
660 3909 746 3970 quae
766 3909 867 3970 supra
887 3889 1129 3950 demonstrata
1148 3899 1240 3964 sunt,
1262 3900 1299 3953 ut
1323 3911 1368 3954 ex

242 3983 310 4047 illis
331 4004 362 4046 n.
381 3998 401 4065 7
420 3984 464 4047 ad
482 4002 513 4066 9,
531 3985 621 4066 quod
642 3984 803 4047 Divinum
822 4004 889 4047 non
909 3985 952 4046 sit
972 3986 1005 4046 in
1023 3985 1158 4065 spatio;
1183 3994 1218 4047 et
1238 3991 1282 4048 e'x
1302 3985 1370 4048 illis

243 4099 275 4143 n.
294 4078 338 4160 69
359 4080 402 4142 ad
426 4094 477 4160 72,
498 4079 589 4162 quod
614 4079 773 4142 Divinum
798 4080 940 4161 impleat
965 4080 1081 4142 omnia
1104 4081 1216 4161 spatia
1238 4080 1368 4162 absque

242 4176 378 4258 spatio:
410 4184 446 4238 et
476 4176 504 4237 si
535 4195 603 4237 non
628 4176 739 4257 spatia
763 4184 854 4249 sunt,
880 4194 942 4237 nec
967 4183 1047 4237 sunt
1071 4175 1281 4252 distantiae;
1312 4176 1368 4239 vel

241 4270 333 4352 quod
364 4271 466 4346 idem,
492 4271 519 4333 si
550 4271 662 4353 spatia
684 4278 764 4333 sunt
794 4270 1026 4352 apparentiae,
1051 4272 1156 4333 etiam
1181 4271 1367 4334 distantiae

239 4375 322 4429 sunt
341 4367 576 4449 apparentiae,
598 4385 678 4427 nam
698 4365 886 4429 distantiae
907 4376 986 4429 sunt
1006 4368 1118 4447 spatii.

307 4476 401 4525 11⁰.
432 4459 533 4543 Quod
552 4459 610 4524 Sol
628 4460 746 4522 mundi
761 4461 946 4542 spiritualis
963 4471 1127 4542 appareat
1148 4462 1180 4523 in
1201 4462 1368 4525 distantia

240 4555 287 4619 ab
316 4556 459 4637 angelis,
481 4566 534 4619 est
564 4557 641 4638 quia
664 4555 809 4620 Divinus
835 4554 946 4620 Amor
975 4566 1012 4620 et
1043 4556 1165 4619 Divina
1190 4554 1367 4639 Sapientia

240 4652 404 4729 recipitur
422 4652 456 4714 in
476 4650 585 4729 gradu
604 4649 727 4714 caloris
747 4660 784 4714 et
803 4648 888 4714 lucis
904 4649 1099 4732 adaequato
1118 4651 1161 4714 ab
1180 4650 1269 4729 illis;
1294 4669 1363 4714 non
