3424 5368
490 667 542 720 DE
564 668 704 722 121va
725 666 1081 722 momerium-N.
1099 667 1172 718 220.
1336 653 1393 716 161

264 853 345 909 sunt
370 863 484 908 merae
505 844 833 927 correspondentiae
856 841 1083 926 spiritualium
1107 850 1143 906 et
1167 838 1395 921 caelestium;

263 949 300 1005 et
326 940 405 1024 quia
435 940 761 1024 correspondentiae
791 949 883 1015 sunt,
906 940 1014 1003 etiam
1037 937 1261 1021 apparentiae
1291 944 1394 1000 sunt:

263 1037 329 1103 hoc
350 1048 416 1114 est,
436 1039 552 1101 omnia
571 1036 678 1101 Verbi
698 1046 779 1102 sunt
799 1036 925 1102 Divina
944 1035 1044 1101 Bona
1063 1034 1179 1099 Divini
1195 1033 1336 1098 Amoris
1354 1052 1394 1097 ac

264 1133 390 1197 Divina
406 1132 500 1197 Vera
516 1133 663 1197 Divinae
679 1131 887 1216 Sapientiae,
905 1152 992 1216 quae
1008 1132 1100 1196 nuda
1118 1141 1198 1196 sunt
1217 1133 1251 1194 in
1268 1151 1316 1206 se,
1333 1127 1395 1192 sed

263 1231 297 1292 in
325 1228 432 1293 Verbi
462 1248 566 1292 sensu
593 1229 730 1293 litterae
757 1229 943 1292 investita:
978 1249 1082 1312 quare
1109 1236 1277 1310 apparent
1304 1226 1395 1288 sicut

264 1325 370 1388 homo
386 1327 419 1388 in
436 1335 545 1400 veste,
563 1347 650 1408 quae
667 1325 774 1390 statui
789 1325 916 1388 amoris
932 1333 968 1388 et
985 1323 1176 1405 sapientiae
1192 1321 1263 1404 ejus
1280 1342 1394 1385 corre·

263 1423 424 1502 spondet.
478 1419 534 1482 Ex
559 1441 627 1503 quo
650 1429 760 1502 patet,
781 1419 872 1503 quod
896 1419 924 1482 si
947 1419 1053 1482 homo
1075 1415 1257 1482 confirmat
1287 1437 1394 1499 appa·

263 1517 405 1591 rentias‚
422 1517 467 1579 sit
489 1516 600 1579 simile
624 1517 713 1580 sicut
736 1513 916 1579 confirmet
936 1515 1027 1598 quod
1047 1523 1164 1577 vestes
1187 1514 1257 1577 sint
1279 1512 1394 1576 horni-

264 1632 347 1689 nes;
372 1611 451 1675 inde
470 1612 693 1695 apparentiae
712 1609 798 1676 fiunt
816 1609 984 1676 fallaciae.
1029 1609 1146 1673 Aliter
1168 1609 1196 1673 si
1215 1609 1321 1673 homo
1339 1609 1392 1671 in·

262 1709 365 1790 quirit
395 1707 559 1772 veritates
589 1717 625 1772 et
654 1707 718 1772 has
748 1708 843 1772 videt
873 1708 907 1770 in
937 1707 1154 1791 apparentiis.
1202 1718 1259 1779 [7.]
1291 1704 1391 1770 Nunc

262 1803 341 1884 quia
364 1822 485 1867 omnes
504 1823 595 1880 usus,
616 1824 676 1868 seu
695 1822 777 1866 vera
795 1811 832 1867 et
851 1803 944 1866 bona
967 1801 1159 1876 charitatis,
1180 1820 1267 1884 quae
1286 1800 1391 1865 homo

261 1894 344 1962 facit
372 1900 543 1980 proximo,
568 1899 628 1964 illa
652 1899 708 1963 vel
731 1898 835 1964 iaciat
863 1899 1051 1963 secundum
1079 1898 1310 1981 apparentias,
1334 1894 1390 1959 vel

262 1995 450 2059 secundum
467 1996 559 2078 ipsas
575 1995 743 2060 veritates
759 1994 793 2058 in
810 1992 940 2069 Verbo,
958 1995 986 2056 si
1002 1993 1062 2056 illa
1077 1992 1266 2056 secundum
1283 2011 1390 2075 appa-

261 2090 392 2154 rentias
421 2089 512 2173 apud
542 2111 579 2155 se
608 2089 831 2155 confirmatas
861 2088 955 2164 facit,
987 2089 1020 2152 in
1047 2087 1191 2170 fallaciis
1215 2098 1281 2164 est,
1306 2097 1343 2151 at
1362 2087 1390 2150 si

260 2186 451 2250 secundum
470 2187 647 2262 veritates,
667 2185 727 2250 illa
745 2185 828 2249 sacit
847 2185 936 2249 sicut
956 2194 1108 2267 oportet.
1153 2179 1210 2246 Ex
1229 2182 1282 2247 his
1305 2203 1389 2246 con·

261 2290 355 2347 stare
378 2290 508 2365 potest,
528 2282 608 2364 quid
624 2281 831 2365 intelligitur
854 2301 915 2363 per
937 2281 1029 2365 quod
1053 2279 1222 2345 Dominus
1244 2301 1281 2343 se
1304 2298 1390 2343 con·

256 2374 381 2460 jungat
401 2375 516 2441 usibus
535 2397 595 2461 per
614 2378 942 2460 correspondentias
966 2387 1001 2440 et
1021 2377 1068 2440 sic
1090 2397 1149 2459 per
1168 2375 1391 2460 apparentias

260 2474 448 2538 secundum
468 2472 748 2539 confirmationes
771 2473 906 2537 illarum
930 2472 974 2535 ab
997 2472 1145 2536 homine.
1191 2485 1249 2548 [8.]
1277 2468 1387 2552 Quar-

260 2577 355 2635 tum:
391 2565 488 2645 Quod
509 2567 592 2633 talis
614 2568 795 2652 conjuntlt'o
818 2568 1100 2651 ,temporariorum
1120 2589 1160 2633 ac
1180 2576 1391 2632 aeternorum

260 2663 311 2727 sit
330 2663 459 2730 Divina
479 2662 710 2728 Providentia.
757 2663 854 2728 Haec
880 2674 917 2728 ut
941 2665 975 2727 in
999 2665 1148 2748 quadam
1172 2662 1247 2727 luce
1270 2681 1389 2726 coram

259 2758 441 2825 intelled'tu
465 2760 641 2835 sistantur,
667 2759 876 2824 illustranda
906 2772 987 2825 sunt
1012 2781 1072 2844 per
1098 2760 1179 2824 bina
1203 2758 1390 2841 exempla;

258 2879 445 2945 perunum
470 2859 562 2944 quod
590 2857 766 2923 concernit
794 2857 987 2940 dignitates
1015 2868 1050 2924 et
1078 2859 1239 2940 honores,
1263 2870 1299 2927 et
1323 2883 1386 2946 per

256 2957 404 3022 alterum
424 2957 514 3041 quod
532 2955 712 3020 concernit
730 2953 867 3017 divitias
887 2963 923 3019 et
940 2974 1034 3037 opes.
1080 2954 1233 3041 Utraque
1249 2968 1330 3023 sunt
1349 2962 1383 3024 in

257 3065 405 3120 externa
419 3054 527 3118 forma
543 3052 717 3115 naturales
733 3059 769 3113 et
786 3051 1034 3134 temporariae;
1062 3050 1096 3114 in
1112 3053 1250 3117 interna
1266 3066 1384 3120 autem

257 3150 366 3214 lorma
382 3161 462 3216 sunt
478 3149 672 3233 spirituales
691 3158 726 3212 et
746 3156 917 3211 aeternae.
964 3147 1161 3229 Dignitates
1179 3169 1255 3212 cum
1273 3150 1384 3217 hono·

257 3246 348 3310 ribus
367 3246 499 3310 illarum
520 3244 692 3310 naturales
711 3255 746 3309 et
766 3245 992 3327 temporariae
1012 3254 1101 3321 sunt,
1121 3247 1260 3328 quando
1279 3247 1386 3311 homo

258 3341 393 3425 speitat
412 3363 448 3405 se
467 3341 580 3425 quoad
596 3359 778 3424 personam
798 3341 830 3403 in
850 3340 928 3416 illis,
946 3349 981 3404 et
997 3360 1066 3403 non
1083 3327 1331 3424 rempublicam
1348 3353 1385 3407 et

258 3459 337 3502 usus
356 3439 390 3501 in
408 3438 497 3515 illis;
528 3447 609 3501 tunc
627 3437 717 3501 enim
737 3436 842 3500 homo
861 3457 928 3500 non
945 3446 1063 3519 potest
1078 3436 1180 3502 aliter
1196 3457 1313 3502 secum
1331 3439 1384 3502 in·

257 3534 363 3598 terius
390 3535 556 3615 cogitare,
581 3551 682 3615 quam
714 3532 805 3614 quod
836 3532 1029 3615 respublica
1052 3534 1097 3597 sit
1122 3543 1264 3617 propter
1287 3555 1324 3598 se
1347 3544 1384 3599 et

259 3650 328 3695 non
347 3629 405 3694 ille
429 3639 571 3713 propter
593 3628 849 3710 rempublicam.
895 3628 961 3693 Est
984 3628 1072 3693 sicut
1091 3650 1154 3693 rex
1174 3631 1230 3712 qui
1250 3631 1384 3714 cogitat

258 3726 350 3809 quod
370 3745 515 3809 regnum
531 3735 568 3789 et
583 3745 704 3789 omnes
720 3725 877 3788 homines
892 3725 939 3788 ibi
955 3724 1022 3788 sint
1038 3735 1179 3808 propter
1195 3746 1243 3801 se,
1261 3737 1297 3791 et
1315 3747 1384 3792 non

258 3820 317 3884 ille
347 3830 486 3904 propter
519 3840 661 3902 regnum
692 3829 728 3884 et
757 3819 914 3884 homines
942 3819 1023 3902 ejus.
1071 3831 1128 3893 [9.]
1162 3819 1214 3884 At
1242 3823 1384 3886 eaedem

259 3916 449 3998 dignitates
472 3934 549 3979 cum
572 3915 757 3981 honoribus
780 3915 936 3991 illarum,
947 3914 1143 3998 spirituales
1162 3935 1202 3981 ac
1221 3927 1385 3982 aeternae

259 4021 351 4088 sunt,
376 4012 514 4094 quando
537 4012 641 4076 homo
671 4009 805 4095 spectat
829 4032 866 4075 se
889 4012 1002 4096 quoad
1033 4031 1216 4094 personam
1247 4021 1387 4096 propter

259 4107 507 4190 rempublicam
536 4119 572 4172 et
600 4129 690 4184 usus,
715 4118 751 4172 et
782 4127 851 4170 non
878 4106 963 4172 haec
992 4115 1134 4189 propter
1163 4127 1209 4171 se.
1256 4107 1291 4172 Si
1318 4107 1385 4173 hoc

259 4202 352 4280 facit,
372 4214 454 4268 tunc
478 4203 583 4268 homo
606 4204 713 4268 estin
732 4204 880 4266 veritate
903 4213 939 4266 et
962 4204 996 4266 in
1020 4202 1173 4268 essentia
1196 4203 1386 4286 dignatatis

260 4319 341 4364 suae
360 4310 395 4363 et
415 4298 554 4363 honoris
570 4299 641 4376 sui3
671 4301 699 4362 si
715 4309 832 4363 autem
848 4297 943 4374 illud,
961 4308 1040 4363 tunc
1057 4309 1112 4363 est
1131 4299 1165 4362 in
1182 4319 1385 4384 correspon-

260 4395 381 4458 dentia
402 4406 438 4460 et
462 4397 684 4479 apparentia;
722 4415 806 4477 quas
830 4395 857 4457 si
880 4394 969 4477 apud
992 4415 1029 4458 se
1053 4393 1245 4472 confirmat,
1271 4408 1323 4459 est
1351 4399 1385 4460 in

260 4488 414 4566 fallaciis,
435 4501 470 4555 et
490 4512 558 4555 non
577 4490 677 4555 aliter
696 4492 729 4554 in
750 4487 989 4573 conjunttione
1008 4509 1085 4554 cum
1104 4491 1266 4566 Domino,
1284 4510 1385 4574 quam

261 4587 349 4650 sicut
373 4585 421 4649 illi
448 4587 560 4670 quiin
584 4585 677 4649 salsis
706 4596 786 4650 sunt
816 4596 853 4650 et
882 4587 961 4650 inde
985 4585 1096 4660 malis,
1121 4605 1200 4649 nam
1228 4586 1386 4650 fallaciae

262 4692 341 4747 sunt
360 4681 446 4746 falsa
464 4700 542 4745 cum
561 4681 680 4763 quibus
700 4681 790 4744 mala
810 4703 846 4745 se
866 4681 1089 4762 conjungunt.
1136 4681 1386 4745 Praestiterunt
