3268 5380
320 683 380 750 166
674 694 878 750 sancum
900 697 1096 753 suonucs

316 888 397 934 nam
427 869 561 951 cogitas
572 867 603 934 i''
631 876 669 934 et
694 870 929 954 respondebit,
953 873 1045 955 quod
1076 871 1111 938 in
1139 872 1274 956 capite:
1309 883 1348 940 at
1376 875 1431 940 dic

315 976 438 1052 postea
463 965 576 1044 alicui,
603 966 661 1051 qui
685 968 876 1050 assignavit
903 968 1038 1033 animae
1064 969 1183 1034 sedern
1206 969 1262 1034 vel
1287 971 1321 1036 in
1349 992 1432 1056 qua·

315 1064 397 1128 dam
415 1062 590 1148 glandula,
614 1063 670 1129 vel
696 1065 810 1141 corde,
834 1064 889 1130 vel
915 1065 1007 1140 alibi,
1029 1065 1210 1132 “Ubinam
1234 1065 1371 1134 affectio
1397 1079 1434 1135 et

315 1161 395 1228 inde
418 1163 588 1245 cogitatio
609 1162 644 1226 in
666 1181 728 1227 suo
750 1162 883 1245 primo?
914 1182 1030 1227 annon
1052 1163 1088 1227 in
1112 1164 1252 1230 cerebro
1261 1163 1292 1230 ?”
1321 1176 1358 1232 et
1380 1189 1432 1232 re-

315 1259 499 1342 spondebit
522 1261 614 1344 quod
637 1279 718 1337 non,
742 1257 797 1323 vel
820 1259 913 1342 quod
936 1279 1005 1324 non
1029 1261 1137 1339 sciat;
1172 1281 1311 1326 causam
1337 1264 1435 1346 hujus

315 1355 470 1422 inscitiae
489 1357 607 1422 videas
625 1376 726 1440 supra
746 1354 794 1439 (n.
815 1355 901 1437 361).

378 1455 485 1538 36⁶.
509 1451 584 1537 (iii.)
611 1451 708 1532 Quod
719 1453 829 1536 qualis
841 1453 913 1517 vc'ta
927 1462 980 1518 est
992 1453 1027 1517 in
1038 1453 1230 1536 principiis,
1242 1455 1324 1520 talis
1339 1457 1388 1521 sit
1400 1457 1435 1521 in

315 1557 384 1616 toto
399 1558 433 1613 et
448 1550 484 1614 in
501 1550 647 1634 qualibet
659 1558 763 1631 parte
780 1549 983 1633 qne-Hoc
1005 1561 1043 1614 ut
1066 1553 1282 1633 percipiatur,
1303 1553 1435 1618 dicetur

316 1648 455 1712 ubinam
477 1647 537 1711 illa
558 1648 723 1731 principia
745 1646 780 1709 in
803 1647 951 1711 cerebris
975 1658 1065 1722 sunt,
1091 1658 1126 1712 et
1149 1650 1323 1732 quomodo
1346 1652 1434 1715 deri·

316 1756 451 1810 vantur.
496 1743 647 1810 Ubinam
670 1744 729 1807 illa
748 1745 913 1826 principia
935 1745 969 1809 in
993 1745 1140 1809 cerebris
1158 1756 1248 1823 sunt,
1268 1759 1367 1830 patet
1390 1769 1435 1812 ex

316 1842 513 1906 anatomia:
544 1863 590 1905 ex
612 1842 677 1906 hac
702 1851 823 1906 notum
842 1851 907 1918 est,
929 1843 1021 1924 quod
1044 1842 1125 1906 bina
1143 1845 1282 1908 cerebra
1301 1847 1381 1921 sint,
1399 1855 1435 1910 et

316 1939 408 2022 quod
427 1937 486 2002 illa
504 1939 746 2003 continuentur
770 1958 791 2002 a
813 1939 928 2020 capite
947 1939 982 2002 in
1002 1941 1135 2022 spinam
1153 1940 1265 2020 dorsi;
1289 1953 1326 2008 et
1344 1944 1436 2025 quod

315 2034 376 2101 illa
390 2035 586 2100 consistant
601 2055 646 2100 ex
662 2035 749 2100 binis
765 2035 978 2112 substantiis,
994 2056 1082 2120 quae
1095 2048 1264 2102 vocantur
1275 2039 1435 2104 substan·

316 2131 366 2200 tic
380 2131 553 2197 corticalis
572 2143 607 2196 et
626 2133 820 2198 substantia
840 2131 1056 2211 medullaris;
1080 2143 1117 2198 et
1133 2135 1224 2216 quod
1241 2138 1437 2202 substantia

316 2229 488 2296 corticalis
507 2231 675 2295 consistat
694 2251 740 2294 ex
763 2229 1065 2294 innumerabilibus
1083 2233 1178 2315 quasi
1197 2231 1380 2314 glandulis,
1400 2243 1437 2299 et

316 2327 512 2392 substantia
521 2325 716 2392 medullaris
726 2349 771 2390 ex
782 2327 1084 2393 innumerabilibus
1095 2330 1190 2411 quasi
1201 2328 1303 2394 libris.
1336 2329 1435 2396 Nunc

316 2427 397 2509 quia
418 2424 606 2508 glandulae
635 2424 715 2489 illae
744 2434 825 2489 sunt
855 2426 970 2508 capita
994 2424 1203 2500 tibrillarum,
1227 2436 1308 2491 sunt
1330 2429 1436 2493 etiam

316 2522 480 2606 principia
497 2520 652 2601 illarum3
675 2519 780 2586 fibrae
800 2523 890 2587 enirn
911 2543 956 2586 ex
975 2521 1042 2586 illis
1061 2523 1235 2599 inchoant,
1256 2533 1292 2588 et
1312 2524 1436 2589 deinde

316 2620 519 2703 procedunt,
535 2627 570 2683 et
584 2619 776 2683 successive
795 2639 831 2682 se
850 2619 1062 2684 confasciant
1080 2621 1115 2684 in
1135 2640 1268 2698 nervos,
1288 2641 1328 2686 ac
1352 2641 1435 2686 con·

315 2715 480 2782 fasciatae
502 2735 561 2779 seu
584 2717 679 2780 nervi
698 2713 807 2780 iactae
829 2717 1043 2781 descendunt
1065 2717 1110 2780 ad
1133 2738 1264 2800 organa
1283 2720 1436 2783 sensoria

315 2814 351 2879 in
366 2812 462 2888 facie,
479 2820 515 2875 et
534 2811 578 2875 ad
597 2832 727 2894 organa
745 2815 892 2879 motoria
912 2814 945 2877 in
966 2833 1118 2895 corpore,
1136 2825 1173 2878 et
1191 2815 1341 2879 formant
1357 2815 1436 2894 illa;

316 2908 456 2975 consule
468 2908 615 2990 aliquem
629 2910 792 2973 scientiae
808 2912 1022 2976 anatomicae
1034 2912 1191 2992 peritum,
1206 2923 1241 2976 et
1255 2910 1434 2976 confirma-

315 3008 415 3072 beris.
460 3003 661 3071 Substantia
675 3006 734 3070 illa
744 3009 916 3072 corticalis
929 3029 989 3073 seu
1001 3007 1214 3090 glandularis
1226 3009 1306 3073 facit
1318 3029 1434 3093 super-

315 3105 425 3170 ficiem
448 3102 589 3178 cerebri,
614 3116 687 3167 tum
719 3104 930 3188 superficiem
955 3124 1134 3186 corporum
1159 3107 1369 3182 striatorum,
1389 3126 1434 3170 ex

315 3203 436 3288 quibus
459 3201 610 3266 medulla
632 3201 832 3283 oblongata,
858 3212 895 3266 et
926 3203 1008 3267 lacit
1032 3203 1181 3265 medium
1206 3202 1378 3276 cerebelli,
1398 3211 1435 3266 et

315 3320 451 3385 quoque
469 3299 618 3364 medium
636 3298 806 3364 medullae
827 3299 987 3380 spinalis:
1015 3300 1211 3362 substantia
1226 3311 1344 3363 autem
1364 3318 1434 3363 me·

315 3398 456 3463 dullaris
479 3417 539 3461 seu
561 3395 730 3459 fibrillaris
755 3397 863 3459 ubivis
887 3396 1026 3460 inchoat
1049 3407 1084 3459 et
1117 3397 1272 3477 procedit
1296 3396 1435 3472 exinde,

315 3505 352 3561 et
370 3515 416 3559 ex
433 3495 498 3559 hac
518 3504 598 3557 sunt
616 3495 721 3568 nervi,
742 3514 787 3557 ex
809 3495 929 3576 quibus
948 3495 1062 3556 omnia
1082 3495 1252 3574 corporis:
1277 3495 1368 3575 quod
1387 3494 1435 3556 ita

315 3593 371 3666 sit,
385 3590 543 3670 autopsia
554 3590 669 3653 docet.
717 3587 783 3671 Qui
802 3589 887 3654 haec
907 3589 1045 3655 ¹¹¹sciunt
1063 3591 1117 3653 vel
1134 3611 1179 3653 ex
1195 3591 1340 3654 scientia
1353 3609 1433 3653 ana·

315 3689 455 3765 tomica,
475 3684 531 3749 vel
553 3707 599 3750 ex
625 3687 885 3752 confirmatione
916 3708 962 3750 ex
987 3686 1133 3769 illisqui
1158 3688 1191 3750 in
1221 3708 1262 3749 ea
1290 3688 1434 3751 scientia

314 3793 407 3862 sunt,
432 3793 574 3869 possunt
596 3784 723 3860 videre,
752 3785 844 3867 quod
868 3786 960 3849 vitae
985 3785 1148 3867 principia
1171 3804 1240 3847 non
1264 3784 1344 3847 alibi
1366 3785 1434 3848 sint

316 3902 418 3967 quam
437 3883 494 3947 ubi
511 3891 591 3947 sunt
610 3882 708 3946 initia
728 3882 896 3959 librarum,
918 3892 954 3946 et
978 3883 1068 3964 quod
1089 3881 1193 3944 fibrae
1212 3901 1280 3944 non
1301 3881 1435 3962 possint

315 4002 361 4047 ex
390 4003 438 4058 se,
459 3981 521 4045 sed
547 4001 593 4045 ex
623 3980 691 4045 illis
715 3981 910 4064 procedere.
956 3977 1042 4043 Sunt
1074 3978 1237 4061 principia
1259 3998 1320 4041 seu
1338 3978 1434 4041 initia

315 4081 385 4155 ilia,
415 4100 504 4164 quae
533 4090 700 4162 apparent
729 4089 766 4143 ut
794 4077 987 4161 glandulae,
1018 4097 1126 4158 paene
1154 4075 1434 4151 innumerabilia;

316 4177 501 4243 multitudo
510 4176 645 4241 illorum
655 4178 845 4260 comparari
859 4185 975 4257 potest
989 4174 1197 4237 multitudini
1209 4172 1387 4236 stellarum
1400 4173 1433 4234 in

316 4277 494 4354 universo;
519 4285 554 4339 et
575 4275 760 4339 multitudo
781 4273 977 4337 fibrillarum
997 4271 1126 4335 exiliis
1146 4261 1335 4350 comparari
1355 4277 1431 4350 pot·

316 4382 371 4437 est
401 4372 612 4436 multitudini
644 4373 813 4435 radiorum
838 4370 1038 4434 exeuntium
1064 4390 1083 4431 e
1114 4367 1234 4440 stellis,
1258 4377 1294 4431 et
1322 4367 1434 4428 serunt

317 4469 467 4534 calorem
486 4477 522 4532 et
541 4468 651 4532 lucem
670 4468 804 4531 illarum
828 4470 861 4530 in
880 4478 998 4530 terras.
1044 4465 1232 4526 Multitudo
1252 4462 1434 4544 glandula·

317 4583 390 4628 rum
414 4565 556 4627 istarum
579 4567 686 4628 etiam
708 4565 897 4644 comparari
917 4573 1035 4645 potest
1056 4562 1265 4623 multitudini
1284 4561 1433 4623 societa-

318 4671 392 4724 tum
404 4659 636 4741 angelicarum
648 4662 682 4724 in
697 4660 811 4738 caelis,
825 4680 911 4743 quae
924 4661 1028 4723 etiam
1039 4660 1234 4721 innumerae
1247 4665 1338 4730 sunt,
1351 4666 1386 4719 et
1399 4657 1434 4719 in
