3352 5374
385 699 435 748 ua
461 698 594 748 o1v1u0
618 699 763 761 anons,
783 700 877 752 enas
901 701 1035 752 ιιι-Ν.
1053 705 1123 770 209.
1276 693 1316 772 83

191 867 295 952 inque
306 869 399 932 omni
411 867 529 944 frudtu,
541 879 613 932 tum
628 871 732 934 etiam
746 872 779 934 in
790 871 1034 936 omnimetallo
1044 884 1080 936 et
1091 873 1205 957 lapide
1219 897 1225 952 ;
1241 895 1319 956 par·

192 969 248 1026 tes
261 961 381 1024 horum
396 961 486 1025 tales
499 971 590 1036 sunt,
606 983 650 1025 ex
664 964 785 1045 quibus
798 972 923 1027 totum.
938 965 1087 1028 Partium
1100 967 1232 1042 intima,
1244 988 1316 1030 me·

191 1053 249 1116 dia
266 1064 301 1117 et
315 1054 447 1117 extima
461 1055 586 1118 suntin
603 1054 669 1117 illis
688 1057 852 1136 gradibus
867 1079 874 1135 ;
894 1067 974 1121 sunt
993 1060 1084 1121 enim
1101 1061 1318 1124 successivae

105 1192 108 1196 .
191 1148 475 1226 compositiones,
486 1147 841 1213 seuconsasciationes
854 1160 889 1214 et
901 1150 1191 1232 conglobationes
1205 1154 1314 1215 asim-

192 1238 351 1318 plicibus,
364 1259 452 1322 quae
468 1249 547 1303 sunt
564 1240 694 1323 primae
710 1261 827 1304 eorum
837 1243 1053 1306 substantiae
1064 1263 1124 1306 seu
1140 1247 1316 1309 materiae.

256 1334 357 1398 2⁰8.
387 1329 516 1405 Verbo,
534 1331 624 1396 tales
643 1333 770 1414 gradus
790 1343 869 1396 sunt
889 1336 922 1397 in
942 1336 1035 1398 omni
1059 1335 1193 1408 ultim0,
1214 1338 1263 1399 ita
1282 1338 1315 1399 in

192 1426 287 1486 omni
306 1421 450 1488 effettu:
477 1442 557 1487 nam
581 1444 684 1487 omne
707 1425 864 1489 ultimum
884 1428 1044 1491 consistit
1068 1447 1112 1496 ex
1137 1429 1315 1509 prioribus,

191 1531 228 1579 et
245 1516 329 1579 haec
346 1536 367 1579 a
382 1517 452 1579 suis
465 1517 601 1596 primis;
632 1537 672 1580 ac
687 1519 798 1580 omnis
812 1516 950 1582 effeftus
963 1519 1123 1582 consistit
1143 1539 1188 1581 ex
1202 1539 1317 1594 causa,

191 1618 228 1671 et
254 1608 339 1671 haec
369 1628 415 1671 ex
443 1607 520 1683 fine,
545 1617 581 1672 et
612 1608 688 1673 linis
712 1620 766 1672 est
790 1629 892 1673 omne
916 1630 1051 1684 causae,
1076 1619 1111 1674 et
1138 1622 1319 1674 causaest

191 1720 297 1763 omne
315 1698 455 1764 effeetus
473 1698 526 1782 (ut
544 1721 648 1782 supra
666 1701 944 1765 demonstratum
961 1699 1031 1785 est)
1048 1724 1056 1782 ;
1080 1722 1119 1766 ac
1140 1701 1215 1765 finis
1235 1703 1314 1766 facit

190 1793 361 1867 intimum,
375 1811 479 1855 causa
495 1794 656 1866 medium,
668 1803 704 1856 et
721 1792 859 1858 effed'lus
873 1793 1041 1857 ultimum.
1087 1793 1189 1876 Quod
1206 1795 1316 1856 simile

191 1886 238 1946 sit
262 1903 339 1947 cum
362 1885 526 1965 gradibus
549 1887 676 1949 amoris
704 1896 740 1949 et
771 1887 973 1966 sapientiae,
998 1886 1122 1949 caloris
1150 1897 1186 1948 et
1217 1887 1313 1962 lucis,

191 1984 266 2040 tum
297 1996 373 2040 cum
403 1977 520 2040 lormis
544 1979 717 2059 organicis
744 1974 963 2041 affectionum
993 1987 1029 2041 et
1059 1980 1314 2059 cogitationum

191 2068 281 2150 apud
298 2068 483 2143 hominem,
500 2069 534 2132 in
553 2071 777 2152 sequentibus
792 2070 973 2133 videbitur.
1019 2069 1072 2134 De
1088 2072 1175 2134 serie
1195 2071 1315 2134 horum

192 2159 361 2242 graduum
389 2161 423 2224 in
453 2161 573 2225 ordine
600 2163 797 2225 successivo
826 2171 863 2226 et
892 2163 926 2224 in
956 2162 1076 2225 ordine
1107 2163 1315 2227 simultaneo

191 2249 306 2317 adtum
322 2253 427 2317 etiam
446 2263 500 2316 est
516 2254 550 2316 in
567 2253 732 2318 Dolirina
745 2253 864 2317 Novae
877 2251 1129 2336 HierosolJ‘mae
1142 2255 1183 2318 de
1198 2254 1313 2336 Smp-

191 2353 272 2410 tura
293 2342 402 2409 Sacra
424 2341 473 2428 (n.
498 2345 538 2425 38
568 2355 605 2409 et
635 2342 756 2429 alibi);
792 2355 970 2410 ostensum
994 2357 1048 2410 est
1071 2348 1163 2429 quod
1185 2347 1314 2411 similes

190 2437 318 2520 gradus
335 2437 371 2499 in
388 2436 547 2501 omnibus
565 2447 602 2502 et
621 2437 765 2520 singulis
784 2436 891 2503 Verbi
910 2439 990 2503 sint.

191 2669 307 2755 Quor>
324 2685 478 2738 carnus
496 2684 664 2738 unnuus
686 2685 745 2738 sn*
766 2685 1002 2748 coucusxus,
1021 2685 1242 2738 courruaus
1264 2686 1314 2738 sc

488 2779 593 2832 aas1s
614 2779 804 2833 onaouuu
827 2779 1011 2832 aaroauu.

254 2939 356 3010 2⁰9.
387 2921 553 2989 Doctrina
575 2923 753 3007 graduum,
774 2943 861 3007 quae
884 2924 918 2988 in
942 2924 1006 2988 hac
1030 2924 1131 2990 Parte
1154 2925 1312 3002 traditur,

188 3017 359 3082 hadienus
374 3016 547 3082 illustrata
559 3025 613 3081 est
629 3036 689 3099 per
705 3017 797 3079 varia
809 3035 895 3098 quae
908 3017 941 3079 in
955 3025 1097 3100 utroque
1109 3019 1239 3081 mundo
1251 3039 1314 3080 ex·

189 3112 320 3190 istunt;
344 3119 382 3173 ut
399 3128 459 3191 per
474 3108 601 3192 gradus
613 3109 787 3173 caelorum
801 3109 857 3171 ubi
874 3119 954 3172 sunt
972 3109 1098 3190 angeli,
1113 3129 1173 3191 per
1188 3110 1315 3190 gradus

190 3204 315 3269 caloris
334 3213 370 3266 et
390 3202 474 3265 lucis
490 3201 579 3284 apud
598 3201 687 3276 illos,
706 3211 742 3265 et
763 3222 823 3283 per
838 3202 965 3282 gradus
982 3201 1312 3284 atmosphaerarum,

190 3309 227 3362 et
245 3317 305 3379 per
320 3296 412 3358 varia
427 3297 460 3358 in
478 3314 620 3376 corpore
632 3293 793 3368 humano,
808 3304 842 3356 et
860 3314 994 3375 quoque
1011 3295 1043 3355 in
1057 3313 1165 3374 regno
1176 3293 1314 3356 animali

189 3400 226 3454 et
252 3387 415 3452 minerali.
456 3385 524 3450 Sed
544 3384 700 3449 dod‘trina
724 3387 783 3448 illa
806 3397 859 3449 est
884 3386 1058 3467 amplioris
1077 3387 1312 3448 extensionis:

190 3481 353 3546 extensio
376 3478 446 3560 ejus
470 3498 538 3542 non
562 3481 668 3542 modo
694 3490 748 3542 est
777 3479 818 3540 ad
848 3477 1028 3551 naturalia,
1053 3479 1243 3540 sedetiam
1271 3477 1313 3539 ad

190 3575 316 3647 civilia,
337 3571 480 3634 moralia
498 3582 534 3635 et
557 3572 758 3652 spiritualia,
780 3581 814 3633 et
839 3571 881 3632 ad
906 3571 1020 3631 omnia
1040 3579 1075 3633 et
1098 3568 1235 3649 singula
1254 3589 1313 3632 eo-

192 3685 275 3730 rum.
321 3663 453 3729 Causae
476 3663 566 3746 quod
590 3661 745 3726 dodirina
775 3663 941 3743 graduum
967 3663 1009 3722 ad
1041 3661 1125 3724 talia
1148 3661 1252 3724 etiam
1277 3681 1315 3724 se

191 3757 374 3829 extendat,
392 3765 471 3818 sunt
488 3756 588 3818 binae
606 3775 613 3818 :
640 3754 766 3837 prima,
784 3755 861 3835 quia
881 3756 912 3816 in
931 3754 1023 3816 omni
1039 3773 1086 3827 re,
1103 3753 1146 3816 de
1166 3773 1232 3836 qua
1251 3751 1314 3815 ali·

191 3851 271 3933 quid
300 3849 488 3931 praedicari
517 3857 645 3929 potest,
674 3857 728 3909 est
762 3847 898 3917 trinum,
929 3845 1020 3926 quod
1052 3853 1196 3908 vocatur
1225 3843 1313 3919 linis,

191 3962 295 4006 causa
312 3951 347 4004 et
364 3937 514 4014 effetius,
534 3950 569 4003 et
588 3939 673 4002 haec
691 3939 755 4001 tria
772 3939 859 4000 inter
875 3958 912 3999 se
929 3947 1009 3998 sunt
1029 3937 1218 4000 secundum
1235 3955 1314 4017 gra·

191 4035 255 4098 dus
279 4033 494 4097 altitudinis:
537 4031 646 4094 altera
676 4040 740 4101 est,
761 4030 851 4111 quod
871 4048 972 4091 omne
997 4027 1107 4101 civile,
1128 4026 1257 4090 morale
1281 4035 1317 4090 et

191 4125 369 4209 spirituale
382 4144 450 4188 non
468 4126 511 4186 sit
527 4123 653 4204 aliquid
668 4118 878 4184 abstrad'tum
896 4141 915 4182 a
931 4121 1136 4193 substantia,
1150 4120 1211 4182 sed
1225 4118 1315 4201 quod

191 4220 260 4282 sint
278 4217 505 4289 substantiae,
520 4234 600 4277 narn
620 4215 707 4277 sicut
723 4232 818 4275 amor
834 4223 869 4274 et
890 4213 1059 4293 sapientia
1076 4231 1143 4274 non
1161 4220 1241 4274 sunt
1260 4231 1314 4274 res

192 4305 399 4382 abstractae,
424 4309 485 4371 sed
509 4307 600 4390 quod
624 4307 692 4369 sint
716 4304 920 4376 substantia,
944 4303 995 4385 (ut
1016 4323 1126 4386 supra,
1147 4323 1179 4365 n.
1198 4318 1316 4383 40-43‚

193 4403 471 4466 demonstratum
495 4398 577 4482 est,)
594 4401 644 4462 ita
667 4396 829 4484 similiter
844 4416 964 4459 omnes
988 4415 1053 4469 res,
1074 4415 1161 4478 quae
1184 4395 1315 4470 civiles,

192 4494 343 4559 morales
373 4504 409 4557 et
439 4491 632 4573 spirituales
661 4498 838 4553 vocantur.
897 4487 973 4550 Hae
1003 4486 1141 4569 quidem
1171 4498 1317 4569 possunt

192 4583 369 4651 abstradte
388 4605 407 4647 a
424 4584 627 4647 substantiis
647 4583 804 4663 cogitari,
826 4581 884 4643 sed
905 4601 1011 4661 usque
1031 4581 1063 4641 in
1088 4599 1124 4642 se
1148 4598 1217 4642 non
1236 4587 1318 4641 sunt

192 4675 402 4743 abstradtae.
448 4673 544 4741 Sicut
561 4695 622 4758 pro
639 4674 812 4755 exemplo,
830 4669 963 4735 afleflio
980 4682 1015 4734 et
1036 4672 1215 4753 cogitatio,
1237 4671 1321 4733 cha·
