3426 5382
320 631 360 714 56
667 645 871 696 SAPIENTIA
895 645 1094 698 iuuenca

315 835 417 901 quarn
438 815 481 878 ab
501 813 582 898 ipso
601 817 657 898 qui
676 817 709 878 in
730 837 766 880 se
787 825 905 899 potest
925 816 1015 882 velle
1038 827 1074 882 et
1098 829 1217 903 potest
1237 819 1449 906 intelligere.

316 929 373 988 [2.]
402 911 458 975 Ex
475 913 596 995 quibus
613 921 723 995 patet,
743 913 834 995 quod
851 914 951 976 binae
968 913 1048 978 illae
1067 914 1264 993 facultates,
1284 938 1372 1000 quae
1389 940 1453 986 vo·

314 1020 438 1074 cantur
460 1007 678 1072 rationalitas
703 1018 739 1073 et
764 1008 918 1086 libertas,
940 1010 1010 1074 sint
1030 1031 1050 1072 a
1070 1010 1231 1088 Domino,
1254 1023 1288 1076 et
1314 1034 1384 1078 non
1407 1017 1452 1081 ab

314 1108 475 1186 homine;
501 1117 537 1171 et
553 1110 631 1190 quia
647 1127 667 1168 a
685 1105 838 1169 Domino
851 1115 943 1182 sunt,
963 1107 1116 1189 sequitur
1133 1109 1225 1190 quod
1242 1108 1348 1175 homo
1366 1111 1453 1176 nihil

313 1207 494 1288 quicquam
512 1205 596 1268 velit
614 1225 634 1267 a
651 1225 697 1280 se,
710 1197 748 1266 'et
766 1201 941 1285 intelligat
958 1223 978 1264 a
994 1225 1042 1280 se,
1058 1206 1118 1267 sed
1137 1207 1242 1270 modo
1261 1207 1351 1273 sicut
1367 1229 1387 1272 a
1403 1229 1451 1272 se.

314 1299 416 1382 Quod
435 1303 485 1366 ita
503 1302 560 1376 sit,
582 1302 724 1384 quisque
744 1302 835 1384 apud
855 1321 893 1364 se
917 1299 1120 1365 confirmare
1145 1312 1276 1385 potest,
1301 1304 1358 1386 qui
1382 1305 1449 1369 scit

313 1407 347 1460 et
366 1399 488 1474 credit,
510 1399 602 1480 quod
623 1398 785 1461 voluntas
806 1397 917 1461 omnis
937 1397 1030 1468 boni,
1052 1417 1092 1461 ac
1112 1396 1310 1464 intellectus
1334 1400 1448 1464 omnis

276 1501 280 1508 '
313 1495 393 1569 veri,
415 1495 459 1557 sit
479 1515 499 1556 a
518 1493 681 1570 Domino,
702 1503 739 1557 et
759 1513 828 1556 non
848 1492 892 1555 ab
909 1492 1060 1556 homine.

362 1638 441 1701 Quod
453 1639 535 1688 homo
551 1653 605 1686 non
621 1637 722 1701 aliquid
737 1639 824 1700 possit
836 1651 943 1686 sumere
955 1651 972 1684 a
983 1651 1028 1688 se:
1047 1646 1075 1686 et
1087 1651 1143 1686 non
1156 1637 1257 1702 aliquid
1271 1637 1360 1688 faeere
1371 1653 1389 1687 a
1400 1651 1438 1698 se,

443 1705 522 1753 docet
534 1703 653 1752 Verbum
667 1705 737 1766 apud
753 1704 899 1768 Johannem
913 1703 959 1764 (iii.
974 1715 1021 1762 27;
1040 1718 1084 1752 xv.
1099 1703 1131 1765 5).

375 1855 449 1934 89.
481 1855 581 1918 Nunc
613 1859 692 1939 quia
721 1875 823 1920 omne
855 1855 945 1920 velle
974 1866 1029 1920 est
1055 1877 1100 1919 ex
1128 1875 1256 1932 amore,
1281 1866 1318 1920 et
1342 1876 1446 1922 omne

310 1951 507 2032 intelligere
527 1962 580 2014 est
605 1972 651 2013 ex
671 1953 853 2032 sapientia,
875 1953 1028 2034 sequitur
1053 1952 1144 2034 quod
1166 1972 1269 2035 posse
1290 1951 1381 2018 velle
1400 1955 1446 2019 sit

310 2069 356 2111 ex
378 2047 503 2109 Divino
528 2047 671 2122 Amore,
693 2058 728 2110 et
753 2067 855 2130 posse
879 2047 1075 2130 intelligere
1096 2049 1141 2112 sit
1162 2068 1208 2110 ex
1235 2048 1362 2112 Divina
1381 2047 1444 2113 Sa·

310 2145 461 2226 pientia;
495 2144 544 2206 ita
568 2153 751 2225 utrumque
775 2163 820 2205 ex
849 2142 1012 2218 Domino,
1039 2145 1095 2226 qui
1120 2153 1175 2208 est
1201 2146 1273 2226 ipse
1299 2146 1446 2210 Divinus

309 2241 421 2305 Amor
437 2249 472 2302 et
490 2241 563 2321 ipsa
580 2239 706 2302 Divina
724 2237 910 2320 Sapientia.
958 2239 1043 2302 Inde
1060 2239 1142 2314 fluit,
1164 2241 1256 2322 quod
1274 2263 1318 2304 ex
1337 2241 1445 2306 libero

309 2336 497 2400 secundum
517 2336 687 2398 rationem
707 2355 822 2416 agere,
844 2355 912 2397 non
933 2334 1071 2398 aliunde
1092 2337 1148 2398 sit.
1198 2333 1351 2420 Quisque
1367 2340 1442 2421 agit

308 2433 494 2497 secundum
519 2433 698 2504 rationem,
720 2431 798 2514 quia
823 2429 967 2493 liberum
993 2431 1083 2494 sicut
1110 2450 1207 2494 arnor
1231 2453 1301 2496 non
1325 2445 1444 2517 potest

308 2529 458 2612 separari
477 2548 497 2590 a
516 2526 617 2590 velle.
665 2525 733 2590 Sed
753 2527 842 2608 apud
864 2527 1040 2590 hominem
1064 2527 1166 2590 datur
1191 2527 1334 2592 interius
1352 2530 1443 2594 velle

307 2640 343 2693 et
363 2627 517 2690 exterius
536 2625 648 2702 velle;
674 2633 710 2687 et
728 2635 846 2707 potest
872 2645 976 2706 agere
1003 2625 1194 2688 secundum
1221 2628 1385 2704 exterius,
1406 2639 1443 2692 et

308 2743 376 2786 non
395 2721 494 2784 simul
514 2721 701 2784 secundum
719 2721 861 2783 interius
877 2741 885 2798 ;
911 2722 961 2784 ita
978 2720 1051 2800 agit
1071 2719 1254 2802 hypocrita
1271 2732 1306 2785 et
1323 2743 1441 2786 assen-

307 2828 412 2893 tator,
430 2826 465 2880 et
481 2836 587 2898 usque
604 2817 758 2878 exterius
775 2815 865 2878 velle
886 2825 941 2878 est
961 2836 1006 2879 ex
1027 2815 1147 2892 liber0,
1167 2817 1246 2899 quia
1262 2838 1307 2881 ex
1324 2837 1442 2882 amore

307 2912 494 2997 apparendi
524 2911 626 2975 aliter
656 2929 757 2993 quarn
790 2921 855 2986 est,
887 2910 944 2974 vel
972 2931 1018 2974 ex
1044 2931 1161 2976 amore
1192 2910 1333 2995 alicujus
1360 2915 1443 2980 mali

307 3008 470 3094 quod'ex
505 3026 621 3071 amore
651 3006 844 3071 voluntatis
878 3008 1051 3071 interioris
1089 3008 1250 3072 intendit.
1303 3007 1372 3074 Sed
1403 3021 1441 3075 ut

306 3126 408 3188 supra
431 3100 559 3167 diftum
579 3113 645 3179 est,
671 3102 781 3166 rnalus
806 3123 875 3166 non
900 3113 1020 3186 potest
1044 3125 1089 3166 ex
1118 3102 1227 3167 libero
1251 3107 1440 3171 secundum

305 3203 475 3265 rationem
495 3219 592 3263 suam
612 3219 716 3281 agere
732 3219 834 3282 quam
851 3199 1003 3278 malum;
1030 3220 1099 3263 non
1121 3210 1238 3264 autem
1259 3211 1377 3282 potest
1393 3223 1439 3266 ex

305 3297 414 3361 libero
432 3296 621 3360 secundum
645 3297 815 3360 rationem
836 3316 940 3378 agere
969 3296 1120 3359 bonum:
1155 3304 1275 3378 potest
1299 3298 1437 3379 quidem

304 3396 370 3459 hoc
391 3415 505 3476 agere,
525 3392 677 3456 sednon
697 3413 742 3457 ex
767 3392 876 3456 libero
897 3391 1059 3465 interiori,
1082 3391 1173 3473 quod
1194 3402 1247 3455 est
1267 3390 1339 3473 ejus
1358 3414 1437 3476 pro·

304 3493 413 3574 prium
433 3489 588 3564 liberum,
610 3510 655 3552 ex
675 3509 743 3572 quo
763 3489 872 3552 trahit
896 3489 1050 3551 exterius
1077 3486 1233 3562 liberum,
1254 3488 1346 3570 quod
1365 3503 1435 3553 non

304 3589 349 3650 sit
369 3589 507 3650 bonurn.

367 3699 442 3763 90.
475 3680 608 3742 Dicitur
634 3678 725 3762 quod
756 3679 861 3744 homo
892 3679 1002 3762 possit
1034 3686 1172 3741 tantum
1202 3677 1377 3743 reformari
1400 3688 1437 3745 et

303 3777 511 3860 regenerari,
529 3786 695 3858 quantum
713 3785 831 3859 potest
851 3796 912 3858 per
928 3776 1025 3839 binas
1045 3772 1232 3838 facultates
1252 3775 1377 3838 adduci
1393 3775 1438 3840 ad

303 3872 575 3956 agnoscendum,
604 3871 695 3954 quod
723 3891 824 3936 omne
850 3873 978 3935 bonum
1006 3879 1041 3934 et
1068 3887 1172 3932 omne
1197 3888 1314 3933 verum
1345 3869 1438 3952 quod

304 3972 439 4053 cogitat
469 3978 505 4032 et
534 3968 627 4043 facit,
654 3971 699 4033 sit
728 3969 930 4043 aDomino,
958 3977 994 4032 et
1024 3985 1093 4029 non
1120 3986 1140 4028 a
1165 3975 1289 4029 semet.
1335 3963 1438 4046 Quod

304 4068 409 4131 homo
432 4086 501 4130 non
526 4067 635 4147 possit
662 4067 725 4130 nisi
744 4085 846 4150 quam
875 4086 935 4148 per
959 4064 1059 4128 binas
1088 4061 1166 4124 illas
1193 4059 1381 4125 facultates
1403 4061 1438 4126 id

304 4184 506 4247 agnoscere,
527 4175 581 4228 est
606 4165 683 4248 quia
706 4164 806 4227 binae
826 4160 906 4225 illae
925 4157 1109 4224 facultates
1131 4166 1212 4220 sunt
1232 4177 1252 4220 a
1273 4155 1437 4234 Domino,

304 4272 340 4325 et
372 4270 453 4325 sunt
484 4261 624 4325 Domini
656 4258 745 4343 apud
773 4257 960 4331 hominem,
989 4263 1027 4318 ut
1051 4262 1150 4334 patet
1175 4273 1195 4316 a
1222 4249 1437 4335 supradictis.

305 4358 420 4442 Quare
440 4360 605 4441 sequitur,
626 4355 718 4440 quod
736 4353 843 4418 horno
861 4352 895 4416 id
913 4370 984 4415 non
1003 4349 1114 4432 possit
1134 4347 1247 4413 facere
1269 4369 1288 4411 a
1309 4367 1358 4422 se,
1376 4347 1438 4413 sed

304 4477 325 4520 a
344 4456 516 4532 Domino;
542 4463 578 4517 at
598 4472 704 4534 usque
723 4457 841 4533 potest
865 4448 955 4512 sicut
974 4467 995 4511 a
1012 4465 1070 4525 se;
1094 4444 1161 4510 hoc
1181 4444 1242 4507 dat
1264 4443 1434 4507 Dominus

305 4549 480 4613 unicuivis.
526 4547 588 4624 Sit,
606 4547 697 4631 quod
715 4546 834 4611 credat
854 4565 874 4609 a
893 4564 940 4620 se,
961 4562 1067 4625 usque
1086 4540 1167 4605 dum
1186 4539 1287 4622 sapit,
1306 4558 1433 4620 agnos·

304 4654 362 4708 cet
382 4645 473 4726 quod
491 4663 559 4706 non
576 4664 596 4706 a
615 4664 672 4721 se;
697 4642 823 4724 alioqui
839 4658 956 4704 verum
976 4637 1067 4722 quod
1087 4637 1233 4720 cogitat,
1251 4644 1288 4699 et
1303 4633 1433 4698 bonurn
