3410 5382
477 701 527 752 ua
550 701 687 754 1>1v1un
710 701 1067 754 saumonem-u.
1092 685 1161 772 136.
1345 705 1385 774 91

321 875 419 959 136·
451 874 525 960 (iii.)
560 875 658 956 Quod
669 898 760 942 nemo
777 878 983 958 reformetur
992 886 1058 960 per
1072 877 1187 942 minas
1205 885 1238 940 et
1246 885 1388 960 poenas,

247 971 659 1056 quiacogunt.-Notum
683 984 749 1050 est,
769 973 861 1056 quod
886 983 1071 1038 externum
1096 992 1165 1036 non
1190 973 1302 1055 possit
1326 993 1389 1038 co·

248 1090 338 1151 gere
361 1070 546 1144 internum,
571 1070 631 1132 sed
655 1071 747 1152 quod
770 1072 942 1134 internum
970 1071 1081 1153 possit
1111 1088 1238 1151 cogere
1267 1080 1387 1136 exter·

253 1184 357 1227 num:
384 1175 457 1227 tum
478 1175 597 1229 notum
616 1177 681 1240 est,
701 1166 792 1248 quod
812 1167 985 1229 internum
1009 1165 1059 1229 ita
1081 1175 1205 1230 renuat
1228 1163 1386 1230 coadtum

249 1261 301 1324 ab
324 1270 484 1335 externo,
510 1271 547 1323 ut
571 1271 706 1324 avertat
731 1282 779 1324 se.
827 1261 875 1326 Et
899 1282 1033 1345 quoque
1057 1270 1179 1326 notum
1202 1269 1268 1338 est,
1293 1260 1386 1343 quod

244 1355 404 1439 jucunda
431 1365 580 1420 externa
606 1353 773 1420 allectent
798 1357 970 1421 internum
989 1357 1035 1420 ad
1054 1375 1262 1421 consensum
1282 1367 1318 1420 et
1342 1355 1386 1418 ad

251 1471 431 1514 amorem:
456 1463 577 1515 notum
596 1453 701 1515 etiam
726 1473 801 1516 esse
826 1461 955 1534 potest,
976 1453 1069 1535 quod
1089 1454 1191 1516 detur
1213 1453 1385 1516 internum

248 1543 414 1611 coaetum
438 1568 477 1610 ac
502 1548 671 1610 internum
696 1546 852 1612 liberum.
899 1546 968 1612 Sed
990 1549 1223 1622 haecomnia,
1244 1548 1385 1612 tametsi

256 1651 342 1705 nota
361 1652 452 1718 sunt,
474 1663 579 1725 usque
599 1643 810 1707 illustranda
832 1654 912 1709 sunt
924 1665 932 1722 ;
957 1655 1037 1708 sunt
1057 1645 1148 1708 enim
1168 1643 1275 1726 plura,
1297 1664 1385 1725 quae

248 1739 337 1800 dum
356 1739 550 1814 audiuntur,
569 1740 688 1804 statim
708 1741 940 1822 percipiuntur
955 1741 1047 1823 quod
1066 1741 1118 1803 ita
1136 1740 1192 1816 sit,
1210 1739 1289 1822 quia
1306 1749 1386 1802 sunt

250 1853 348 1908 vera,
368 1844 404 1896 et
428 1834 508 1898 inde
532 1831 769 1914 affirmantur3
797 1837 858 1899 sed
878 1837 905 1899 si
929 1855 997 1899 non
1021 1835 1121 1898 simul
1146 1855 1208 1918 per
1229 1835 1385 1897 rationes

247 1927 513 2004 confirmantur,
545 1938 692 2010 possunt
723 1950 782 2012 per
816 1931 1135 2013 argumentationes
1163 1950 1210 1993 ex
1239 1928 1384 1993 fallaciis

248 2022 427 2101 infirmari,
448 2035 483 2088 et
507 2027 649 2089 tandem
674 2028 803 2110 negari.
850 2025 965 2108 Quare
984 2025 1053 2101 illa,
1074 2046 1161 2109 quae
1181 2044 1272 2089 nunc
1291 2023 1386 2089 dieta

248 2130 337 2183 :sunt
367 2130 404 2182 ut
432 2130 527 2195 nota,
555 2122 803 2187 reassumenda
828 2132 921 2198 sunt,
949 2132 985 2186 et
1012 2120 1231 2186 rationaliter
1260 2119 1384 2185 confir·

249 2215 393 2278 manda.
440 2231 497 2294 [2.]
540 2216 663 2292 Primo,
701 2217 801 2297 Quod
828 2228 1004 2282 externum
1036 2237 1099 2280 non
1129 2215 1242 2298 possit
1272 2236 1387 2298 cogere
1495 2261 1496 2264 ,

247 2311 432 2386 arternum,
449 2313 512 2376 sed
523 2314 614 2396 quod
628 2313 797 2377 internum
808 2313 924 2395 possit
937 2332 1053 2394 cogere
1068 2308 1384 2391 externum—Quis

250 2416 376 2487 potest
394 2407 474 2489 cogi
494 2409 537 2471 ad
558 2408 768 2473 credendum
788 2418 824 2472 et
843 2409 887 2471 ad
907 2405 1116 2471 amandum?
1160 2404 1219 2470 Ad
1239 2406 1383 2470 creden-

248 2501 336 2564 dum
367 2521 436 2566 non
467 2502 589 2586 aliquis
623 2503 699 2586 plus
732 2513 852 2587 potest
886 2505 976 2585 cogi,
1011 2522 1113 2586 quam
1147 2501 1191 2566 ad
1223 2502 1383 2583 cogitan-

248 2597 337 2660 dum
361 2598 452 2679 quod
475 2599 526 2662 ita
548 2599 605 2676 sit,
625 2618 703 2664 cum
728 2619 798 2662 non
822 2600 871 2663 ita
890 2600 1046 2680 cogitat;
1071 2607 1108 2662 et
1130 2597 1174 2661 ad
1198 2597 1382 2660 amandum

249 2712 325 2756 non
357 2693 478 2776 aliquis
508 2694 585 2778 plus
611 2705 730 2780 potest
760 2696 839 2778 cogi
869 2714 971 2777 quam
1002 2694 1046 2757 ad
1076 2692 1263 2757 volendum
1290 2692 1382 2774 quod

250 2810 326 2854 non
347 2789 439 2852 vult:
465 2787 550 2853 fides
567 2792 672 2854 etiam
688 2800 743 2856 est
762 2790 998 2873 cogitationis,
1015 2797 1052 2854 et
1071 2807 1168 2852 amor
1186 2798 1242 2852 est
1260 2787 1381 2850 volun-

248 2887 350 2950 tatis.
397 2883 465 2949 Sed
485 2887 657 2950 internum
674 2907 734 2970 per
753 2895 938 2951 externum
958 2885 1035 2967 cogi
1054 2893 1181 2968 potest,
1199 2903 1242 2947 ne
1261 2882 1382 2966 loqua-

250 2993 313 3048 tur
336 2983 427 3047 male
450 2990 571 3047 contra
597 2982 695 3065 leges
719 2982 828 3065 regni,
853 3002 966 3045 mores
989 2981 1094 3056 vitae,
1117 2990 1154 3045 et
1178 2975 1383 3043 sanctitates

250 3079 446 3158 ecclesiae3
479 3079 650 3142 internum
675 3079 718 3143 ad
742 3079 808 3142 hoc
833 3097 893 3160 per
916 3077 1025 3140 minas
1048 3086 1086 3140 et
1109 3095 1240 3159 poenas
1263 3086 1383 3158 potest

248 3177 345 3259 cogi,
363 3186 399 3240 et
415 3197 551 3260 quoque
570 3176 706 3258 cogitur
722 3185 758 3238 et
777 3173 972 3256 cogendum
990 3181 1054 3236 est.
1099 3170 1168 3236 Sed
1187 3171 1253 3234 hoc
1273 3171 1382 3234 inter·

249 3292 336 3336 num
350 3281 485 3336 nonest
506 3273 680 3336 internum
694 3270 829 3353 proprie
839 3269 1026 3332 humanum
1039 3289 1046 3346 ;
1064 3266 1125 3331 sed
1138 3275 1192 3331 est
1209 3266 1380 3329 internum

248 3370 348 3452 quod
367 3369 472 3432 homo
491 3387 674 3432 commune
693 3365 799 3430 habet
819 3383 896 3428 cum
915 3363 1050 3437 bestiis,
1067 3382 1155 3445 quae
1174 3363 1281 3425 etiarn
1301 3381 1380 3442 pos·

249 3474 336 3526 sunt
360 3464 449 3545 cogi.
496 3463 673 3527 internum
697 3461 884 3525 humanum
907 3457 1036 3522 residet
1059 3476 1162 3539 supra
1183 3455 1249 3520 hoc
1273 3458 1380 3520 inter-

249 3580 336 3623 num
356 3559 515 3624 animale.
562 3559 740 3624 Internum
765 3556 951 3619 humanum
976 3552 1030 3618 hic
1055 3551 1268 3634 intelligitur,
1289 3555 1381 3635 quod

249 3675 325 3719 non
346 3657 424 3738 cogi
443 3665 573 3738 potest.
619 3661 677 3720 [3.]
709 3651 880 3725 Secundo,
900 3647 997 3727 Quod
1009 3649 1176 3712 internum
1193 3648 1243 3712 ita
1260 3658 1382 3712 renuat

245 3752 400 3815 suabium
422 3751 464 3814 ab
486 3762 631 3826 externo,
649 3759 688 3814 at
708 3757 844 3813 auertat
869 3743 1072 3810 see-Causa
1090 3753 1156 3819 est,
1176 3745 1254 3826 quia
1272 3745 1380 3808 inter·

256 3869 336 3912 num
356 3849 430 3913 vult
453 3852 486 3913 in
506 3848 615 3912 libero
637 3871 726 3924 esse,
748 3854 783 3908 et
808 3852 903 3906 amat
928 3840 1095 3918 liberum;
1120 3839 1265 3904 liberum
1288 3842 1380 3904 enim

246 3957 308 4009 est
338 3949 465 4011 amoris
494 3969 554 4012 seu
584 3948 676 4013 vitae
705 3946 866 4021 hominis,
895 3948 932 4003 ut
963 3957 1066 4020 supra
1095 3945 1272 4000 ostensum
1303 3946 1379 4014 est;

246 4065 358 4127 quare
377 4047 457 4109 dum
478 4045 620 4110 liberum
640 4045 747 4109 sentit
768 4064 804 4107 se
825 4041 914 4123 cogi,
935 4032 1081 4101 retrahit
1101 4051 1138 4094 se
1161 4033 1257 4114 quasi
1276 4033 1309 4094 in
1330 4053 1378 4106 se,

245 4151 290 4203 et
314 4143 442 4206 avertit
465 4163 512 4217 se,
536 4150 573 4205 et
597 4138 732 4224 spectat
755 4135 912 4203 coactum
937 4135 1025 4198 sicut
1055 4146 1153 4191 suum
1183 4127 1379 4203 inimicum;

247 4256 351 4300 amor
370 4239 461 4302 enim
485 4238 541 4321 qui
565 4237 644 4302 iacit
661 4236 769 4300 vitam
793 4232 953 4306 hominis,
974 4224 1215 4298 exacerbatur,
1236 4242 1274 4285 ac
1298 4222 1380 4286 iacit

247 4343 292 4396 ut
311 4332 417 4397 homo
433 4334 565 4416 cogitet
581 4333 673 4416 quod
689 4333 737 4397 sic
754 4351 823 4395 non
840 4349 919 4394 suus
938 4327 994 4400 sit,
1015 4327 1270 4405 consequenter
1287 4317 1379 4400 quod

251 4447 323 4493 non
347 4431 441 4493 vivat
464 4430 537 4493 sibi.
584 4426 686 4511 Quod
710 4429 883 4492 internum
906 4418 1054 4486 hominis
1078 4415 1151 4482 tale
1173 4415 1230 4490 sit,
1255 4422 1308 4478 est
1333 4435 1379 4476 ex

246 4523 333 4607 lege
353 4525 499 4590 Divinae
523 4523 766 4588 Providentiae
784 4520 924 4585 Domini
944 4526 982 4582 ut
1005 4515 1112 4580 homo
1131 4533 1176 4578 ex
1198 4511 1306 4577 libero
1325 4530 1379 4572 se-

245 4621 403 4684 cundum
422 4621 593 4686 rationem
612 4627 706 4700 agat.
753 4623 811 4686 [4.]
841 4614 899 4680 Ex
918 4614 971 4679 his
995 4619 1103 4695 patet,
1124 4608 1215 4693 quod
1234 4608 1380 4672 damno·

247 4735 329 4782 sum
349 4717 405 4794 sit,
422 4717 580 4782 homines
599 4714 643 4780 ad
663 4714 794 4781 cultum
814 4711 974 4778 Divinum
991 4731 1052 4794 per
1066 4707 1177 4773 minas
1196 4715 1232 4771 et
1250 4721 1384 4789 poenas
