<?xml version="1.0" encoding="UTF-8"?>
<!DOCTYPE html PUBLIC "-//W3C//DTD XHTML 1.0 Transitional//EN"
    "http://www.w3.org/TR/xhtml1/DTD/xhtml1-transitional.dtd">
<html xmlns="http://www.w3.org/1999/xhtml" xml:lang="en" lang="en">
 <head>
  <title>
</title>
<meta http-equiv="Content-Type" content="text/html;charset=utf-8" />
  <meta name='ocr-system' content='tesseract 3.04.00' />
  <meta name='ocr-capabilities' content='ocr_page ocr_carea ocr_par ocr_line ocrx_word'/>
</head>
<body>
  <div class='ocr_page' id='page_1' title='image "./sapientaangelic01swedgoog_0194.png"; bbox 0 0 3448 5374; ppageno 0'>
   <div class='ocr_carea' id='block_1_1' title="bbox 471 716 1384 798">
    <p class='ocr_par' dir='ltr' id='par_1_1' title="bbox 471 716 1384 798">
     <span class='ocr_line' id='line_1_1' title="bbox 471 716 1384 798; baseline -0.007 -14"><span class='ocrx_word' id='word_1_1' title='bbox 471 733 521 784; x_wconf 80' lang='lat' dir='ltr'><strong>os</strong></span> <span class='ocrx_word' id='word_1_2' title='bbox 545 732 680 782; x_wconf 82' lang='lat' dir='ltr'><strong>mero</strong></span> <span class='ocrx_word' id='word_1_3' title='bbox 703 733 848 795; x_wconf 72' lang='lat' dir='ltr'><strong>anons,</strong></span> <span class='ocrx_word' id='word_1_4' title='bbox 869 725 962 783; x_wconf 66' lang='lat' dir='ltr'><strong>rans</strong></span> <span class='ocrx_word' id='word_1_5' title='bbox 986 729 1100 780; x_wconf 78' lang='lat' dir='ltr'><strong>v.—N.</strong></span> <span class='ocrx_word' id='word_1_6' title='bbox 1118 716 1188 798; x_wconf 87' lang='lat'><strong>386.</strong></span> <span class='ocrx_word' id='word_1_7' title='bbox 1323 732 1384 798; x_wconf 91' lang='lat'><strong>179</strong></span> 
     </span>
    </p>
   </div>
   <div class='ocr_carea' id='block_1_2' title="bbox 259 901 1384 4788">
    <p class='ocr_par' dir='ltr' id='par_1_2' title="bbox 259 901 1384 3361">
     <span class='ocr_line' id='line_1_2' title="bbox 324 901 1381 990; baseline -0.004 -20"><span class='ocrx_word' id='word_1_8' title='bbox 324 905 425 989; x_wconf 73' lang='lat'><strong>385·</strong></span> <span class='ocrx_word' id='word_1_9' title='bbox 464 904 528 990; x_wconf 89' lang='lat' dir='ltr'>(v.)</span> <span class='ocrx_word' id='word_1_10' title='bbox 553 904 650 985; x_wconf 82' lang='lat' dir='ltr'><strong>Quod</strong></span> <span class='ocrx_word' id='word_1_11' title='bbox 656 915 721 987; x_wconf 81' lang='lat' dir='ltr'><strong>per</strong></span> <span class='ocrx_word' id='word_1_12' title='bbox 735 903 1060 986; x_wconf 82' lang='lat' dir='ltr'><em>correspondentiam</em></span> <span class='ocrx_word' id='word_1_13' title='bbox 1078 901 1173 967; x_wconf 88' lang='lat' dir='ltr'><strong>illam</strong></span> <span class='ocrx_word' id='word_1_14' title='bbox 1185 903 1297 986; x_wconf 82' lang='lat' dir='ltr'><strong>detegi</strong></span> <span class='ocrx_word' id='word_1_15' title='bbox 1303 912 1381 984; x_wconf 80' lang='lat' dir='ltr'><strong>pos·</strong></span> 
     </span>
     <span class='ocr_line' id='line_1_3' title="bbox 263 997 1384 1082; baseline -0.002 -18"><span class='ocrx_word' id='word_1_16' title='bbox 263 1001 333 1065; x_wconf 84' lang='lat' dir='ltr'><strong>sint</strong></span> <span class='ocrx_word' id='word_1_17' title='bbox 354 1000 460 1064; x_wconf 83' lang='lat' dir='ltr'><strong>multa</strong></span> <span class='ocrx_word' id='word_1_18' title='bbox 483 1021 609 1065; x_wconf 85' lang='lat' dir='ltr'><strong>arcana</strong></span> <span class='ocrx_word' id='word_1_19' title='bbox 631 1000 671 1064; x_wconf 84' lang='lat' dir='ltr'><strong>de</strong></span> <span class='ocrx_word' id='word_1_20' title='bbox 692 999 861 1063; x_wconf 82' lang='lat' dir='ltr'><strong>voluntate</strong></span> <span class='ocrx_word' id='word_1_21' title='bbox 874 1009 906 1062; x_wconf 85' lang='lat' dir='ltr'><strong>et</strong></span> <span class='ocrx_word' id='word_1_22' title='bbox 927 998 1102 1074; x_wconf 68' lang='lat' dir='ltr'><strong>intellellec,</strong></span> <span class='ocrx_word' id='word_1_23' title='bbox 1127 997 1177 1063; x_wconf 83' lang='lat' dir='ltr'><strong>ita</strong></span> <span class='ocrx_word' id='word_1_24' title='bbox 1199 1019 1323 1082; x_wconf 81' lang='lat' dir='ltr'><strong>quoque</strong></span> <span class='ocrx_word' id='word_1_25' title='bbox 1344 997 1384 1062; x_wconf 77' lang='lat' dir='ltr'><strong>de</strong></span> 
     </span>
     <span class='ocr_line' id='line_1_4' title="bbox 263 1092 1382 1176; baseline -0.004 -16"><span class='ocrx_word' id='word_1_26' title='bbox 263 1117 375 1162; x_wconf 85' lang='lat' dir='ltr'><strong>amore</strong></span> <span class='ocrx_word' id='word_1_27' title='bbox 388 1104 422 1158; x_wconf 84' lang='lat' dir='ltr'><strong>et</strong></span> <span class='ocrx_word' id='word_1_28' title='bbox 438 1094 701 1175; x_wconf 63' lang='lat' dir='ltr'><strong>sapientia-In</strong></span> <span class='ocrx_word' id='word_1_29' title='bbox 721 1094 849 1158; x_wconf 90' lang='lat' dir='ltr'><strong>mundo</strong></span> <span class='ocrx_word' id='word_1_30' title='bbox 867 1095 926 1157; x_wconf 89' lang='lat' dir='ltr'><strong>vix</strong></span> <span class='ocrx_word' id='word_1_31' title='bbox 950 1095 1103 1157; x_wconf 86' lang='lat' dir='ltr'><strong>noscitur</strong></span> <span class='ocrx_word' id='word_1_32' title='bbox 1122 1092 1201 1176; x_wconf 94' lang='lat' dir='ltr'><strong>quid</strong></span> <span class='ocrx_word' id='word_1_33' title='bbox 1221 1093 1382 1158; x_wconf 87' lang='lat' dir='ltr'><strong>voluntas</strong></span> 
     </span>
     <span class='ocr_line' id='line_1_5' title="bbox 263 1189 1382 1277; baseline -0.004 -21"><span class='ocrx_word' id='word_1_34' title='bbox 263 1203 298 1256; x_wconf 91' lang='lat' dir='ltr'><strong>et</strong></span> <span class='ocrx_word' id='word_1_35' title='bbox 332 1191 413 1277; x_wconf 92' lang='lat' dir='ltr'><strong>quid</strong></span> <span class='ocrx_word' id='word_1_36' title='bbox 440 1210 547 1268; x_wconf 90' lang='lat' dir='ltr'><strong>amor,</strong></span> <span class='ocrx_word' id='word_1_37' title='bbox 572 1191 732 1274; x_wconf 90' lang='lat' dir='ltr'><strong>quoniam</strong></span> <span class='ocrx_word' id='word_1_38' title='bbox 757 1189 863 1254; x_wconf 90' lang='lat' dir='ltr'><strong>homo</strong></span> <span class='ocrx_word' id='word_1_39' title='bbox 894 1210 961 1253; x_wconf 92' lang='lat' dir='ltr'><strong>non</strong></span> <span class='ocrx_word' id='word_1_40' title='bbox 991 1199 1108 1271; x_wconf 91' lang='lat' dir='ltr'><strong>potest</strong></span> <span class='ocrx_word' id='word_1_41' title='bbox 1139 1209 1254 1252; x_wconf 89' lang='lat' dir='ltr'><strong>amare</strong></span> <span class='ocrx_word' id='word_1_42' title='bbox 1277 1199 1312 1252; x_wconf 90' lang='lat' dir='ltr'><strong>et</strong></span> <span class='ocrx_word' id='word_1_43' title='bbox 1337 1210 1382 1252; x_wconf 87' lang='lat' dir='ltr'><strong>ex</strong></span> 
     </span>
     <span class='ocr_line' id='line_1_6' title="bbox 262 1282 1383 1368; baseline -0.002 -19"><span class='ocrx_word' id='word_1_44' title='bbox 262 1306 379 1350; x_wconf 88' lang='lat' dir='ltr'><strong>amore</strong></span> <span class='ocrx_word' id='word_1_45' title='bbox 402 1285 493 1349; x_wconf 90' lang='lat' dir='ltr'><strong>velle</strong></span> <span class='ocrx_word' id='word_1_46' title='bbox 519 1306 565 1348; x_wconf 87' lang='lat' dir='ltr'><strong>ex</strong></span> <span class='ocrx_word' id='word_1_47' title='bbox 595 1305 643 1361; x_wconf 89' lang='lat' dir='ltr'><strong>se,</strong></span> <span class='ocrx_word' id='word_1_48' title='bbox 668 1283 956 1368; x_wconf 85' lang='lat' dir='ltr'><strong>quemadmodum</strong></span> <span class='ocrx_word' id='word_1_49' title='bbox 981 1293 1099 1366; x_wconf 90' lang='lat' dir='ltr'><strong>potest</strong></span> <span class='ocrx_word' id='word_1_50' title='bbox 1127 1282 1320 1365; x_wconf 86' lang='lat' dir='ltr'><strong>intelligere</strong></span> <span class='ocrx_word' id='word_1_51' title='bbox 1347 1292 1383 1347; x_wconf 90' lang='lat' dir='ltr'><strong>et</strong></span> 
     </span>
     <span class='ocr_line' id='line_1_7' title="bbox 262 1379 1382 1463; baseline -0.003 -19"><span class='ocrx_word' id='word_1_52' title='bbox 262 1383 414 1463; x_wconf 85' lang='lat' dir='ltr'><strong>cogitare</strong></span> <span class='ocrx_word' id='word_1_53' title='bbox 433 1381 521 1443; x_wconf 92' lang='lat' dir='ltr'><strong>sicut</strong></span> <span class='ocrx_word' id='word_1_54' title='bbox 541 1400 586 1444; x_wconf 91' lang='lat' dir='ltr'><strong>ex</strong></span> <span class='ocrx_word' id='word_1_55' title='bbox 605 1399 663 1458; x_wconf 91' lang='lat' dir='ltr'><strong>se;</strong></span> <span class='ocrx_word' id='word_1_56' title='bbox 687 1380 845 1443; x_wconf 90' lang='lat' dir='ltr'><strong>similiter</strong></span> <span class='ocrx_word' id='word_1_57' title='bbox 865 1379 953 1442; x_wconf 89' lang='lat' dir='ltr'><strong>sicut</strong></span> <span class='ocrx_word' id='word_1_58' title='bbox 973 1399 1043 1442; x_wconf 94' lang='lat' dir='ltr'><strong>non</strong></span> <span class='ocrx_word' id='word_1_59' title='bbox 1063 1387 1181 1460; x_wconf 91' lang='lat' dir='ltr'><strong>potest</strong></span> <span class='ocrx_word' id='word_1_60' title='bbox 1201 1398 1303 1460; x_wconf 86' lang='lat' dir='ltr'><strong>agere</strong></span> <span class='ocrx_word' id='word_1_61' title='bbox 1323 1397 1382 1442; x_wconf 90' lang='lat' dir='ltr'><strong>cor</strong></span> 
     </span>
     <span class='ocr_line' id='line_1_8' title="bbox 262 1472 1381 1557; baseline -0.002 -19"><span class='ocrx_word' id='word_1_62' title='bbox 262 1478 305 1538; x_wconf 92' lang='lat' dir='ltr'><strong>ad</strong></span> <span class='ocrx_word' id='word_1_63' title='bbox 322 1475 579 1538; x_wconf 88' lang='lat' dir='ltr'><strong>semovendum</strong></span> <span class='ocrx_word' id='word_1_64' title='bbox 595 1495 615 1537; x_wconf 90' lang='lat' dir='ltr'><strong>a</strong></span> <span class='ocrx_word' id='word_1_65' title='bbox 631 1495 679 1550; x_wconf 86' lang='lat' dir='ltr'><strong>se,</strong></span> <span class='ocrx_word' id='word_1_66' title='bbox 691 1474 981 1557; x_wconf 87' lang='lat' dir='ltr'><strong>quemadmodum</strong></span> <span class='ocrx_word' id='word_1_67' title='bbox 995 1483 1114 1554; x_wconf 90' lang='lat' dir='ltr'><strong>potest</strong></span> <span class='ocrx_word' id='word_1_68' title='bbox 1130 1493 1231 1554; x_wconf 88' lang='lat' dir='ltr'><strong>agere</strong></span> <span class='ocrx_word' id='word_1_69' title='bbox 1247 1472 1381 1555; x_wconf 92' lang='lat' dir='ltr'><strong>pulmo·</strong></span> 
     </span>
     <span class='ocr_line' id='line_1_9' title="bbox 262 1559 1382 1653; baseline -0.002 -20"><span class='ocrx_word' id='word_1_70' title='bbox 262 1590 341 1633; x_wconf 89' lang='lat' dir='ltr'><strong>nem</strong></span> <span class='ocrx_word' id='word_1_71' title='bbox 356 1569 400 1632; x_wconf 89' lang='lat' dir='ltr'><strong>ad</strong></span> <span class='ocrx_word' id='word_1_72' title='bbox 417 1569 651 1652; x_wconf 87' lang='lat' dir='ltr'><strong>respirandum</strong></span> <span class='ocrx_word' id='word_1_73' title='bbox 666 1589 687 1632; x_wconf 89' lang='lat' dir='ltr'><strong>a</strong></span> <span class='ocrx_word' id='word_1_74' title='bbox 703 1590 749 1632; x_wconf 88' lang='lat' dir='ltr'><strong>se.</strong></span> <span class='ocrx_word' id='word_1_75' title='bbox 796 1569 894 1632; x_wconf 92' lang='lat' dir='ltr'><strong>Nunc</strong></span> <span class='ocrx_word' id='word_1_76' title='bbox 912 1570 989 1653; x_wconf 90' lang='lat' dir='ltr'><strong>quia</strong></span> <span class='ocrx_word' id='word_1_77' title='bbox 1005 1569 1039 1631; x_wconf 92' lang='lat' dir='ltr'><strong>in</strong></span> <span class='ocrx_word' id='word_1_78' title='bbox 1055 1559 1183 1631; x_wconf 89' lang='lat' dir='ltr'><strong>mundo</strong></span> <span class='ocrx_word' id='word_1_79' title='bbox 1193 1569 1251 1630; x_wconf 90' lang='lat' dir='ltr'><strong>vix</strong></span> <span class='ocrx_word' id='word_1_80' title='bbox 1269 1569 1382 1631; x_wconf 89' lang='lat' dir='ltr'><strong>nosci-</strong></span> 
     </span>
     <span class='ocr_line' id='line_1_10' title="bbox 261 1663 1382 1748; baseline -0.001 -20"><span class='ocrx_word' id='word_1_81' title='bbox 261 1675 316 1728; x_wconf 87' lang='lat' dir='ltr'><strong>tur</strong></span> <span class='ocrx_word' id='word_1_82' title='bbox 335 1665 414 1748; x_wconf 93' lang='lat' dir='ltr'><strong>quid</strong></span> <span class='ocrx_word' id='word_1_83' title='bbox 434 1664 595 1728; x_wconf 89' lang='lat' dir='ltr'><strong>voluntas</strong></span> <span class='ocrx_word' id='word_1_84' title='bbox 614 1673 650 1728; x_wconf 88' lang='lat' dir='ltr'><strong>et</strong></span> <span class='ocrx_word' id='word_1_85' title='bbox 674 1684 780 1740; x_wconf 90' lang='lat' dir='ltr'><strong>amor,</strong></span> <span class='ocrx_word' id='word_1_86' title='bbox 800 1673 835 1728; x_wconf 91' lang='lat' dir='ltr'><strong>et</strong></span> <span class='ocrx_word' id='word_1_87' title='bbox 855 1673 973 1727; x_wconf 90' lang='lat' dir='ltr'><strong>tamen</strong></span> <span class='ocrx_word' id='word_1_88' title='bbox 998 1663 1151 1726; x_wconf 89' lang='lat' dir='ltr'><strong>noscitur</strong></span> <span class='ocrx_word' id='word_1_89' title='bbox 1170 1664 1249 1745; x_wconf 90' lang='lat' dir='ltr'><strong>quid</strong></span> <span class='ocrx_word' id='word_1_90' title='bbox 1270 1682 1328 1726; x_wconf 94' lang='lat' dir='ltr'><strong>cor</strong></span> <span class='ocrx_word' id='word_1_91' title='bbox 1347 1672 1382 1727; x_wconf 90' lang='lat' dir='ltr'><strong>et</strong></span> 
     </span>
     <span class='ocr_line' id='line_1_11' title="bbox 261 1758 1381 1843; baseline 0.001 -21"><span class='ocrx_word' id='word_1_92' title='bbox 261 1760 390 1842; x_wconf 91' lang='lat' dir='ltr'><strong>pulmo,</strong></span> <span class='ocrx_word' id='word_1_93' title='bbox 412 1758 512 1843; x_wconf 89' lang='lat' dir='ltr'><strong>(haec</strong></span> <span class='ocrx_word' id='word_1_94' title='bbox 532 1759 600 1822; x_wconf 91' lang='lat' dir='ltr'><strong>duo</strong></span> <span class='ocrx_word' id='word_1_95' title='bbox 623 1760 713 1823; x_wconf 89' lang='lat' dir='ltr'><strong>enim</strong></span> <span class='ocrx_word' id='word_1_96' title='bbox 738 1769 882 1823; x_wconf 90' lang='lat' dir='ltr'><strong>exstant</strong></span> <span class='ocrx_word' id='word_1_97' title='bbox 907 1779 1023 1823; x_wconf 89' lang='lat' dir='ltr'><strong>coram</strong></span> <span class='ocrx_word' id='word_1_98' title='bbox 1046 1758 1165 1833; x_wconf 90' lang='lat' dir='ltr'><strong>oculis,</strong></span> <span class='ocrx_word' id='word_1_99' title='bbox 1185 1769 1221 1821; x_wconf 89' lang='lat' dir='ltr'><strong>et</strong></span> <span class='ocrx_word' id='word_1_100' title='bbox 1245 1759 1381 1823; x_wconf 90' lang='lat' dir='ltr'><strong>lustrari</strong></span> 
     </span>
     <span class='ocr_line' id='line_1_12' title="bbox 261 1854 1382 1937; baseline 0 -20"><span class='ocrx_word' id='word_1_101' title='bbox 261 1864 419 1937; x_wconf 85' lang='lat' dir='ltr'><strong>possunt,</strong></span> <span class='ocrx_word' id='word_1_102' title='bbox 449 1865 485 1918; x_wconf 89' lang='lat' dir='ltr'><strong>et</strong></span> <span class='ocrx_word' id='word_1_103' title='bbox 510 1874 643 1937; x_wconf 91' lang='lat' dir='ltr'><strong>quoque</strong></span> <span class='ocrx_word' id='word_1_104' title='bbox 671 1854 715 1917; x_wconf 92' lang='lat' dir='ltr'><strong>ab</strong></span> <span class='ocrx_word' id='word_1_105' title='bbox 740 1855 943 1918; x_wconf 87' lang='lat' dir='ltr'><strong>anatomicis</strong></span> <span class='ocrx_word' id='word_1_106' title='bbox 967 1854 1115 1918; x_wconf 88' lang='lat' dir='ltr'><strong>lustrata</strong></span> <span class='ocrx_word' id='word_1_107' title='bbox 1145 1864 1180 1917; x_wconf 90' lang='lat' dir='ltr'><strong>et</strong></span> <span class='ocrx_word' id='word_1_108' title='bbox 1208 1854 1382 1936; x_wconf 88' lang='lat' dir='ltr'><strong>descripta</strong></span> 
     </span>
     <span class='ocr_line' id='line_1_13' title="bbox 261 1946 1380 2028; baseline 0.002 -16"><span class='ocrx_word' id='word_1_109' title='bbox 261 1957 350 2024; x_wconf 89' lang='lat' dir='ltr'><strong>sunt,</strong></span> <span class='ocrx_word' id='word_1_110' title='bbox 367 1958 404 2013; x_wconf 89' lang='lat' dir='ltr'><strong>at</strong></span> <span class='ocrx_word' id='word_1_111' title='bbox 423 1949 585 2012; x_wconf 89' lang='lat' dir='ltr'><strong>voluntas</strong></span> <span class='ocrx_word' id='word_1_112' title='bbox 604 1959 639 2012; x_wconf 93' lang='lat' dir='ltr'><strong>et</strong></span> <span class='ocrx_word' id='word_1_113' title='bbox 661 1946 858 2012; x_wconf 74' lang='lat' dir='ltr'><strong>intellettus</strong></span> <span class='ocrx_word' id='word_1_114' title='bbox 878 1969 946 2012; x_wconf 91' lang='lat' dir='ltr'><strong>non</strong></span> <span class='ocrx_word' id='word_1_115' title='bbox 966 1959 1110 2014; x_wconf 82' lang='lat' dir='ltr'><strong>exstant</strong></span> <span class='ocrx_word' id='word_1_116' title='bbox 1129 1970 1243 2013; x_wconf 92' lang='lat' dir='ltr'><strong>coram</strong></span> <span class='ocrx_word' id='word_1_117' title='bbox 1261 1951 1380 2028; x_wconf 88' lang='lat' dir='ltr'><strong>oculis,</strong></span> 
     </span>
     <span class='ocr_line' id='line_1_14' title="bbox 261 2042 1379 2129; baseline 0.003 -22"><span class='ocrx_word' id='word_1_118' title='bbox 261 2054 296 2107; x_wconf 89' lang='lat' dir='ltr'><strong>et</strong></span> <span class='ocrx_word' id='word_1_119' title='bbox 314 2043 450 2107; x_wconf 90' lang='lat' dir='ltr'><strong>lustrari</strong></span> <span class='ocrx_word' id='word_1_120' title='bbox 469 2042 567 2126; x_wconf 90' lang='lat' dir='ltr'><strong>[non]</strong></span> <span class='ocrx_word' id='word_1_121' title='bbox 582 2044 756 2128; x_wconf 87' lang='lat' dir='ltr'><strong>possunt,)</strong></span> <span class='ocrx_word' id='word_1_122' title='bbox 771 2045 849 2108; x_wconf 90' lang='lat' dir='ltr'><strong>ideo</strong></span> <span class='ocrx_word' id='word_1_123' title='bbox 863 2063 939 2107; x_wconf 91' lang='lat' dir='ltr'><strong>cum</strong></span> <span class='ocrx_word' id='word_1_124' title='bbox 956 2045 1060 2108; x_wconf 91' lang='lat' dir='ltr'><strong>scitur</strong></span> <span class='ocrx_word' id='word_1_125' title='bbox 1073 2046 1164 2127; x_wconf 93' lang='lat' dir='ltr'><strong>quod</strong></span> <span class='ocrx_word' id='word_1_126' title='bbox 1178 2065 1379 2129; x_wconf 89' lang='lat' dir='ltr'><strong>correspon-</strong></span> 
     </span>
     <span class='ocr_line' id='line_1_15' title="bbox 261 2140 1380 2224; baseline 0.004 -22"><span class='ocrx_word' id='word_1_127' title='bbox 261 2140 379 2215; x_wconf 87' lang='lat' dir='ltr'><strong>deaut,</strong></span> <span class='ocrx_word' id='word_1_128' title='bbox 393 2151 428 2203; x_wconf 91' lang='lat' dir='ltr'><strong>et</strong></span> <span class='ocrx_word' id='word_1_129' title='bbox 441 2160 501 2222; x_wconf 90' lang='lat' dir='ltr'><strong>per</strong></span> <span class='ocrx_word' id='word_1_130' title='bbox 516 2141 856 2222; x_wconf 88' lang='lat' dir='ltr'><strong>correspondentiam</strong></span> <span class='ocrx_word' id='word_1_131' title='bbox 871 2160 973 2202; x_wconf 91' lang='lat' dir='ltr'><strong>unum</strong></span> <span class='ocrx_word' id='word_1_132' title='bbox 990 2151 1107 2223; x_wconf 83' lang='lat' dir='ltr'><strong>agant,</strong></span> <span class='ocrx_word' id='word_1_133' title='bbox 1122 2154 1267 2224; x_wconf 91' lang='lat' dir='ltr'><strong>possunt</strong></span> <span class='ocrx_word' id='word_1_134' title='bbox 1284 2143 1380 2224; x_wconf 92' lang='lat' dir='ltr'><strong>plura</strong></span> 
     </span>
     <span class='ocr_line' id='line_1_16' title="bbox 261 2234 1380 2323; baseline 0.004 -25"><span class='ocrx_word' id='word_1_135' title='bbox 261 2255 387 2299; x_wconf 87' lang='lat' dir='ltr'><strong>arcana</strong></span> <span class='ocrx_word' id='word_1_136' title='bbox 403 2235 446 2298; x_wconf 91' lang='lat' dir='ltr'><strong>de</strong></span> <span class='ocrx_word' id='word_1_137' title='bbox 465 2235 647 2299; x_wconf 85' lang='lat' dir='ltr'><strong>voluntate</strong></span> <span class='ocrx_word' id='word_1_138' title='bbox 663 2245 698 2299; x_wconf 89' lang='lat' dir='ltr'><strong>et</strong></span> <span class='ocrx_word' id='word_1_139' title='bbox 715 2234 895 2299; x_wconf 70' lang='lat' dir='ltr'><strong>intelledtu</strong></span> <span class='ocrx_word' id='word_1_140' title='bbox 913 2237 1040 2317; x_wconf 88' lang='lat' dir='ltr'><strong>detegi,</strong></span> <span class='ocrx_word' id='word_1_141' title='bbox 1058 2257 1146 2318; x_wconf 90' lang='lat' dir='ltr'><strong>quae</strong></span> <span class='ocrx_word' id='word_1_142' title='bbox 1161 2238 1246 2300; x_wconf 87' lang='lat' dir='ltr'><strong>alias</strong></span> <span class='ocrx_word' id='word_1_143' title='bbox 1263 2239 1380 2323; x_wconf 81' lang='lat' dir='ltr'><strong>detegi</strong></span> 
     </span>
     <span class='ocr_line' id='line_1_17' title="bbox 261 2327 1379 2413; baseline 0.003 -19"><span class='ocrx_word' id='word_1_144' title='bbox 261 2349 331 2394; x_wconf 88' lang='lat' dir='ltr'><strong>non</strong></span> <span class='ocrx_word' id='word_1_145' title='bbox 345 2340 489 2413; x_wconf 89' lang='lat' dir='ltr'><strong>possunt</strong></span> <span class='ocrx_word' id='word_1_146' title='bbox 504 2351 512 2408; x_wconf 88' lang='lat'>;</span> <span class='ocrx_word' id='word_1_147' title='bbox 532 2341 570 2394; x_wconf 94' lang='lat' dir='ltr'><strong>ut</strong></span> <span class='ocrx_word' id='word_1_148' title='bbox 586 2330 629 2394; x_wconf 89' lang='lat' dir='ltr'><strong>de</strong></span> <span class='ocrx_word' id='word_1_149' title='bbox 642 2327 882 2410; x_wconf 73' lang='lat' dir='ltr'><strong>conjundtione</strong></span> <span class='ocrx_word' id='word_1_150' title='bbox 895 2331 1086 2394; x_wconf 87' lang='lat' dir='ltr'><strong>voluntatis</strong></span> <span class='ocrx_word' id='word_1_151' title='bbox 1099 2350 1176 2394; x_wconf 90' lang='lat' dir='ltr'><strong>cum</strong></span> <span class='ocrx_word' id='word_1_152' title='bbox 1189 2332 1379 2410; x_wconf 72' lang='lat' dir='ltr'><strong>intellettu,</strong></span> 
     </span>
     <span class='ocr_line' id='line_1_18' title="bbox 260 2422 1379 2509; baseline 0.003 -20"><span class='ocrx_word' id='word_1_153' title='bbox 260 2436 298 2489; x_wconf 90' lang='lat' dir='ltr'><strong>et</strong></span> <span class='ocrx_word' id='word_1_154' title='bbox 313 2426 357 2490; x_wconf 89' lang='lat' dir='ltr'><strong>de</strong></span> <span class='ocrx_word' id='word_1_155' title='bbox 373 2426 547 2507; x_wconf 87' lang='lat' dir='ltr'><strong>reciproca</strong></span> <span class='ocrx_word' id='word_1_156' title='bbox 563 2422 760 2489; x_wconf 72' lang='lat' dir='ltr'><strong>intellettus</strong></span> <span class='ocrx_word' id='word_1_157' title='bbox 773 2445 849 2489; x_wconf 90' lang='lat' dir='ltr'><strong>cum</strong></span> <span class='ocrx_word' id='word_1_158' title='bbox 863 2425 1043 2490; x_wconf 90' lang='lat' dir='ltr'><strong>voluntate</strong></span> <span class='ocrx_word' id='word_1_159' title='bbox 1058 2447 1066 2505; x_wconf 91' lang='lat'>;</span> <span class='ocrx_word' id='word_1_160' title='bbox 1090 2448 1149 2490; x_wconf 93' lang='lat' dir='ltr'><strong>seu</strong></span> <span class='ocrx_word' id='word_1_161' title='bbox 1162 2428 1204 2490; x_wconf 95' lang='lat' dir='ltr'><strong>de</strong></span> <span class='ocrx_word' id='word_1_162' title='bbox 1218 2428 1379 2509; x_wconf 85' lang='lat' dir='ltr'><strong>conjunc·</strong></span> 
     </span>
     <span class='ocr_line' id='line_1_19' title="bbox 261 2521 1379 2604; baseline 0.003 -20"><span class='ocrx_word' id='word_1_163' title='bbox 261 2521 357 2584; x_wconf 91' lang='lat' dir='ltr'><strong>tione</strong></span> <span class='ocrx_word' id='word_1_164' title='bbox 373 2522 498 2584; x_wconf 92' lang='lat' dir='ltr'><strong>amoris</strong></span> <span class='ocrx_word' id='word_1_165' title='bbox 515 2541 591 2584; x_wconf 91' lang='lat' dir='ltr'><strong>cum</strong></span> <span class='ocrx_word' id='word_1_166' title='bbox 607 2521 788 2601; x_wconf 85' lang='lat' dir='ltr'><strong>sapientia,</strong></span> <span class='ocrx_word' id='word_1_167' title='bbox 799 2529 834 2583; x_wconf 89' lang='lat' dir='ltr'><strong>et</strong></span> <span class='ocrx_word' id='word_1_168' title='bbox 849 2522 891 2582; x_wconf 92' lang='lat' dir='ltr'><strong>de</strong></span> <span class='ocrx_word' id='word_1_169' title='bbox 908 2523 1082 2604; x_wconf 89' lang='lat' dir='ltr'><strong>reciproca</strong></span> <span class='ocrx_word' id='word_1_170' title='bbox 1097 2523 1286 2604; x_wconf 87' lang='lat' dir='ltr'><strong>sapientiae</strong></span> <span class='ocrx_word' id='word_1_171' title='bbox 1303 2543 1379 2587; x_wconf 86' lang='lat' dir='ltr'><strong>curn</strong></span> 
     </span>
     <span class='ocr_line' id='line_1_20' title="bbox 260 2614 1380 2693; baseline 0.004 -15"><span class='ocrx_word' id='word_1_172' title='bbox 260 2635 397 2693; x_wconf 88' lang='lat' dir='ltr'><strong>amore;</strong></span> <span class='ocrx_word' id='word_1_173' title='bbox 431 2625 506 2679; x_wconf 90' lang='lat' dir='ltr'><strong>tum</strong></span> <span class='ocrx_word' id='word_1_174' title='bbox 532 2615 576 2678; x_wconf 93' lang='lat' dir='ltr'><strong>de</strong></span> <span class='ocrx_word' id='word_1_175' title='bbox 602 2614 814 2679; x_wconf 85' lang='lat' dir='ltr'><strong>derivatione</strong></span> <span class='ocrx_word' id='word_1_176' title='bbox 838 2616 963 2678; x_wconf 88' lang='lat' dir='ltr'><strong>amoris</strong></span> <span class='ocrx_word' id='word_1_177' title='bbox 989 2614 1253 2691; x_wconf 63' lang='lat' dir='ltr'><strong>inaffedtiones</strong></span> <span class='ocrx_word' id='word_1_178' title='bbox 1277 2619 1380 2684; x_wconf 90' lang='lat' dir='ltr'><strong>etde</strong></span> 
     </span>
     <span class='ocr_line' id='line_1_21' title="bbox 260 2707 1379 2796; baseline 0.003 -22"><span class='ocrx_word' id='word_1_179' title='bbox 260 2707 478 2774; x_wconf 72' lang='lat' dir='ltr'><strong>aflettionum</strong></span> <span class='ocrx_word' id='word_1_180' title='bbox 498 2710 820 2784; x_wconf 87' lang='lat' dir='ltr'><strong>consociationibus,</strong></span> <span class='ocrx_word' id='word_1_181' title='bbox 838 2710 935 2773; x_wconf 90' lang='lat' dir='ltr'><strong>etde</strong></span> <span class='ocrx_word' id='word_1_182' title='bbox 953 2709 1086 2774; x_wconf 90' lang='lat' dir='ltr'><strong>illarum</strong></span> <span class='ocrx_word' id='word_1_183' title='bbox 1103 2711 1230 2775; x_wconf 86' lang='lat' dir='ltr'><strong>influxu</strong></span> <span class='ocrx_word' id='word_1_184' title='bbox 1249 2713 1282 2774; x_wconf 91' lang='lat' dir='ltr'><strong>in</strong></span> <span class='ocrx_word' id='word_1_185' title='bbox 1303 2734 1379 2796; x_wconf 91' lang='lat' dir='ltr'><strong>per·</strong></span> 
     </span>
     <span class='ocr_line' id='line_1_22' title="bbox 261 2806 1379 2890; baseline 0.004 -22"><span class='ocrx_word' id='word_1_186' title='bbox 261 2807 440 2888; x_wconf 88' lang='lat' dir='ltr'><strong>ceptiones</strong></span> <span class='ocrx_word' id='word_1_187' title='bbox 463 2814 499 2869; x_wconf 92' lang='lat' dir='ltr'><strong>et</strong></span> <span class='ocrx_word' id='word_1_188' title='bbox 527 2806 771 2887; x_wconf 84' lang='lat' dir='ltr'><strong>cogitationes,</strong></span> <span class='ocrx_word' id='word_1_189' title='bbox 797 2806 939 2868; x_wconf 90' lang='lat' dir='ltr'><strong>tandem</strong></span> <span class='ocrx_word' id='word_1_190' title='bbox 966 2807 1153 2870; x_wconf 88' lang='lat' dir='ltr'><strong>secundum</strong></span> <span class='ocrx_word' id='word_1_191' title='bbox 1177 2827 1379 2890; x_wconf 90' lang='lat' dir='ltr'><strong>correspon-</strong></span> 
     </span>
     <span class='ocr_line' id='line_1_23' title="bbox 260 2897 1380 2985; baseline 0.003 -22"><span class='ocrx_word' id='word_1_192' title='bbox 260 2901 415 2964; x_wconf 90' lang='lat' dir='ltr'><strong>dentiam</strong></span> <span class='ocrx_word' id='word_1_193' title='bbox 445 2901 479 2963; x_wconf 91' lang='lat' dir='ltr'><strong>in</strong></span> <span class='ocrx_word' id='word_1_194' title='bbox 506 2897 602 2964; x_wconf 69' lang='lat' dir='ltr'><strong>attus</strong></span> <span class='ocrx_word' id='word_1_195' title='bbox 629 2909 665 2963; x_wconf 92' lang='lat' dir='ltr'><strong>et</strong></span> <span class='ocrx_word' id='word_1_196' title='bbox 692 2900 725 2964; x_wconf 90' lang='lat' dir='ltr'><strong>in</strong></span> <span class='ocrx_word' id='word_1_197' title='bbox 749 2921 870 2963; x_wconf 86' lang='lat' dir='ltr'><strong>sensus</strong></span> <span class='ocrx_word' id='word_1_198' title='bbox 897 2903 1058 2983; x_wconf 90' lang='lat' dir='ltr'><strong>corporis.</strong></span> <span class='ocrx_word' id='word_1_199' title='bbox 1105 2901 1202 2966; x_wconf 90' lang='lat' dir='ltr'><strong>Haec</strong></span> <span class='ocrx_word' id='word_1_200' title='bbox 1224 2912 1260 2965; x_wconf 92' lang='lat' dir='ltr'><strong>et</strong></span> <span class='ocrx_word' id='word_1_201' title='bbox 1285 2904 1380 2985; x_wconf 92' lang='lat' dir='ltr'><strong>plura</strong></span> 
     </span>
     <span class='ocr_line' id='line_1_24' title="bbox 260 2995 1379 3078; baseline 0.002 -17"><span class='ocrx_word' id='word_1_202' title='bbox 260 3017 387 3061; x_wconf 89' lang='lat' dir='ltr'><strong>arcana</strong></span> <span class='ocrx_word' id='word_1_203' title='bbox 405 3005 441 3060; x_wconf 92' lang='lat' dir='ltr'><strong>et</strong></span> <span class='ocrx_word' id='word_1_204' title='bbox 460 2996 579 3076; x_wconf 86' lang='lat' dir='ltr'><strong>detegi</strong></span> <span class='ocrx_word' id='word_1_205' title='bbox 602 3004 638 3059; x_wconf 91' lang='lat' dir='ltr'><strong>et</strong></span> <span class='ocrx_word' id='word_1_206' title='bbox 662 2995 891 3059; x_wconf 87' lang='lat' dir='ltr'><strong>demonstrari</strong></span> <span class='ocrx_word' id='word_1_207' title='bbox 913 3008 1057 3076; x_wconf 89' lang='lat' dir='ltr'><strong>possunt</strong></span> <span class='ocrx_word' id='word_1_208' title='bbox 1076 3018 1121 3060; x_wconf 87' lang='lat' dir='ltr'><strong>ex</strong></span> <span class='ocrx_word' id='word_1_209' title='bbox 1141 2996 1379 3078; x_wconf 73' lang='lat' dir='ltr'><strong>conjunttione</strong></span> 
     </span>
     <span class='ocr_line' id='line_1_25' title="bbox 260 3089 1379 3174; baseline 0.003 -20"><span class='ocrx_word' id='word_1_210' title='bbox 260 3092 374 3154; x_wconf 90' lang='lat' dir='ltr'><strong>cordis</strong></span> <span class='ocrx_word' id='word_1_211' title='bbox 392 3100 429 3155; x_wconf 91' lang='lat' dir='ltr'><strong>et</strong></span> <span class='ocrx_word' id='word_1_212' title='bbox 444 3090 626 3172; x_wconf 90' lang='lat' dir='ltr'><strong>pulmonis,</strong></span> <span class='ocrx_word' id='word_1_213' title='bbox 647 3101 682 3153; x_wconf 92' lang='lat' dir='ltr'><strong>et</strong></span> <span class='ocrx_word' id='word_1_214' title='bbox 697 3110 742 3153; x_wconf 87' lang='lat' dir='ltr'><strong>ex</strong></span> <span class='ocrx_word' id='word_1_215' title='bbox 762 3089 890 3153; x_wconf 84' lang='lat' dir='ltr'><strong>influxu</strong></span> <span class='ocrx_word' id='word_1_216' title='bbox 909 3093 1083 3172; x_wconf 84' lang='lat' dir='ltr'><strong>sanguinis</strong></span> <span class='ocrx_word' id='word_1_217' title='bbox 1100 3112 1118 3155; x_wconf 90' lang='lat' dir='ltr'><strong>e</strong></span> <span class='ocrx_word' id='word_1_218' title='bbox 1135 3093 1237 3156; x_wconf 88' lang='lat' dir='ltr'><strong>corde</strong></span> <span class='ocrx_word' id='word_1_219' title='bbox 1253 3094 1286 3155; x_wconf 90' lang='lat' dir='ltr'><strong>in</strong></span> <span class='ocrx_word' id='word_1_220' title='bbox 1304 3094 1379 3174; x_wconf 89' lang='lat' dir='ltr'><strong>pul·</strong></span> 
     </span>
     <span class='ocr_line' id='line_1_26' title="bbox 260 3185 1379 3269; baseline 0.004 -20"><span class='ocrx_word' id='word_1_221' title='bbox 260 3205 410 3260; x_wconf 88' lang='lat' dir='ltr'><strong>monem,</strong></span> <span class='ocrx_word' id='word_1_222' title='bbox 428 3196 465 3249; x_wconf 89' lang='lat' dir='ltr'><strong>et</strong></span> <span class='ocrx_word' id='word_1_223' title='bbox 481 3187 655 3265; x_wconf 88' lang='lat' dir='ltr'><strong>reciproca</strong></span> <span class='ocrx_word' id='word_1_224' title='bbox 671 3205 689 3248; x_wconf 90' lang='lat' dir='ltr'><strong>e</strong></span> <span class='ocrx_word' id='word_1_225' title='bbox 706 3185 867 3267; x_wconf 89' lang='lat' dir='ltr'><strong>pulmone</strong></span> <span class='ocrx_word' id='word_1_226' title='bbox 884 3187 917 3248; x_wconf 90' lang='lat' dir='ltr'><strong>in</strong></span> <span class='ocrx_word' id='word_1_227' title='bbox 935 3207 1003 3260; x_wconf 91' lang='lat' dir='ltr'><strong>cor,</strong></span> <span class='ocrx_word' id='word_1_228' title='bbox 1018 3197 1053 3250; x_wconf 91' lang='lat' dir='ltr'><strong>et</strong></span> <span class='ocrx_word' id='word_1_229' title='bbox 1070 3187 1149 3250; x_wconf 91' lang='lat' dir='ltr'><strong>inde</strong></span> <span class='ocrx_word' id='word_1_230' title='bbox 1165 3207 1224 3269; x_wconf 89' lang='lat' dir='ltr'><strong>per</strong></span> <span class='ocrx_word' id='word_1_231' title='bbox 1236 3190 1379 3252; x_wconf 86' lang='lat' dir='ltr'><strong>arterias</strong></span> 
     </span>
     <span class='ocr_line' id='line_1_27' title="bbox 259 3281 1143 3361; baseline -0.002 -17"><span class='ocrx_word' id='word_1_232' title='bbox 259 3282 294 3344; x_wconf 87' lang='lat' dir='ltr'><strong>in</strong></span> <span class='ocrx_word' id='word_1_233' title='bbox 311 3283 426 3344; x_wconf 87' lang='lat' dir='ltr'><strong>omnia</strong></span> <span class='ocrx_word' id='word_1_234' title='bbox 446 3281 597 3361; x_wconf 90' lang='lat' dir='ltr'><strong>corporis</strong></span> <span class='ocrx_word' id='word_1_235' title='bbox 618 3281 781 3353; x_wconf 89' lang='lat' dir='ltr'><strong>membra,</strong></span> <span class='ocrx_word' id='word_1_236' title='bbox 803 3299 934 3361; x_wconf 86' lang='lat' dir='ltr'><strong>organa</strong></span> <span class='ocrx_word' id='word_1_237' title='bbox 949 3291 985 3343; x_wconf 89' lang='lat' dir='ltr'><strong>et</strong></span> <span class='ocrx_word' id='word_1_238' title='bbox 1005 3282 1143 3344; x_wconf 87' lang='lat' dir='ltr'><strong>viscera.</strong></span> 
     </span>
    </p>

    <p class='ocr_par' dir='ltr' id='par_1_3' title="bbox 260 3372 1384 4788">
     <span class='ocr_line' id='line_1_28' title="bbox 323 3372 1384 3459; baseline 0.001 -19"><span class='ocrx_word' id='word_1_239' title='bbox 323 3375 428 3457; x_wconf 76' lang='lat'><strong>386.</strong></span> <span class='ocrx_word' id='word_1_240' title='bbox 459 3372 533 3457; x_wconf 88' lang='lat' dir='ltr'><strong>(vi.)</strong></span> <span class='ocrx_word' id='word_1_241' title='bbox 554 3373 651 3451; x_wconf 80' lang='lat' dir='ltr'><strong>Quod</strong></span> <span class='ocrx_word' id='word_1_242' title='bbox 662 3395 752 3437; x_wconf 83' lang='lat' dir='ltr'><strong>mens</strong></span> <span class='ocrx_word' id='word_1_243' title='bbox 764 3374 907 3437; x_wconf 71' lang='lat' dir='ltr'><strong>bortrinis</strong></span> <span class='ocrx_word' id='word_1_244' title='bbox 921 3373 994 3438; x_wconf 67' lang='lat' dir='ltr'><strong>[¹¹sit</strong></span> <span class='ocrx_word' id='word_1_245' title='bbox 1005 3377 1073 3457; x_wconf 71' lang='lat' dir='ltr'><strong>qirs</strong></span> <span class='ocrx_word' id='word_1_246' title='bbox 1084 3376 1238 3456; x_wconf 75' lang='lat' dir='ltr'><strong>spiritus,</strong></span> <span class='ocrx_word' id='word_1_247' title='bbox 1251 3386 1284 3439; x_wconf 81' lang='lat' dir='ltr'><strong>et</strong></span> <span class='ocrx_word' id='word_1_248' title='bbox 1294 3379 1384 3459; x_wconf 84' lang='lat' dir='ltr'><strong>quod</strong></span> 
     </span>
     <span class='ocr_line' id='line_1_29' title="bbox 260 3469 1379 3553; baseline 0.003 -19"><span class='ocrx_word' id='word_1_249' title='bbox 260 3470 404 3551; x_wconf 81' lang='lat' dir='ltr'><strong>spiritus</strong></span> <span class='ocrx_word' id='word_1_250' title='bbox 417 3470 464 3532; x_wconf 87' lang='lat' dir='ltr'><strong>sit</strong></span> <span class='ocrx_word' id='word_1_251' title='bbox 478 3469 581 3542; x_wconf 77' lang='lat' dir='ltr'><strong>homo,</strong></span> <span class='ocrx_word' id='word_1_252' title='bbox 595 3479 628 3533; x_wconf 83' lang='lat' dir='ltr'><strong>et</strong></span> <span class='ocrx_word' id='word_1_253' title='bbox 641 3470 731 3551; x_wconf 86' lang='lat' dir='ltr'><strong>quod</strong></span> <span class='ocrx_word' id='word_1_254' title='bbox 738 3479 858 3550; x_wconf 83' lang='lat' dir='ltr'><strong>corpus</strong></span> <span class='ocrx_word' id='word_1_255' title='bbox 873 3471 921 3532; x_wconf 88' lang='lat' dir='ltr'><strong>sit</strong></span> <span class='ocrx_word' id='word_1_256' title='bbox 931 3480 1102 3533; x_wconf 82' lang='lat' dir='ltr'><strong>externum</strong></span> <span class='ocrx_word' id='word_1_257' title='bbox 1109 3481 1174 3552; x_wconf 81' lang='lat' dir='ltr'><strong>per</strong></span> <span class='ocrx_word' id='word_1_258' title='bbox 1187 3473 1277 3553; x_wconf 82' lang='lat' dir='ltr'><strong>quod</strong></span> <span class='ocrx_word' id='word_1_259' title='bbox 1289 3493 1379 3537; x_wconf 81' lang='lat' dir='ltr'><strong>mens</strong></span> 
     </span>
     <span class='ocr_line' id='line_1_30' title="bbox 260 3563 1378 3647; baseline 0.004 -20"><span class='ocrx_word' id='word_1_260' title='bbox 260 3585 318 3628; x_wconf 85' lang='lat' dir='ltr'><strong>seu</strong></span> <span class='ocrx_word' id='word_1_261' title='bbox 336 3563 479 3644; x_wconf 85' lang='lat' dir='ltr'><strong>spiritus</strong></span> <span class='ocrx_word' id='word_1_262' title='bbox 498 3563 600 3626; x_wconf 84' lang='lat' dir='ltr'><strong>sentit</strong></span> <span class='ocrx_word' id='word_1_263' title='bbox 616 3573 648 3626; x_wconf 84' lang='lat' dir='ltr'><strong>et</strong></span> <span class='ocrx_word' id='word_1_264' title='bbox 664 3564 742 3646; x_wconf 82' lang='lat' dir='ltr'><strong>agit</strong></span> <span class='ocrx_word' id='word_1_265' title='bbox 758 3565 794 3626; x_wconf 82' lang='lat' dir='ltr'><strong>in</strong></span> <span class='ocrx_word' id='word_1_266' title='bbox 813 3585 871 3627; x_wconf 85' lang='lat' dir='ltr'><strong>suo</strong></span> <span class='ocrx_word' id='word_1_267' title='bbox 893 3563 1170 3647; x_wconf 72' lang='lat' dir='ltr'><strong>mundo-Quod</strong></span> <span class='ocrx_word' id='word_1_268' title='bbox 1195 3585 1292 3630; x_wconf 88' lang='lat' dir='ltr'><strong>mens</strong></span> <span class='ocrx_word' id='word_1_269' title='bbox 1316 3568 1378 3632; x_wconf 91' lang='lat' dir='ltr'><strong>ho·</strong></span> 
     </span>
     <span class='ocr_line' id='line_1_31' title="bbox 261 3657 1380 3746; baseline 0.005 -24"><span class='ocrx_word' id='word_1_270' title='bbox 261 3661 361 3722; x_wconf 89' lang='lat' dir='ltr'><strong>minis</strong></span> <span class='ocrx_word' id='word_1_271' title='bbox 380 3661 424 3722; x_wconf 90' lang='lat' dir='ltr'><strong>sit</strong></span> <span class='ocrx_word' id='word_1_272' title='bbox 443 3657 514 3739; x_wconf 88' lang='lat' dir='ltr'><strong>ejus</strong></span> <span class='ocrx_word' id='word_1_273' title='bbox 531 3659 670 3739; x_wconf 90' lang='lat' dir='ltr'><strong>spiritus</strong></span> <span class='ocrx_word' id='word_1_274' title='bbox 685 3671 720 3722; x_wconf 88' lang='lat' dir='ltr'><strong>et</strong></span> <span class='ocrx_word' id='word_1_275' title='bbox 737 3660 827 3741; x_wconf 89' lang='lat' dir='ltr'><strong>quod</strong></span> <span class='ocrx_word' id='word_1_276' title='bbox 845 3661 982 3740; x_wconf 91' lang='lat' dir='ltr'><strong>spiritus</strong></span> <span class='ocrx_word' id='word_1_277' title='bbox 1002 3663 1045 3723; x_wconf 91' lang='lat' dir='ltr'><strong>sit</strong></span> <span class='ocrx_word' id='word_1_278' title='bbox 1064 3661 1179 3737; x_wconf 93' lang='lat' dir='ltr'><strong>homo,</strong></span> <span class='ocrx_word' id='word_1_279' title='bbox 1197 3662 1263 3725; x_wconf 93' lang='lat' dir='ltr'><strong>hoc</strong></span> <span class='ocrx_word' id='word_1_280' title='bbox 1276 3683 1380 3746; x_wconf 86' lang='lat' dir='ltr'><strong>aegre</strong></span> 
     </span>
     <span class='ocr_line' id='line_1_32' title="bbox 260 3752 1379 3840; baseline 0.005 -24"><span class='ocrx_word' id='word_1_281' title='bbox 260 3763 380 3836; x_wconf 90' lang='lat' dir='ltr'><strong>potest</strong></span> <span class='ocrx_word' id='word_1_282' title='bbox 408 3755 511 3835; x_wconf 88' lang='lat' dir='ltr'><strong>recipi</strong></span> <span class='ocrx_word' id='word_1_283' title='bbox 539 3752 605 3817; x_wconf 88' lang='lat' dir='ltr'><strong>fide</strong></span> <span class='ocrx_word' id='word_1_284' title='bbox 628 3755 672 3816; x_wconf 90' lang='lat' dir='ltr'><strong>ab</strong></span> <span class='ocrx_word' id='word_1_285' title='bbox 695 3754 761 3817; x_wconf 91' lang='lat' dir='ltr'><strong>illis</strong></span> <span class='ocrx_word' id='word_1_286' title='bbox 784 3755 839 3836; x_wconf 93' lang='lat' dir='ltr'><strong>qui</strong></span> <span class='ocrx_word' id='word_1_287' title='bbox 863 3757 1103 3835; x_wconf 86' lang='lat' dir='ltr'><strong>cogitaverunt</strong></span> <span class='ocrx_word' id='word_1_288' title='bbox 1126 3758 1216 3839; x_wconf 91' lang='lat' dir='ltr'><strong>quod</strong></span> <span class='ocrx_word' id='word_1_289' title='bbox 1240 3760 1379 3840; x_wconf 89' lang='lat' dir='ltr'><strong>spiritus</strong></span> 
     </span>
     <span class='ocr_line' id='line_1_33' title="bbox 261 3848 1379 3934; baseline 0.006 -24"><span class='ocrx_word' id='word_1_290' title='bbox 261 3850 305 3911; x_wconf 88' lang='lat' dir='ltr'><strong>sit</strong></span> <span class='ocrx_word' id='word_1_291' title='bbox 325 3859 460 3922; x_wconf 90' lang='lat' dir='ltr'><strong>ventus,</strong></span> <span class='ocrx_word' id='word_1_292' title='bbox 482 3858 517 3910; x_wconf 89' lang='lat' dir='ltr'><strong>et</strong></span> <span class='ocrx_word' id='word_1_293' title='bbox 540 3848 630 3929; x_wconf 93' lang='lat' dir='ltr'><strong>quod</strong></span> <span class='ocrx_word' id='word_1_294' title='bbox 655 3849 768 3910; x_wconf 88' lang='lat' dir='ltr'><strong>anima</strong></span> <span class='ocrx_word' id='word_1_295' title='bbox 792 3850 837 3910; x_wconf 89' lang='lat' dir='ltr'><strong>sit</strong></span> <span class='ocrx_word' id='word_1_296' title='bbox 860 3850 946 3912; x_wconf 87' lang='lat' dir='ltr'><strong>sieut</strong></span> <span class='ocrx_word' id='word_1_297' title='bbox 970 3850 1180 3924; x_wconf 89' lang='lat' dir='ltr'><strong>aethereum,</strong></span> <span class='ocrx_word' id='word_1_298' title='bbox 1201 3853 1301 3934; x_wconf 91' lang='lat' dir='ltr'><strong>quale</strong></span> <span class='ocrx_word' id='word_1_299' title='bbox 1325 3863 1379 3918; x_wconf 90' lang='lat' dir='ltr'><strong>est</strong></span> 
     </span>
     <span class='ocr_line' id='line_1_34' title="bbox 260 3943 1378 4029; baseline 0.004 -23"><span class='ocrx_word' id='word_1_300' title='bbox 260 3943 387 4007; x_wconf 81' lang='lat' dir='ltr'><strong>halitus</strong></span> <span class='ocrx_word' id='word_1_301' title='bbox 401 3944 568 4025; x_wconf 85' lang='lat' dir='ltr'><strong>exspirati</strong></span> <span class='ocrx_word' id='word_1_302' title='bbox 585 3964 605 4004; x_wconf 92' lang='lat' dir='ltr'><strong>a</strong></span> <span class='ocrx_word' id='word_1_303' title='bbox 622 3943 782 4025; x_wconf 91' lang='lat' dir='ltr'><strong>pulmone</strong></span> <span class='ocrx_word' id='word_1_304' title='bbox 796 3965 802 4019; x_wconf 90' lang='lat'>;</span> <span class='ocrx_word' id='word_1_305' title='bbox 827 3944 943 4006; x_wconf 85' lang='lat' dir='ltr'><strong>dicunt</strong></span> <span class='ocrx_word' id='word_1_306' title='bbox 962 3945 1051 4007; x_wconf 90' lang='lat' dir='ltr'><strong>enim</strong></span> <span class='ocrx_word' id='word_1_307' title='bbox 1067 3943 1283 4025; x_wconf 84' lang='lat' dir='ltr'><strong>“Quomodo</strong></span> <span class='ocrx_word' id='word_1_308' title='bbox 1300 3957 1378 4029; x_wconf 91' lang='lat' dir='ltr'><strong>pot·</strong></span> 
     </span>
     <span class='ocr_line' id='line_1_35' title="bbox 261 4038 1378 4123; baseline 0.002 -21"><span class='ocrx_word' id='word_1_309' title='bbox 261 4051 313 4102; x_wconf 91' lang='lat' dir='ltr'><strong>est</strong></span> <span class='ocrx_word' id='word_1_310' title='bbox 331 4040 467 4119; x_wconf 88' lang='lat' dir='ltr'><strong>spiritus</strong></span> <span class='ocrx_word' id='word_1_311' title='bbox 484 4059 559 4101; x_wconf 93' lang='lat' dir='ltr'><strong>esse</strong></span> <span class='ocrx_word' id='word_1_312' title='bbox 577 4038 690 4111; x_wconf 85' lang='lat' dir='ltr'><strong>homo,</strong></span> <span class='ocrx_word' id='word_1_313' title='bbox 709 4057 784 4100; x_wconf 89' lang='lat' dir='ltr'><strong>cum</strong></span> <span class='ocrx_word' id='word_1_314' title='bbox 804 4047 857 4100; x_wconf 87' lang='lat' dir='ltr'><strong>est</strong></span> <span class='ocrx_word' id='word_1_315' title='bbox 874 4039 1033 4119; x_wconf 88' lang='lat' dir='ltr'><strong>spiritus?</strong></span> <span class='ocrx_word' id='word_1_316' title='bbox 1058 4049 1093 4102; x_wconf 95' lang='lat' dir='ltr'><strong>et</strong></span> <span class='ocrx_word' id='word_1_317' title='bbox 1110 4043 1282 4123; x_wconf 91' lang='lat' dir='ltr'><strong>quomodo</strong></span> <span class='ocrx_word' id='word_1_318' title='bbox 1300 4051 1378 4123; x_wconf 92' lang='lat' dir='ltr'><strong>pot·</strong></span> 
     </span>
     <span class='ocr_line' id='line_1_36' title="bbox 261 4133 1379 4202; baseline 0.004 -6"><span class='ocrx_word' id='word_1_319' title='bbox 261 4143 314 4196; x_wconf 85' lang='lat' dir='ltr'><strong>est</strong></span> <span class='ocrx_word' id='word_1_320' title='bbox 338 4136 450 4195; x_wconf 86' lang='lat' dir='ltr'><strong>anima</strong></span> <span class='ocrx_word' id='word_1_321' title='bbox 474 4155 551 4196; x_wconf 88' lang='lat' dir='ltr'><strong>esse</strong></span> <span class='ocrx_word' id='word_1_322' title='bbox 574 4133 772 4195; x_wconf 90' lang='lat' dir='ltr'><strong>homocum</strong></span> <span class='ocrx_word' id='word_1_323' title='bbox 796 4143 850 4196; x_wconf 87' lang='lat' dir='ltr'><strong>est</strong></span> <span class='ocrx_word' id='word_1_324' title='bbox 873 4135 986 4196; x_wconf 89' lang='lat' dir='ltr'><strong>anima</strong></span> <span class='ocrx_word' id='word_1_325' title='bbox 997 4133 1027 4195; x_wconf 88' lang='lat'><strong>?&#39;’</strong></span> <span class='ocrx_word' id='word_1_326' title='bbox 1057 4134 1213 4198; x_wconf 89' lang='lat' dir='ltr'><strong>similiter</strong></span> <span class='ocrx_word' id='word_1_327' title='bbox 1236 4137 1278 4198; x_wconf 92' lang='lat' dir='ltr'><strong>de</strong></span> <span class='ocrx_word' id='word_1_328' title='bbox 1303 4137 1379 4202; x_wconf 92' lang='lat' dir='ltr'><strong>Deo</strong></span> 
     </span>
     <span class='ocr_line' id='line_1_37' title="bbox 261 4227 1378 4312; baseline 0.004 -22"><span class='ocrx_word' id='word_1_329' title='bbox 261 4230 339 4310; x_wconf 87' lang='lat' dir='ltr'><strong>quia</strong></span> <span class='ocrx_word' id='word_1_330' title='bbox 352 4241 495 4291; x_wconf 88' lang='lat' dir='ltr'><strong>vocatur</strong></span> <span class='ocrx_word' id='word_1_331' title='bbox 510 4227 665 4310; x_wconf 75' lang='lat' dir='ltr'><strong>Spiritus</strong></span> <span class='ocrx_word' id='word_1_332' title='bbox 712 4227 811 4291; x_wconf 85' lang='lat' dir='ltr'><strong>Hanc</strong></span> <span class='ocrx_word' id='word_1_333' title='bbox 829 4230 940 4291; x_wconf 90' lang='lat' dir='ltr'><strong>ideam</strong></span> <span class='ocrx_word' id='word_1_334' title='bbox 958 4231 1000 4292; x_wconf 89' lang='lat' dir='ltr'><strong>de</strong></span> <span class='ocrx_word' id='word_1_335' title='bbox 1017 4231 1138 4312; x_wconf 91' lang='lat' dir='ltr'><strong>spiritu</strong></span> <span class='ocrx_word' id='word_1_336' title='bbox 1153 4241 1189 4294; x_wconf 90' lang='lat' dir='ltr'><strong>et</strong></span> <span class='ocrx_word' id='word_1_337' title='bbox 1205 4233 1247 4294; x_wconf 92' lang='lat' dir='ltr'><strong>de</strong></span> <span class='ocrx_word' id='word_1_338' title='bbox 1265 4234 1378 4297; x_wconf 90' lang='lat' dir='ltr'><strong>anima</strong></span> 
     </span>
     <span class='ocr_line' id='line_1_38' title="bbox 262 4324 1376 4408; baseline 0.004 -23"><span class='ocrx_word' id='word_1_339' title='bbox 262 4333 443 4385; x_wconf 83' lang='lat' dir='ltr'><strong>traxerunt</strong></span> <span class='ocrx_word' id='word_1_340' title='bbox 464 4344 508 4386; x_wconf 87' lang='lat' dir='ltr'><strong>ex</strong></span> <span class='ocrx_word' id='word_1_341' title='bbox 528 4345 580 4398; x_wconf 93' lang='lat' dir='ltr'><strong>eo,</strong></span> <span class='ocrx_word' id='word_1_342' title='bbox 602 4324 692 4404; x_wconf 90' lang='lat' dir='ltr'><strong>quod</strong></span> <span class='ocrx_word' id='word_1_343' title='bbox 716 4325 853 4404; x_wconf 90' lang='lat' dir='ltr'><strong>spiritus</strong></span> <span class='ocrx_word' id='word_1_344' title='bbox 873 4334 907 4387; x_wconf 92' lang='lat' dir='ltr'><strong>et</strong></span> <span class='ocrx_word' id='word_1_345' title='bbox 927 4336 1049 4386; x_wconf 90' lang='lat' dir='ltr'><strong>ventus</strong></span> <span class='ocrx_word' id='word_1_346' title='bbox 1067 4326 1101 4387; x_wconf 90' lang='lat' dir='ltr'><strong>in</strong></span> <span class='ocrx_word' id='word_1_347' title='bbox 1121 4326 1288 4408; x_wconf 87' lang='lat' dir='ltr'><strong>aliquibus</strong></span> <span class='ocrx_word' id='word_1_348' title='bbox 1313 4327 1376 4390; x_wconf 91' lang='lat' dir='ltr'><strong>lin·</strong></span> 
     </span>
     <span class='ocr_line' id='line_1_39' title="bbox 261 4419 1375 4501; baseline 0.006 -23"><span class='ocrx_word' id='word_1_349' title='bbox 261 4420 337 4498; x_wconf 89' lang='lat' dir='ltr'><strong>guis</strong></span> <span class='ocrx_word' id='word_1_350' title='bbox 361 4419 430 4480; x_wconf 88' lang='lat' dir='ltr'><strong>sint</strong></span> <span class='ocrx_word' id='word_1_351' title='bbox 454 4439 520 4480; x_wconf 88' lang='lat' dir='ltr'><strong>una</strong></span> <span class='ocrx_word' id='word_1_352' title='bbox 539 4439 629 4494; x_wconf 86' lang='lat' dir='ltr'><strong>vox;</strong></span> <span class='ocrx_word' id='word_1_353' title='bbox 654 4428 725 4480; x_wconf 91' lang='lat' dir='ltr'><strong>tum</strong></span> <span class='ocrx_word' id='word_1_354' title='bbox 745 4438 790 4480; x_wconf 88' lang='lat' dir='ltr'><strong>ex</strong></span> <span class='ocrx_word' id='word_1_355' title='bbox 810 4440 862 4490; x_wconf 92' lang='lat' dir='ltr'><strong>eo,</strong></span> <span class='ocrx_word' id='word_1_356' title='bbox 883 4420 973 4500; x_wconf 91' lang='lat' dir='ltr'><strong>quod</strong></span> <span class='ocrx_word' id='word_1_357' title='bbox 998 4439 1074 4481; x_wconf 90' lang='lat' dir='ltr'><strong>cum</strong></span> <span class='ocrx_word' id='word_1_358' title='bbox 1097 4420 1200 4484; x_wconf 92' lang='lat' dir='ltr'><strong>homo</strong></span> <span class='ocrx_word' id='word_1_359' title='bbox 1224 4424 1375 4501; x_wconf 90' lang='lat' dir='ltr'><strong>moritur,</strong></span> 
     </span>
     <span class='ocr_line' id='line_1_40' title="bbox 262 4513 1377 4598; baseline 0.006 -25"><span class='ocrx_word' id='word_1_360' title='bbox 262 4513 395 4574; x_wconf 85' lang='lat' dir='ltr'><strong>dicatur</strong></span> <span class='ocrx_word' id='word_1_361' title='bbox 419 4514 507 4594; x_wconf 90' lang='lat' dir='ltr'><strong>quod</strong></span> <span class='ocrx_word' id='word_1_362' title='bbox 532 4514 668 4576; x_wconf 90' lang='lat' dir='ltr'><strong>emittat</strong></span> <span class='ocrx_word' id='word_1_363' title='bbox 693 4513 846 4593; x_wconf 92' lang='lat' dir='ltr'><strong>spiritum</strong></span> <span class='ocrx_word' id='word_1_364' title='bbox 871 4525 929 4576; x_wconf 90' lang='lat' dir='ltr'><strong>aut</strong></span> <span class='ocrx_word' id='word_1_365' title='bbox 953 4516 1113 4587; x_wconf 86' lang='lat' dir='ltr'><strong>animam,</strong></span> <span class='ocrx_word' id='word_1_366' title='bbox 1134 4527 1169 4578; x_wconf 91' lang='lat' dir='ltr'><strong>et</strong></span> <span class='ocrx_word' id='word_1_367' title='bbox 1193 4519 1283 4598; x_wconf 90' lang='lat' dir='ltr'><strong>quod</strong></span> <span class='ocrx_word' id='word_1_368' title='bbox 1306 4519 1377 4580; x_wconf 88' lang='lat' dir='ltr'><strong>vita</strong></span> 
     </span>
     <span class='ocr_line' id='line_1_41' title="bbox 262 4607 1377 4692; baseline 0.007 -25"><span class='ocrx_word' id='word_1_369' title='bbox 262 4607 381 4668; x_wconf 89' lang='lat' dir='ltr'><strong>redeat</strong></span> <span class='ocrx_word' id='word_1_370' title='bbox 404 4626 481 4669; x_wconf 92' lang='lat' dir='ltr'><strong>cum</strong></span> <span class='ocrx_word' id='word_1_371' title='bbox 504 4607 641 4688; x_wconf 87' lang='lat' dir='ltr'><strong>spiritus</strong></span> <span class='ocrx_word' id='word_1_372' title='bbox 668 4615 726 4670; x_wconf 91' lang='lat' dir='ltr'><strong>aut</strong></span> <span class='ocrx_word' id='word_1_373' title='bbox 755 4609 867 4670; x_wconf 85' lang='lat' dir='ltr'><strong>anima</strong></span> <span class='ocrx_word' id='word_1_374' title='bbox 891 4608 1061 4689; x_wconf 89' lang='lat' dir='ltr'><strong>pulmonis</strong></span> <span class='ocrx_word' id='word_1_375' title='bbox 1085 4611 1173 4692; x_wconf 88' lang='lat' dir='ltr'><strong>apud</strong></span> <span class='ocrx_word' id='word_1_376' title='bbox 1193 4611 1377 4675; x_wconf 85' lang='lat' dir='ltr'><strong>suffocatos</strong></span> 
     </span>
     <span class='ocr_line' id='line_1_42' title="bbox 262 4699 1377 4788; baseline 0.005 -26"><span class='ocrx_word' id='word_1_377' title='bbox 262 4708 322 4763; x_wconf 85' lang='lat' dir='ltr'><strong>aut</strong></span> <span class='ocrx_word' id='word_1_378' title='bbox 341 4699 524 4784; x_wconf 90' lang='lat' dir='ltr'><strong>deliquium</strong></span> <span class='ocrx_word' id='word_1_379' title='bbox 543 4721 662 4783; x_wconf 88' lang='lat' dir='ltr'><strong>passos</strong></span> <span class='ocrx_word' id='word_1_380' title='bbox 680 4701 792 4766; x_wconf 87' lang='lat' dir='ltr'><strong>redit:</strong></span> <span class='ocrx_word' id='word_1_381' title='bbox 816 4711 851 4765; x_wconf 90' lang='lat' dir='ltr'><strong>et</strong></span> <span class='ocrx_word' id='word_1_382' title='bbox 868 4704 944 4786; x_wconf 85' lang='lat' dir='ltr'><strong>quia</strong></span> <span class='ocrx_word' id='word_1_383' title='bbox 959 4713 1039 4766; x_wconf 90' lang='lat' dir='ltr'><strong>tunc</strong></span> <span class='ocrx_word' id='word_1_384' title='bbox 1057 4724 1124 4768; x_wconf 90' lang='lat' dir='ltr'><strong>non</strong></span> <span class='ocrx_word' id='word_1_385' title='bbox 1141 4708 1377 4788; x_wconf 89' lang='lat' dir='ltr'><strong>appereipiunt</strong></span> 
     </span>
    </p>
   </div>
   <div class='ocr_carea' id='block_1_3' title="bbox 0 0 1728 5374">
    <p class='ocr_par' dir='ltr' id='par_1_4' title="bbox 0 0 1728 5374">
     <span class='ocr_line' id='line_1_43' title="bbox 0 0 1728 5374; baseline 0 0"><span class='ocrx_word' id='word_1_386' title='bbox 0 0 1728 5374; x_wconf 95' lang='lat' dir='ltr'><strong> </strong></span> 
     </span>
    </p>
   </div>
  </div>
 </body>
</html>
