3434 5364
313 699 356 748 20
664 691 867 746 SAPIENTIA
891 692 1086 745 ANGELICA

312 875 421 951 patet,
438 866 531 951 quod
553 865 729 950 reciproca
746 863 943 950 conjunctio
959 863 1162 948 angelorum
1179 881 1256 928 cum
1281 861 1434 929 Domino

311 983 380 1028 non
399 962 444 1027 sit
463 961 605 1038 exiliis,
626 963 687 1028 sed
704 963 792 1027 sicut
811 983 856 1026 ex
873 962 950 1025 illis.
997 959 1093 1025 Talis
1115 957 1310 1041 conjunctio
1326 959 1433 1024 etiam

309 1067 364 1123 est
382 1057 522 1122 Domini
545 1076 621 1123 cum
645 1057 804 1133 ecclesia,
821 1066 856 1122 et
878 1056 1046 1122 ecclesiae
1061 1074 1139 1119 cum
1163 1054 1324 1131 Domino,
1344 1073 1433 1140 quac

309 1152 504 1237 conjugium
523 1153 678 1219 caeleste
698 1163 734 1218 et
753 1151 927 1237 spirituale
947 1161 1101 1216 vocatur.

371 1263 442 1332 29.
473 1247 596 1313 Omnis
619 1244 814 1332 conjunctio
836 1249 871 1312 in
894 1247 1024 1312 mundo
1047 1246 1216 1330 spirituali
1239 1245 1278 1311 lit
1301 1266 1362 1329 per
1384 1247 1438 1312 in·

307 1344 533 1431 spectionem.
579 1343 730 1427 Quando
741 1343 863 1428 aliquis
876 1343 922 1406 ibi
939 1344 1074 1426 cogitat
1090 1344 1134 1408 de
1148 1344 1261 1407 altero
1272 1364 1319 1408 ex
1335 1342 1437 1408 affec·

308 1444 404 1507 tione
424 1441 589 1526 loquendi
614 1458 692 1504 cum
711 1440 783 1514 illo,
803 1439 895 1504 alter
916 1437 955 1503 fit
978 1439 1071 1504 illico
1090 1460 1267 1523 praesens,
1287 1448 1325 1505 et
1343 1439 1440 1504 videt

308 1557 395 1603 unus
414 1538 564 1602 alterum
587 1535 674 1600 facie
693 1535 737 1599 ad
755 1534 899 1601 faciem:
923 1535 1082 1600 similiter
1099 1535 1138 1600 fit
1157 1538 1297 1619 quando
1316 1536 1440 1618 aliquis

307 1635 351 1698 de
367 1632 481 1697 altero
497 1633 633 1715 cogitat
649 1653 695 1696 ex
712 1629 894 1695 affectione
909 1632 1056 1712 amoris;
1079 1630 1141 1696 sed
1157 1653 1218 1714 per
1235 1632 1324 1694 hanc
1336 1631 1439 1695 affec·

307 1730 439 1793 tionem
462 1726 501 1792 fit
525 1725 733 1810 conjunctim
755 1747 816 1809 per
838 1726 985 1791 alteram
1004 1737 1122 1791 autem
1146 1726 1184 1793 fit
1207 1727 1319 1791 solum
1338 1747 1438 1811 prae·

308 1825 434 1889 sentia.
459 1823 461 1828 ’
481 1823 558 1886 Hoc
576 1822 750 1907 peculiare
767 1831 822 1886 est
840 1823 874 1885 in
892 1822 1021 1886 mundo
1037 1823 1226 1905 spirituali;
1251 1843 1355 1886 causa
1370 1834 1437 1900 est,

307 1921 387 2003 quia
403 1939 525 1982 omnes
538 1919 585 1981 ibi
594 1928 677 1982 sunt
693 1917 887 2000 spirituales
899 1938 907 1996 3
926 1917 1027 1982 aliter
1038 1918 1073 1981 in
1090 1918 1219 1982 mundo
1232 1918 1390 1994 naturali,
1403 1919 1438 1982 in

308 2036 377 2099 quo
396 2034 516 2078 omnes
536 2024 616 2078 sunt
636 2013 846 2077 materiales.
892 2012 933 2076 In
952 2014 1081 2077 mundo
1099 2013 1247 2077 naturali
1267 2013 1377 2078 simile
1400 2012 1438 2078 fit

308 2109 400 2191 apud
427 2109 586 2172 homines
616 2110 650 2172 in
678 2106 916 2172 affectionibus
943 2119 980 2173 et
1004 2111 1276 2192 cogitationibus
1299 2111 1438 2193 spiritus

307 2206 466 2288 illorum3
500 2205 562 2270 sed
591 2205 670 2290 quia
696 2206 730 2270 in
761 2205 891 2268 mundo
920 2205 1067 2269 naturali
1090 2215 1170 2269 sunt
1193 2207 1317 2288 spatia,
1336 2214 1374 2270 at
1403 2205 1437 2268 in

309 2301 439 2365 mundo
451 2300 619 2382 spirituali
636 2301 749 2383 spatia
762 2309 843 2365 sunt
856 2298 967 2364 solum
980 2301 1215 2382 apparentiae,
1229 2301 1308 2365 ideo
1324 2301 1358 2365 in
1370 2300 1437 2365 hoc

309 2397 440 2460 mundo
462 2395 500 2460 fit
522 2394 706 2460 actualiter
728 2396 774 2471 id,
799 2395 891 2478 quod
915 2396 951 2458 in
977 2397 1192 2476 cogitatione
1215 2397 1355 2480 spiritus
1377 2415 1437 2461 cu·

305 2491 415 2575 jusvis
434 2490 484 2557 fit.
532 2505 590 2568 [2.]
615 2491 712 2556 Haec
730 2489 823 2556 dicta
842 2501 934 2568 sunt,
956 2500 993 2556 ut
1011 2493 1140 2556 sciatur
1158 2495 1334 2578 quomodo
1352 2515 1438 2559 con·

306 2587 437 2672 junctio
457 2588 598 2652 Domini
618 2608 695 2653 cum
713 2588 848 2671 angelis
867 2586 917 2664 fit,
937 2607 978 2652 ac
996 2609 1166 2672 apparens
1184 2591 1360 2672 reciproca
1375 2611 1437 2654 an·

309 2682 468 2765 gelorum
485 2703 564 2746 cum
582 2683 733 2747 Domino
747 2705 756 2763 ;
781 2703 902 2747 omnes
917 2684 1008 2747 enim
1025 2683 1142 2766 angeli
1158 2695 1299 2750 vertunt
1315 2687 1437 2751 faciem

309 2780 354 2841 ad
373 2779 571 2854 Dominum,
588 2798 629 2842 ac
650 2778 820 2842 Dominus
836 2779 960 2862 aspicit
975 2779 1054 2843 illos
1070 2781 1103 2843 in
1120 2780 1244 2857 fronte,
1260 2800 1302 2845 ac
1320 2781 1438 2866 angeli

309 2875 481 2956 aspiciunt
506 2873 693 2937 Dominum
717 2874 847 2953 oculis;
881 2886 1074 2952 causaest,
1098 2878 1177 2959 quia
1206 2875 1301 2940 frons
1323 2897 1437 2943 corre·

310 2971 462 3052 spondet
481 2970 590 3034 amori
609 2981 645 3035 et
664 2968 737 3053 ejus
746 2967 994 3048 affectionibus,
1008 2982 1044 3036 et
1064 2972 1154 3036 oculi
1167 2975 1439 3057 correspondent

310 3068 501 3150 sapientiae
525 3075 561 3130 et
585 3064 656 3148 ejus
679 3066 979 3151 perceptionibus:
1007 3077 1045 3131 at
1069 3088 1175 3152 usque
1194 3070 1309 3151 angeli
1332 3090 1378 3134 ex
1400 3091 1439 3136 se

311 3184 381 3227 non
396 3171 538 3226 vertunt
553 3161 676 3226 faciem
693 3161 737 3226 ad
758 3162 955 3236 Dominum,
971 3164 1033 3228 sed
1051 3163 1219 3227 Dominus
1236 3165 1342 3229 vertit
1360 3164 1439 3230 illos

310 3258 355 3323 ad
375 3256 430 3334 Se,
451 3268 487 3322 et
505 3258 612 3322 vertit
631 3277 693 3340 per
710 3257 876 3322 influxum
899 3259 933 3322 in
953 3278 1106 3323 amorem
1125 3259 1219 3324 vitae
1237 3259 1385 3338 illorum,
1402 3271 1439 3327 et

311 3375 371 3436 per
395 3354 491 3417 illum
515 3354 624 3418 intrat
655 3355 689 3418 in
712 3355 957 3439 perceptiones
986 3363 1023 3419 et
1053 3355 1298 3438 cogitationes,
1323 3364 1360 3422 et
1390 3359 1439 3423 sic

311 3450 485 3513 convertit
503 3449 591 3512 illos.
634 3460 691 3522 [3.]
716 3448 811 3513 Talis
828 3449 974 3514 circulus
990 3450 1116 3514 amoris
1133 3450 1175 3513 ad
1194 3451 1438 3534 cogitationes,

312 3556 348 3608 et
365 3566 386 3608 a
405 3545 677 3626 cogitationibus
693 3545 738 3608 ad
758 3563 912 3610 amorem
932 3543 977 3609 ab
994 3564 1123 3620 amore,
1144 3556 1198 3610 est
1222 3547 1257 3610 in
1280 3549 1440 3614 omnibus

312 3642 438 3703 mentis
455 3641 645 3718 humanae;
669 3641 727 3723 qui
743 3640 889 3705 circulus
905 3641 1021 3705 vocari
1038 3651 1156 3723 potest
1172 3642 1320 3707 circulus
1336 3646 1440 3710 vitae.

313 3734 366 3798 De
390 3734 443 3798 his
466 3734 648 3797 videantur
667 3737 771 3799 etiam
792 3735 905 3820 aliqua
928 3737 961 3800 in
986 3739 1221 3808 transactione
1243 3740 1294 3804 De
1315 3741 1442 3805 Divino

311 3829 441 3893 Amore
457 3839 490 3892 et
507 3827 635 3892 Divina
652 3829 851 3912 Sapientia:
875 3843 923 3902 ut,
946 3833 1048 3915 Quod
1068 3841 1182 3920 angeli
1202 3840 1323 3905 faciem
1343 3857 1440 3902 suam

311 3925 438 4007 jugiter
451 3933 591 3988 vertant
603 3926 648 3988 ad
663 3926 860 4003 Dominum,
873 3941 910 3992 ut
926 3929 1041 3994 Solem
1058 3932 1104 4014 (n.
1123 3933 1293 4018 129-134).
1336 3931 1442 4015 Quod

312 4022 429 4084 omnia
455 4021 630 4096 interiora,
656 4031 729 4085 tam
760 4025 886 4087 mentis
916 4047 1016 4108 quam
1047 4032 1200 4114 corporis
1222 4029 1440 4114 angelorum,

312 4117 356 4180 ad
382 4116 567 4180 Dominum
591 4128 628 4180 ut
654 4117 769 4184 Solem
794 4122 953 4186 similiter
975 4145 1075 4190 versa
1097 4127 1167 4193 sint
1193 4125 1241 4212 (n.
1269 4127 1440 4213 135-139).

313 4209 417 4294 Quod
435 4215 666 4297 unusquisque
692 4218 841 4299 spiritus,
862 4218 1120 4306 qualiscumque
1144 4225 1199 4300 sit,
1220 4226 1263 4289 ad
1287 4245 1439 4292 amorem

312 4326 411 4372 suum
434 4321 640 4392 regnantem
661 4313 819 4377 similiter
842 4335 880 4378 se
902 4325 1018 4380 vertat
1044 4315 1090 4400 (n.
1120 4319 1289 4404 140—145).
1335 4319 1438 4404 Quod

311 4423 411 4468 amor
427 4425 465 4469 se
484 4405 674 4490 conjungat
693 4410 896 4492 sapientiae,
915 4432 954 4476 ac
974 4411 1077 4478 iaciat
1101 4426 1139 4480 ut
1163 4417 1335 4500 sapientia
1353 4419 1439 4484 reci·

311 4520 417 4584 proce
448 4501 679 4586 conjungatur
711 4503 758 4588 (n.
792 4506 969 4594 410-412).
1016 4507 1119 4592 Quod
1153 4513 1270 4596 angeli
1304 4515 1373 4579 sint
1404 4516 1438 4580 in

312 4595 476 4673 Domino,
494 4607 530 4662 et
550 4600 641 4682 quod
659 4600 827 4665 Dominus
846 4603 891 4667 sit
910 4605 944 4668 in
963 4603 1051 4671 illis:
1076 4616 1111 4672 et
1131 4609 1210 4692 quia
1225 4609 1341 4693 angeli
1357 4619 1440 4677 sunt

311 4691 532 4772 recipientes,
553 4694 644 4777 quod
664 4695 758 4759 solus
778 4696 946 4764 Dominus
963 4701 1008 4765 sit
1028 4699 1169 4768 Caelum
1197 4702 1243 4787 (n.
1268 4704 1439 4788 113-118).
