3352 5374
449 672 498 722 oi:
523 669 658 721 mvmo
684 669 826 732 anona,
848 669 941 719 anus
965 669 1093 718 1V.—N.
1115 673 1185 738 322.
1318 673 1374 737 14¹

254 837 403 924 spectati
422 841 455 903 in
475 839 603 904 mundo
622 839 799 922 spirituali.
847 838 961 921 Quare
980 839 1047 904 hoc
1067 860 1136 904 non
1156 851 1273 924 potest
1294 862 1375 906 con·

255 937 390 1012 firmari,
412 937 475 999 nisi
495 955 597 1019 quam
620 937 665 998 ab
688 935 814 1017 angelo
834 935 889 1018 qui
911 935 945 998 in
970 936 1097 1000 mundo
1116 937 1286 1018 spirituali
1310 948 1378 1013 est,

255 1032 310 1095 vel
330 1032 374 1095 ab
393 1031 508 1114 aliquo
526 1031 578 1094 cui
599 1031 719 1094 datum
739 1040 793 1094 est
812 1031 847 1093 in
865 1029 928 1094 illo
946 1031 1075 1095 mundo
1094 1053 1180 1107 esse,
1202 1045 1237 1097 et
1261 1034 1379 1098 videre

255 1127 315 1191 illa
333 1149 419 1210 quae
438 1128 483 1190 ibi
500 1137 590 1190 sunt.
637 1126 714 1190 Hoc
734 1127 813 1209 quia
831 1125 914 1190 mihi
935 1126 1056 1191 datum
1075 1137 1141 1204 est,
1162 1149 1300 1210 possum
1331 1150 1379 1194 ex

255 1222 335 1284 visis
355 1223 400 1284 ibi
416 1221 481 1285 hoc
501 1241 663 1286 arcanum
684 1221 846 1285 revelare.

316 1331 410 1400 321.
433 1315 616 1381 Sciendum
630 1327 695 1394 est,
710 1318 802 1400 quod
820 1317 965 1381 mundus
979 1318 1166 1400 spiritualis
1182 1321 1215 1382 in
1229 1329 1379 1384 externa

253 1413 456 1494 apparentia
478 1414 523 1476 sit
546 1433 684 1494 prorsus
702 1412 822 1477 similis
842 1415 970 1478 mundo
990 1415 1147 1478 naturali.
1192 1415 1377 1498 Apparent

253 1507 299 1571 ibi
326 1519 449 1583 terrae,
475 1521 623 1582 monteS,
648 1508 769 1584 colleS,
793 1508 913 1584 valles,
932 1509 1104 1590 planities,
1125 1513 1248 1593 campi,
1269 1511 1378 1588 lacus,

251 1602 353 1677 fluvii,
378 1602 503 1680 fontes,
528 1605 617 1668 sicut
647 1605 680 1666 in
712 1604 840 1667 mundo
864 1604 1034 1684 naturali;
1065 1607 1115 1668 ita
1144 1607 1258 1669 omnia
1287 1628 1379 1689 quae

250 1699 349 1780 regni
366 1699 538 1763 mineralis
554 1710 644 1764 sunt.
688 1701 872 1783 Apparent
889 1703 993 1764 etiam
1006 1701 1163 1783 paradisi,
1178 1703 1280 1777 horti,
1296 1703 1377 1780 luci,

251 1793 369 1868 silvae,
394 1795 427 1857 in
457 1795 578 1876 quibus
601 1797 740 1859 arbores
764 1808 801 1859 et
827 1796 977 1877 virgulta
1000 1799 1110 1861 omnis
1134 1799 1269 1879 generis
1297 1819 1377 1864 cum

250 1885 412 1952 frustibus
429 1899 465 1953 et
484 1891 690 1970 seminibus;
715 1901 787 1954 tum
804 1891 953 1973 plantae,
971 1891 1082 1968 flores,
1100 1893 1226 1957 herbae
1243 1905 1279 1958 et
1295 1915 1376 1976 gra·

252 1985 364 2062 mina;
393 1986 443 2049 ita
465 1987 581 2049 omnia
599 2007 686 2070 quae
709 1995 790 2050 sunt
813 1988 909 2070 regni
928 1988 1144 2068 vegetabilis.
1190 1989 1378 2072 Apparent

249 2079 423 2155 animalia,
437 2080 602 2157 volatilia,
620 2101 659 2145 ac
677 2081 789 2163 pisces
806 2085 917 2146 omnis
933 2085 1080 2164 generis,
1095 2085 1145 2148 ita
1161 2088 1275 2150 omnia
1289 2107 1378 2169 quae

251 2185 332 2238 sunt
355 2177 454 2257 regni
477 2175 645 2240 animalis.
692 2176 809 2240 Homo
836 2179 880 2241 ibi
907 2189 961 2242 est
985 2179 1130 2261 angelus
1158 2192 1193 2244 et
1224 2183 1377 2263 spiritus.

251 2268 330 2332 Hoc
354 2272 577 2352 praemissum
601 2281 666 2347 est,
692 2282 729 2336 ut
760 2275 899 2348 sciatur,
924 2275 1015 2357 quod
1039 2277 1232 2339 universum
1257 2278 1375 2342 mundi

249 2365 437 2445 spiritualis
453 2369 497 2431 sit
515 2388 651 2450 prorsus
667 2368 776 2432 simile
794 2371 951 2432 universo
968 2372 1085 2434 mundi
1102 2373 1277 2446 naturalis
1295 2394 1373 2438 cun:

248 2461 324 2525 sola
342 2462 545 2538 differentia,
565 2464 657 2546 quod
681 2463 750 2538 illa,
772 2485 858 2546 quae
882 2465 927 2528 ibi
946 2475 1038 2541 sunt,
1059 2487 1128 2531 non
1153 2470 1221 2532 sint
1245 2468 1314 2532 fixa
1336 2481 1375 2536 et

248 2568 344 2623 stata
362 2560 450 2622 sicut
474 2579 560 2641 quae
584 2560 618 2621 in
642 2559 770 2622 mundo
790 2561 948 2636 naturali,
969 2564 1048 2644 quia
1070 2563 1116 2626 ibi
1140 2583 1208 2626 non
1233 2574 1286 2628 est
1310 2564 1376 2628 ali·

248 2655 330 2737 quid
350 2655 517 2729 naturale,
538 2655 598 2718 sed
619 2673 720 2718 omne
740 2657 926 2736 spirituale.

312 2761 407 2829 322.
438 2747 539 2830 Quod
560 2750 752 2813 universum
773 2751 863 2813 illius
883 2753 999 2816 mundi
1019 2753 1143 2817 referat
1165 2755 1198 2817 in
1222 2756 1377 2838 imagine

248 2843 435 2920 hominem,
456 2844 636 2908 manifeste
660 2856 819 2910 constare
843 2857 961 2929 potest
987 2869 1032 2911 ex
1063 2871 1115 2924 eo,
1141 2853 1231 2932 quod
1256 2854 1374 2917 omnia

247 2939 308 3002 illa
326 2961 411 3022 quae
432 2960 521 3004 nunc
542 2939 589 3022 (n.
610 2938 686 3024 321)
707 2954 900 3007 memorata
918 2953 1009 3018 sunt,
1030 2945 1074 3008 ad
1093 2946 1206 3008 vivum
1227 2968 1373 3029 appare·

248 3046 309 3098 ant
343 3047 379 3100 et
412 3037 566 3100 existant
597 3039 723 3100 circum
753 3039 927 3120 angelum,
958 3050 995 3103 et
1025 3042 1151 3103 circum
1182 3045 1375 3107 societates

247 3131 434 3213 angelicas
455 3133 542 3195 sicut
560 3129 725 3213 producta
744 3143 802 3196 aut
821 3145 939 3198 creata
962 3137 1005 3198 ab
1025 3137 1112 3213 illis;
1145 3151 1285 3200 manent
1305 3143 1371 3202 cir-

246 3247 325 3290 cum
342 3226 420 3290 illos
439 3238 475 3290 et
495 3248 562 3291 non
582 3230 759 3292 recedunt.
807 3228 908 3311 Quod
928 3232 996 3294 sint
1016 3233 1104 3294 sicut
1125 3231 1291 3313 produdta
1309 3243 1371 3299 aut

247 3333 364 3386 creata
383 3323 427 3386 ab
446 3321 523 3398 illis,
542 3334 683 3388 constat
702 3345 747 3388 ex
767 3346 819 3399 e0,
837 3326 928 3407 quod
948 3345 1025 3388 cum
1045 3328 1188 3409 angelus
1205 3328 1288 3400 abit,
1310 3338 1371 3394 aut

246 3438 323 3481 cum
354 3420 501 3482 societas
525 3422 649 3484 transit
678 3420 757 3496 alio,
783 3441 851 3484 non
882 3421 1027 3504 amplius
1051 3435 1262 3505 appareant;
1295 3435 1370 3490 tum

245 3515 385 3597 quando
412 3513 469 3576 alii
494 3514 610 3596 angeli
641 3516 718 3578 loco
748 3516 882 3579 illorum
915 3519 1068 3593 veniunt,
1097 3520 1186 3601 quod
1216 3531 1372 3585 mutetur

245 3609 350 3675 iacies
378 3611 528 3674 omnium
553 3613 678 3674 circum
707 3611 795 3684 illos,
818 3622 993 3676 mutantur
1020 3613 1231 3694 paradisiaca
1254 3613 1368 3695 quoad

244 3706 385 3770 arbores
401 3716 437 3770 et
453 3703 590 3781 fructus,
606 3716 780 3769 mutantur
797 3707 916 3774 floreta
929 3709 1042 3790 quoad
1059 3728 1155 3771 rosas
1172 3718 1206 3772 et
1224 3711 1367 3785 semina,

245 3810 318 3865 tum
338 3802 546 3885 campestria
565 3802 678 3884 quoad
698 3801 821 3864 herbas
840 3814 875 3866 et
895 3805 1061 3884 gramina,
1082 3812 1117 3866 et
1138 3825 1272 3886 quoque
1292 3824 1366 3868 mu·

153 3882 162 3902 ⁶
244 3905 364 3962 tantur
384 3897 515 3980 species
535 3897 732 3961 animalium
752 3907 787 3960 et
802 3897 1004 3963 volatilium.
1050 3897 1152 3980 Quod
1172 3899 1255 3962 talia
1273 3903 1367 3964 exis·

244 4001 323 4057 tant
346 4004 382 4059 et
413 3993 505 4076 quod
533 3994 583 4057 ita
608 4003 794 4068 mutentur,
816 4004 868 4058 est
892 3996 970 4076 quia
989 3995 1104 4057 omnia
1127 3995 1185 4058 illa
1209 3996 1367 4061 existunt

242 4089 432 4154 secundum
445 4085 644 4153 affectiones
657 4099 693 4153 et
706 4090 785 4152 inde
796 4091 1029 4171 cogitationes
1042 4089 1243 4171 angelorum
1259 4114 1266 4168 ;
1288 4103 1368 4157 sunt

242 4185 335 4249 enim
354 4186 704 4267 correspondentiae;
735 4195 771 4248 et
794 4186 872 4267 quia
891 4184 950 4248 illa
974 4206 1060 4268 quae
1079 4187 1366 4266 correspondent,

243 4301 348 4345 unum
372 4279 503 4346 faciunt
528 4301 604 4344 cum
624 4280 684 4344 illo
709 4282 762 4344 cui
787 4282 1071 4363 correspondent,
1096 4281 1174 4344 ideo
1198 4291 1278 4344 sunt
1305 4282 1367 4346 illa

242 4377 359 4459 imago
389 4378 687 4458 repraesentativa
718 4377 798 4459 ejus.
846 4377 925 4460 Ipsa
955 4378 1069 4458 imago
1104 4396 1173 4440 non
1207 4391 1365 4459 apparet,

241 4473 380 4554 quando
404 4473 463 4534 illa
482 4474 597 4536 omnia
617 4470 816 4555 spectantur
839 4474 871 4535 in
896 4473 1010 4536 formis
1034 4473 1113 4547 suis,
1135 4474 1195 4536 sed
1220 4485 1365 4556 apparet

240 4567 380 4648 quando
396 4567 453 4630 illa
470 4565 669 4649 spectantur
689 4569 721 4630 in
739 4569 862 4630 usibus
909 4569 1036 4631 Datum
1054 4578 1107 4632 est
1124 4569 1252 4642 videre,
1271 4571 1363 4652 quod

239 4661 368 4744 angeli,
393 4665 530 4746 quando
555 4663 644 4727 oculi
668 4663 803 4728 illorum
834 4684 854 4726 a
885 4663 1033 4726 Domino
1061 4666 1173 4746 aperti
1202 4675 1294 4742 sunt,
1326 4673 1362 4730 et
