3410 5382
319 627 364 710 78
672 637 877 688 samonum
899 636 1096 688 nuouurcu

320 830 362 875 ac
385 809 506 885 instet,
529 818 568 873 ut
592 809 698 873 homo
721 807 785 872 sibi
807 807 940 892 aperiat
963 817 1110 891 portam,
1134 817 1233 895 patet
1265 829 1285 873 a
1307 807 1448 876 Domini

320 905 435 969 verbis
454 906 487 968 in
504 904 737 988 Apocalypsi:

372 1042 386 1063 ¹¹
395 1038 463 1088 Ecce
476 1050 519 1088 sto
534 1040 567 1088 ad
585 1039 697 1101 januam
712 1048 739 1088 et
756 1039 853 1101 pu1s0;
871 1039 894 1088 si
906 1040 967 1104 quis
979 1039 1113 1089 audiverit
1125 1053 1220 1090 vocem
1233 1054 1331 1098 meam,
1342 1049 1371 1092 et
1383 1055 1447 1104 ape-

453 1106 535 1154 ruerit
547 1105 667 1168 januam,
681 1105 818 1168 ingrediar
829 1104 863 1154 ad
876 1105 961 1164 illum,
973 1116 1002 1155 et
1018 1107 1123 1156 cenabo
1137 1120 1197 1156 eum
1212 1106 1267 1166 illo.
1279 1116 1307 1156 et
1323 1106 1369 1157 ille
1388 1106 1446 1158 Me·

452 1185 512 1221 cum
521 1171 535 1190 ¹¹
548 1172 594 1234 (iii.
608 1177 658 1232 ao).

383 1300 480 1352 κιο.
511 1286 629 1352 Homo
656 1306 699 1351 ne
729 1285 836 1351 hilum
860 1287 925 1350 scit
952 1287 995 1351 de
1022 1295 1118 1352 statu
1139 1287 1295 1352 interiori
1318 1289 1445 1354 mentis

316 1405 411 1460 suae,
436 1403 496 1447 seu
527 1385 665 1447 interno
688 1402 751 1446 suo
774 1383 935 1462 homine;
969 1393 1050 1447 sunt
1074 1392 1193 1448 tamen
1225 1383 1271 1447 ibi
1299 1383 1443 1462 infinita,

315 1500 462 1564 quorum
486 1501 530 1545 ne
553 1500 657 1544 unum
685 1478 729 1542 ad
757 1478 829 1562 ejus
852 1479 1090 1562 cognitionem
1113 1481 1219 1544 venit.
1264 1479 1443 1544 Internum

314 1579 408 1641 enim
425 1578 651 1660 cogitationis
666 1575 814 1641 hominis
832 1595 892 1638 seu
907 1577 1062 1639 internus
1078 1575 1150 1658 ejus
1165 1576 1282 1652 homo,
1296 1586 1351 1640 est
1371 1578 1443 1659 ipse

314 1674 388 1756 ejus
407 1675 555 1756 spiritus,
576 1685 612 1738 et
636 1675 670 1738 in
695 1671 755 1736 illo
774 1681 847 1735 tam
867 1669 1000 1735 infinita
1020 1693 1080 1735 seu
1104 1681 1159 1736 tot
1182 1672 1443 1737 innumerabilia

314 1782 408 1847 sunt,
428 1784 512 1854 quot
537 1773 570 1834 in
594 1771 743 1835 hominis
762 1788 926 1852 corpore;
951 1769 1057 1831 immo
1076 1768 1187 1832 adhuc
1211 1769 1441 1832 innumerabi-

314 1865 423 1945 liora;
459 1887 538 1930 nam
562 1869 703 1950 spiritus
730 1867 879 1932 hominis
904 1874 958 1928 est
992 1865 1026 1926 in
1053 1884 1115 1932 sua
1137 1863 1245 1928 forma
1267 1864 1383 1938 homo,
1407 1871 1442 1928 et

312 1963 430 2026 omnia
443 1962 513 2044 ejus
529 1963 801 2046 correspondent
818 1961 976 2025 omnibus
989 1960 1137 2023 hominis
1152 1959 1187 2022 in
1203 1959 1274 2042 ejus
1286 1981 1440 2044 corpore.

314 2057 346 2118 N
352 2077 414 2120 unc
433 2061 519 2121 sicut
536 2058 642 2122 homo
659 2059 742 2122 nihil
759 2059 824 2123 scit
845 2079 889 2122 ex
907 2056 1021 2140 aliqua
1037 2056 1248 2130 sensatione,
1265 2059 1441 2139 quomodo

312 2173 413 2216 mens
430 2153 501 2236 ejus
522 2175 580 2218 seu
597 2157 711 2219 anima
735 2157 769 2219 in
795 2156 911 2218 omnia
929 2153 981 2215 sui
1001 2151 1154 2235 corporis
1173 2150 1381 2233 conjundtim
1404 2165 1439 2218 et

311 2250 516 2332 singillatim
533 2263 706 2334 operatur,
723 2254 771 2315 ita
787 2271 849 2315 nec
872 2251 938 2313 scit
956 2248 1061 2311 homo
1077 2248 1251 2332 quomodo
1271 2246 1438 2312 Dominus

310 2347 345 2408 in
370 2349 486 2410 omnia
510 2349 636 2412 mentis
665 2369 725 2411 seu
748 2348 895 2420 animae,
920 2344 986 2408 hoc
1011 2355 1078 2419 est,
1102 2347 1136 2409 in
1164 2346 1279 2408 omnia
1301 2347 1439 2428 spiritus

309 2441 394 2523 ejus,
414 2453 587 2524 operatur.
633 2441 799 2526 Operatio
819 2452 873 2507 est
894 2442 1079 2516 continua;
1102 2440 1221 2505 inhoc
1238 2440 1344 2505 homo
1363 2441 1437 2505 nul·

310 2536 380 2600 lam
405 2549 539 2620 partem
563 2538 689 2618 habet;
716 2550 753 2604 at
777 2558 883 2621 usque
903 2557 971 2601 non
997 2548 1117 2619 potest
1137 2536 1305 2600 Dominus
1324 2536 1436 2619 purifi·

308 2651 390 2695 care
411 2634 585 2699 hominem
609 2637 654 2700 ab
676 2635 746 2700 ulla
764 2635 1046 2717 concupiscentia
1065 2632 1146 2696 mali
1169 2633 1203 2696 in
1226 2632 1298 2714 ejus
1317 2634 1437 2716 spiritu

308 2747 370 2790 seu
388 2729 526 2792 interno
545 2730 695 2805 homine,
715 2731 876 2814 quamdiu
896 2729 1002 2793 homo
1022 2739 1120 2793 tenet
1139 2739 1323 2793 externum
1343 2729 1436 2793 clau-

309 2841 395 2884 sum.
442 2821 531 2888 Sunt
555 2826 659 2901 mala,
681 2846 742 2908 per
767 2846 854 2909 quae
876 2826 983 2889 homo
1007 2834 1106 2889 tenet
1130 2833 1314 2888 externum
1337 2843 1435 2889 suum

306 2916 484 2997 clausum;
504 2940 646 3003 quorum
664 2921 914 3003 unumquodvis
931 2921 962 2985 ei
980 2929 1126 3003 apparet
1144 2921 1232 2983 sicut
1250 2939 1365 2996 unum,
1382 2930 1434 2984 ta·

308 3013 413 3077 metsi
427 3013 558 3080 infinita
570 3025 650 3080 sunt
662 3017 695 3079 in
707 3017 897 3099 unoquovis
912 3038 920 3096 ;
944 3036 1021 3080 cum
1034 3016 1140 3080 homo
1150 3015 1215 3079 hoc
1229 3016 1317 3080 sicut
1332 3034 1435 3080 unum

307 3120 477 3186 removet,
498 3121 580 3176 tunc
601 3110 770 3176 Dominus
788 3110 920 3176 infinita
938 3113 972 3176 in
988 3111 1052 3178 illo
1070 3122 1238 3175 removet.
1285 3109 1362 3174 Hoc
1381 3121 1434 3175 est

305 3204 400 3288 quod
423 3206 630 3290 intelligitur
651 3228 712 3290 per
734 3208 825 3291 quod
845 3208 1014 3271 Dominus
1037 3218 1120 3272 tunc
1145 3205 1300 3289 purificet
1323 3206 1432 3270 homi·

307 3319 386 3363 nem
406 3324 426 3365 a
445 3304 735 3387 concupiscentiis
754 3302 835 3367 mali
853 3303 887 3367 in
906 3304 1044 3367 interno
1063 3303 1214 3379 homine,
1234 3311 1271 3366 et
1289 3301 1334 3367 ab
1351 3303 1433 3385 ipsis

306 3397 408 3460 malis
427 3398 461 3460 in
481 3410 640 3463 externo.

370 3505 459 3556 121.
488 3487 650 3560 Creditur
672 3515 692 3558 a
715 3496 843 3570 multis,
865 3496 958 3581 quod
981 3494 1094 3560 solum
1119 3495 1259 3561 credere
1282 3494 1316 3559 id
1339 3494 1431 3579 quod

306 3587 467 3652 Ecclesia
485 3589 600 3666 docet,
618 3589 774 3672 purificet
794 3593 970 3657 hominem
993 3614 1013 3656 a
1036 3592 1156 3671 malis;
1180 3602 1216 3657 et
1240 3591 1390 3656 creditur
1412 3612 1432 3656 a

277 3685 511 3767 -quibusdam
541 3685 632 3768 quod
662 3686 774 3752 lacere
804 3689 931 3754 bonum
960 3687 1138 3774 purificet;
1174 3709 1194 3752 a
1227 3686 1431 3771 quibusdam

304 3779 398 3862 quod
421 3781 520 3855 scire,
546 3781 639 3865 loqui
669 3793 704 3847 et
724 3785 848 3850 docere
872 3786 955 3849 talia
977 3805 1064 3868 quae
1088 3782 1257 3848 ecclesiae
1280 3792 1382 3862 sunt;
1412 3803 1432 3846 a

304 3876 509 3958 quibusdam
529 3878 620 3961 quod
640 3878 756 3961 legere
775 3880 929 3946 Verbum
948 3901 988 3945 ac
1009 3879 1113 3944 libros
1132 3879 1295 3962 pietatis;
1319 3899 1340 3942 a
1358 3877 1430 3962 qui·

201 4027 205 4035 .
305 3970 451 4036 busdam
485 3973 702 4058 frequentare
736 3977 879 4062 templa,
912 3974 1106 4040 auscultare
1142 3974 1430 4057 praedicationes,

302 4081 341 4132 et
360 4070 525 4152 imprimis
544 4071 639 4137 obire
659 4069 821 4137 Santram
838 4071 989 4150 Cenam;
1013 4093 1033 4134 a
1053 4070 1257 4154 quibusdam
1269 4069 1431 4134 abdicare

304 4165 481 4240 mundum,
495 4187 534 4230 ac
548 4169 686 4232 studere
700 4169 823 4252 pietati
835 4190 843 4246 ;
866 4191 886 4232 a
902 4167 1106 4252 quibusdam
1117 4165 1273 4231 confiteri
1286 4186 1323 4230 se
1336 4182 1430 4230 reum

302 4264 457 4328 omnium
478 4275 718 4347 peccatorum;
738 4276 773 4329 et
793 4265 841 4329 sic
861 4284 972 4346 porro.
1017 4262 1069 4326 At
1089 4281 1195 4346 usque
1211 4261 1327 4326 omnia
1344 4260 1430 4325 haec

304 4358 389 4421 nihil
410 4359 589 4443 purificant
608 4361 794 4435 hominem,
815 4361 879 4424 nisi
903 4358 961 4423 ille
981 4357 1142 4442 exploret
1165 4377 1214 4432 se,
1234 4357 1352 4422 videat
1371 4373 1432 4420 sua

304 4465 461 4536 peccata,
479 4466 648 4539 agnoscat
665 4457 735 4530 illa,
755 4457 966 4520 condemnet
986 4475 1023 4518 se
1041 4464 1183 4538 propter
1198 4452 1270 4529 illa,
1289 4473 1329 4518 ac
1348 4471 1431 4536 pae-

303 4553 488 4618 nitentiam
511 4566 595 4636 agat
619 4555 822 4619 desistendo
846 4553 990 4627 abillis,
1016 4562 1050 4616 et
1078 4552 1164 4616 haec
1189 4551 1306 4616 omnia
1328 4553 1432 4615 laciet

301 4648 391 4713 sicut
411 4669 431 4712 a
450 4669 498 4724 se,
519 4651 580 4712 sed
601 4671 706 4733 usque
726 4671 771 4713 ex
791 4650 903 4712 cordis
922 4648 1100 4730 agnitione
1118 4646 1211 4731 quod
1230 4669 1250 4712 a
1269 4647 1431 4712 Domino.
