3358 5384
336 669 380 749 48
693 674 894 728 sensuam
919 671 1113 724 ducamen

336 863 405 930 tus,
425 862 461 946 ep
487 849 536 915 illi
558 848 624 913 soli
646 847 782 912 lustrati
812 866 882 911 non
906 843 1091 929 propalant
1120 843 1270 927 aliquam
1298 860 1461 922 causam;

335 946 397 1009 sed
417 964 541 1008 causae
565 942 748 1026 propalant
771 937 910 1004 effectus
921 960 931 1018 ;
962 948 1000 1003 et
1019 937 1106 1002 scire
1125 935 1265 1001 effeetus
1284 955 1330 1000 ex
1349 935 1463 998 causis

335 1047 391 1102 est
411 1057 532 1120 sapere
544 1057 553 1115 ;
585 1045 622 1099 at
641 1034 808 1117 inquirere
831 1052 952 1096 causas
975 1030 1020 1094 ab
1042 1028 1218 1094 effectibus
1241 1036 1384 1092 nonest
1405 1047 1461 1090 sa·

335 1150 427 1213 pere,
445 1130 524 1213 quia
544 1137 625 1192 tunc
645 1147 683 1191 se
701 1124 847 1191 offerunt
866 1123 1033 1200 fallaciae,
1054 1143 1139 1206 quas
1157 1123 1337 1207 inquisitor
1355 1129 1461 1186 vocat

334 1242 468 1296 causas,
489 1230 526 1285 et
549 1219 615 1283 hoc
646 1228 701 1283 est
730 1218 939 1299 sapientiam
969 1216 1147 1280 infatuare.
1199 1211 1333 1280 Causae
1368 1216 1459 1278 enim

333 1323 414 1378 sunt
432 1314 556 1396 priora,
571 1321 607 1376 et
621 1308 759 1375 offellus
776 1310 987 1394 posteriora;
1011 1319 1047 1373 et
1063 1330 1108 1372 ex
1125 1307 1373 1391 posterioribus
1390 1327 1459 1370 non

333 1407 441 1470 videri
466 1414 613 1488 possunt
642 1405 765 1486 priora,
786 1403 847 1467 sed
875 1401 1069 1486 posteriora
1095 1421 1141 1465 ex
1166 1400 1345 1484 prioribus.
1391 1399 1459 1464 Hic

334 1508 388 1562 est
407 1498 502 1562 ordo.
551 1497 648 1561 Haec
669 1517 774 1560 causa
795 1504 861 1572 est,
881 1495 974 1579 quod
997 1495 1041 1558 de
1064 1494 1194 1558 mundo
1217 1491 1385 1575 spirituali
1403 1493 1459 1556 hic

332 1591 480 1673 primum
497 1601 632 1672 agatur,
651 1609 772 1654 omnes
788 1589 879 1653 enim
896 1607 1022 1652 causae
1037 1587 1084 1652 ibi
1099 1595 1200 1666 sunt;
1224 1596 1259 1651 et
1274 1595 1399 1668 postea
1415 1585 1460 1650 de

333 1684 463 1747 mundo
483 1683 643 1760 naturali,
658 1683 714 1747 ubi
731 1682 846 1747 omnia
857 1701 944 1765 quae
957 1689 1127 1764 apparent
1143 1688 1225 1744 sunt
1241 1678 1394 1743 effectus.

397 1791 494 1840 ιω.
526 1775 592 1840 Hic
613 1795 702 1840 nunc
726 1775 861 1839 dicetur
879 1774 923 1838 de
941 1773 1054 1856 plagis
1073 1774 1108 1837 in
1127 1772 1256 1835 mundo
1279 1770 1458 1855 spirituali.

332 1865 422 1932 Sunt
451 1868 498 1931 ibi
527 1867 685 1931 similiter
715 1867 840 1949 plagae
868 1867 958 1932 sicut
980 1867 1015 1930 in
1038 1866 1167 1930 mundo
1196 1864 1363 1943 naturali;
1396 1863 1458 1928 sed

332 1958 458 2042 plagae
477 1960 596 2023 mundi
612 1959 809 2042 spiritualis,
827 1960 916 2025 sicut
932 1961 1006 2041 ipse
1021 1959 1167 2022 mundus
1183 1965 1248 2034 est,
1262 1965 1344 2021 sunt
1360 1956 1456 2038 spiri·

333 2051 466 2131 tuales,
489 2062 527 2117 at
542 2051 667 2136 plagae
683 2053 801 2116 mundi
817 2053 993 2128 naturalis,
1010 2052 1190 2132 sicutipse
1206 2049 1362 2124 mundus,
1377 2057 1458 2114 sunt

333 2144 509 2209 naturales
523 2165 532 2224 ;
551 2165 657 2229 quare
672 2154 811 2209 tantum
824 2144 984 2209 differunt
1000 2155 1038 2209 ut
1054 2143 1138 2208 nihil
1151 2161 1334 2207 commune
1349 2141 1457 2206 habe·

332 2246 405 2300 ant.
450 2235 539 2302 Sunt
553 2246 702 2321 quatuor
717 2237 842 2320 plagae
857 2239 892 2301 in
909 2247 1055 2321 utroque
1070 2237 1209 2311 mundo,
1227 2255 1314 2319 quae
1330 2236 1457 2311 oriens,

333 2329 508 2406 occidens,
529 2331 688 2395 meridies
706 2341 743 2396 et
766 2331 959 2414 septentrio
978 2338 1157 2395 vocantur.
1202 2327 1289 2392 Illae
1311 2337 1459 2410 quatuor

331 2421 458 2506 plagae
481 2424 516 2487 in
539 2425 667 2488 mundo
691 2423 840 2488 naturali
863 2431 944 2486 sunt
967 2432 1182 2498 constantes,
1202 2423 1458 2486 determinatae

331 2535 353 2580 a
368 2514 441 2579 sole
457 2516 491 2579 in
509 2517 670 2596 meridie,
693 2527 890 2581 antrorsum
906 2525 962 2580 est
977 2516 1183 2599 septentrio,
1200 2514 1245 2578 ab
1260 2534 1328 2578 uno
1347 2514 1458 2580 latere

333 2617 388 2671 est
406 2609 530 2684 oriens,
551 2609 595 2672 ab
618 2609 731 2674 altero
749 2619 804 2674 est
827 2609 1000 2686 occidens,
1020 2629 1108 2692 quae
1131 2608 1255 2690 plagae
1274 2628 1295 2670 a
1314 2607 1456 2672 meridie

333 2699 480 2782 cujusvis
502 2701 570 2765 loci
593 2702 879 2777 determinantur,
904 2702 987 2766 solis
1011 2702 1102 2765 enim
1125 2703 1232 2765 statio
1255 2703 1289 2764 in
1313 2700 1456 2764 meridie

334 2793 443 2857 ubivis
468 2803 523 2857 est
549 2814 686 2878 semper
715 2796 838 2861 eadem
867 2796 976 2860 etsie
1004 2793 1084 2858 fixa.
1129 2795 1244 2859 Aliter
1267 2795 1301 2857 in
1325 2793 1458 2858 mundo

332 2885 523 2968 spirituali:
556 2886 602 2950 ibi
625 2887 750 2970 plagae
773 2887 1049 2953 determinantur
1070 2907 1091 2950 a
1113 2885 1195 2952 Sole
1213 2888 1271 2964 ibi,
1290 2887 1347 2969 qui
1369 2906 1454 2951 con·

333 2987 471 3041 stanter
500 2989 646 3060 apparet
672 2981 707 3044 in
733 3000 796 3044 suo
821 2979 911 3057 loco,
932 2991 967 3045 et
991 2981 1046 3044 ubi
1077 2990 1222 3064 apparet
1251 2990 1306 3044 est
1329 2981 1456 3044 oriens.

333 3067 450 3151 Quare
468 3071 711 3136 determinatio
729 3073 909 3156 plagarum
927 3073 962 3136 in
981 3073 1041 3137 illo
1060 3074 1188 3137 mundo
1207 3093 1277 3137 non
1295 3084 1350 3139 est
1367 3074 1458 3140 sicut

332 3161 367 3226 in
386 3164 515 3227 mundo
538 3164 685 3229 naturali
704 3186 725 3229 a
743 3167 894 3243 meridie,
914 3166 976 3229 sed
1000 3177 1053 3230 est
1072 3167 1116 3230 ab
1135 3167 1270 3230 oriente
1281 3188 1289 3245 ;
1318 3178 1456 3231 antror-

332 3274 406 3320 sum
423 3265 477 3320 est
493 3258 668 3333 occidens,
681 3259 726 3324 ab
741 3279 810 3322 uno
826 3258 936 3323 latere
953 3268 1007 3323 est
1024 3259 1194 3335 meridies,
1212 3259 1257 3322 ab
1271 3259 1382 3323 altero
1399 3268 1456 3325 est

331 3350 536 3431 septentrio.
581 3348 650 3415 Sed
667 3351 759 3434 quod
775 3350 899 3433 plagae
917 3350 998 3414 illae
1018 3371 1086 3414 non
1102 3351 1172 3415 sint
1188 3373 1208 3415 a
1224 3350 1306 3417 Sole
1321 3351 1379 3428 ibi,
1393 3352 1456 3416 sed

332 3442 377 3505 ab
394 3443 516 3506 incolis
539 3441 629 3506 illius
652 3444 782 3520 mundi,
803 3445 860 3527 qui
883 3453 964 3508 sunt
987 3443 1103 3526 angeli
1127 3454 1162 3509 et
1186 3445 1337 3527 spiritus,
1358 3445 1454 3509 vide·

331 3533 423 3598 bitur
439 3535 473 3598 in
492 3535 725 3617 sequentibus.

395 3639 483 3691 121.
515 3625 688 3708 Quoniam
716 3628 841 3711 plagae
870 3629 950 3693 illae
980 3650 1024 3693 ex
1055 3630 1187 3712 origine
1217 3651 1288 3706 sua,
1313 3631 1370 3714 qui
1399 3638 1455 3695 est

333 3715 502 3782 Dominus
518 3729 556 3783 ut
575 3717 648 3796 Sol,
669 3730 747 3785 sunt
769 3723 973 3805 spirituales,
990 3723 1069 3786 ideo
1092 3723 1326 3786 habitationes
1345 3743 1453 3804 ange·

331 3809 443 3873 lorum
466 3821 502 3875 et
526 3813 716 3894 spirituum,
741 3834 828 3897 quae
855 3835 976 3879 omnes
1003 3824 1081 3879 sunt
1112 3817 1300 3879 secundum
1331 3815 1455 3898 plagas

331 3901 421 3978 illas,
435 3905 541 3967 etiam
557 3905 752 3986 spirituales
769 3915 870 3986 sunt;
894 3917 929 3972 et
946 3907 1140 3990 spirituales
1156 3919 1247 3984 sunt,
1262 3907 1340 3992 quia
1354 3907 1453 3972 habi·

331 4002 410 4059 tant
426 3998 612 4061 secundum
629 4001 847 4081 receptiones
863 4003 988 4064 amoris
1004 4012 1039 4064 et
1053 4002 1244 4083 sapientiae
1256 4022 1276 4064 a
1290 4000 1452 4064 Domino.

332 4085 389 4151 Illi
405 4088 508 4171 quiin
524 4092 649 4154 amoris
664 4093 774 4174 gradu
790 4094 954 4174 superiori
971 4103 1063 4168 sunt,
1077 4093 1238 4158 habitant
1255 4094 1289 4157 in
1305 4095 1452 4172 oriente,

331 4181 389 4264 qui
408 4183 442 4245 in
461 4183 587 4247 amoris
609 4184 717 4265 gradu
740 4185 896 4249 inferiore
920 4187 953 4249 in
973 4188 1165 4263 occidente,
1186 4188 1295 4269 quiin
1315 4189 1449 4270 sapien-

331 4273 401 4338 tiae
419 4275 528 4356 gradu
547 4277 719 4359 superiore
736 4279 770 4340 in
787 4279 937 4352 meridie,
955 4289 991 4343 et
1009 4281 1114 4362 quiin
1134 4281 1323 4362 sapientiae
1341 4281 1454 4362 gradu

331 4365 488 4431 inferiore
514 4370 549 4432 in
578 4371 828 4452 septentrione.
879 4371 965 4435 Inde
995 4382 1059 4449 est,
1080 4374 1171 4456 quod
1195 4373 1229 4435 in
1249 4371 1367 4436 Verbo
1391 4393 1454 4454 per

334 4461 556 4526 “orientem”
574 4463 608 4526 in
627 4484 787 4546 supremo
806 4485 908 4528 sensu
928 4465 1143 4548 intelligatur
1163 4465 1342 4540 Dominus,
1360 4474 1395 4529 et
1415 4467 1450 4546 in

332 4575 434 4620 sensu
455 4553 648 4637 respective
669 4576 765 4620 amor
784 4559 817 4620 in
838 4557 965 4640 Ipsum,
986 4579 1046 4641 per
1064 4559 1310 4622 “occidentem
1320 4558 1336 4584 ”
1354 4578 1451 4622 amor

330 4651 365 4715 in
396 4651 511 4726 Ipsum
539 4652 755 4727 decrescens,
776 4675 836 4727 per
860 4655 1063 4718 “meridiem
1073 4654 1088 4680 ’'
1111 4657 1281 4732 sapientia
1304 4657 1336 4718 in
1363 4655 1451 4730 luce,
