3418 5368
351 679 410 760 178
701 691 905 741 samariam
928 689 1124 740 nucamcn

346 875 383 929 et
402 863 745 946 appropinquavisset
765 883 866 924 unum
885 862 927 924 ad
948 861 1104 936 alterum,
1123 861 1265 926 omnino
1283 883 1320 927 se
1337 885 1477 948 separa·

346 971 434 1034 rent,
458 960 546 1023 sicut
571 957 640 1021 bini
664 958 795 1032 hostes,
814 977 956 1040 quorum
977 979 1062 1020 unus
1082 959 1172 1021 intra
1195 979 1255 1022 sua
1279 973 1394 1024 castra
1417 973 1477 1027 aut

344 1058 435 1119 intra
452 1075 513 1119 sua
533 1056 755 1128 munimenta,
773 1065 808 1116 et
832 1054 920 1116 alter
937 1064 1039 1116 extra
1059 1052 1127 1129 illa,
1145 1075 1182 1117 se
1198 1057 1375 1138 reciperet.
1421 1058 1478 1122 lta

345 1152 382 1215 fit
407 1169 483 1216 cum
506 1150 605 1214 malis
631 1159 666 1214 et
690 1150 790 1213 bonis
814 1150 903 1232 apud
925 1149 1163 1230 hypocritam3
1187 1150 1241 1215 hic
1266 1153 1299 1214 in
1324 1156 1476 1238 utrisque

343 1259 418 1326 est;
443 1248 505 1312 sed
529 1248 655 1312 malum
676 1258 730 1310 est
750 1247 841 1310 intra
864 1255 899 1309 et
926 1246 1053 1309 bonum
1071 1255 1126 1311 est
1145 1257 1258 1324 extra,
1276 1259 1311 1312 et
1335 1250 1382 1312 sic
1407 1251 1475 1315 duo

343 1344 402 1408 illa
433 1355 605 1428 separata,
640 1353 676 1406 et
713 1363 781 1405 non
819 1344 1021 1405 commixta.
1069 1341 1125 1406 Ex
1160 1344 1212 1406 his
1246 1363 1335 1408 nunc
1363 1357 1473 1427 patet,

343 1441 434 1523 quod
458 1441 586 1504 malum
607 1459 683 1502 cum
706 1460 768 1502 suo
787 1438 885 1513 salso,
907 1449 942 1501 et
963 1438 1091 1502 bonum
1112 1447 1188 1503 eum
1208 1461 1270 1502 suo
1288 1461 1382 1518 vero,
1404 1462 1473 1506 non

342 1537 476 1618 possint
508 1535 606 1599 simul
632 1555 718 1598 esse.
774 1541 831 1601 [3.]
871 1534 1052 1597 Alterum:
1099 1533 1196 1612 Quod
1222 1557 1243 1599 a
1270 1535 1410 1599 Domino
1438 1538 1473 1600 in

340 1631 502 1694 interiora
527 1631 672 1695 hominis
693 1651 756 1693 non
776 1631 889 1711 possit
909 1629 1036 1710 inferri
1055 1628 1172 1693 bonum
1193 1652 1232 1694 ac
1252 1653 1367 1695 verum
1387 1633 1470 1706 boni,

341 1727 413 1789 m‘si
429 1738 588 1809 quantum
609 1727 659 1790 ibi
674 1737 833 1790 remotum
851 1737 903 1789 est
918 1726 1043 1790 malum
1059 1735 1092 1789 et
1100 1726 1237 1808 falsum
1256 1729 1470 1793 malie-Hoc

339 1832 394 1887 est
427 1825 537 1904 ipsum
569 1843 783 1906 consequens
810 1823 1109 1902 antecedentium
1144 1841 1224 1886 nam
1247 1843 1322 1887 cum
1344 1824 1470 1888 malum

339 1928 375 1981 et
407 1918 534 1981 bonum
567 1938 635 1982 non
672 1927 816 2001 possunt
855 1916 954 1981 simul
989 1937 1076 1992 esse,
1107 1938 1178 1981 non
1208 1929 1326 2002 potest
1359 1921 1472 1983 inferri

340 2015 479 2088 bonum,
500 2015 693 2098 priusquam
721 2013 848 2077 malum
873 2023 1044 2077 remotum
1069 2024 1132 2077 est.
1179 2013 1312 2078 Dicitur
1331 2017 1364 2078 in
1380 2017 1470 2079 inte·

339 2109 481 2172 rioribus
514 2109 673 2184 hominis,
696 2130 757 2192 per
785 2129 872 2193 quae
902 2109 1107 2192 intelligitur
1134 2111 1307 2174 internum
1334 2113 1468 2193 cogita·

338 2206 463 2283 tionis;
488 2205 531 2268 de
554 2205 607 2268 his
624 2207 748 2288 agitur,
776 2206 810 2268 in
830 2205 952 2288 quibus
971 2205 1026 2269 vel
1050 2208 1115 2270 erit
1136 2204 1304 2269 Dominus
1326 2207 1382 2270 vel
1405 2209 1470 2272 erit

336 2303 515 2380 diabolus;
541 2313 595 2365 est
616 2300 783 2365 Dominus
800 2301 844 2365 ibi
863 2312 942 2385 post
959 2301 1249 2376 reformationem,
1267 2313 1303 2367 et
1322 2314 1376 2367 est
1396 2304 1468 2367 dia·

337 2399 437 2462 bolus
458 2399 502 2462 ibi
522 2407 605 2462 ante
627 2396 742 2475 illam;
768 2408 933 2481 quantum
954 2397 1070 2481 itaque
1089 2398 1193 2460 homo
1213 2399 1340 2479 patitur
1359 2419 1395 2461 se
1414 2420 1468 2462 re·

335 2494 484 2572 formari,
504 2504 640 2557 tantum
659 2492 816 2556 diabolus
835 2492 990 2574 ejicitur;
1014 2504 1051 2556 at
1071 2503 1235 2577 quantum
1254 2512 1323 2555 non
1340 2495 1469 2576 patitur

334 2613 373 2654 se
396 2590 582 2665 reformari,
605 2599 743 2653 tantum
765 2590 922 2654 diabolus
940 2600 1107 2654 remanet.
1154 2587 1240 2671 Quis
1264 2609 1333 2652 non
1352 2591 1468 2654 videre

333 2696 465 2769 potest,
485 2687 576 2767 quod
597 2685 765 2749 Dominus
785 2705 854 2748 non
871 2686 999 2750 intrare
1017 2687 1137 2770 possit,
1153 2686 1315 2768 quamdiu
1330 2685 1376 2748 ibi
1395 2685 1467 2748 dia·

335 2780 435 2844 bolus
456 2781 535 2844 est?
582 2780 629 2844 Et
655 2781 787 2844 tamdiu
812 2780 857 2844 ibi
880 2792 946 2856 est,
967 2783 1129 2864 quamdiu
1148 2780 1252 2843 homo
1269 2789 1368 2843 tenet
1387 2800 1465 2862 por-

334 2889 408 2940 tam
428 2877 591 2950 clausam,
610 2877 643 2940 in
665 2896 732 2960 qua
751 2877 950 2940 homocum
968 2876 1119 2939 Domino
1135 2873 1235 2938 simul
1254 2883 1317 2938 est.
1364 2873 1466 2958 Quod

336 2971 504 3034 Dominus
522 2969 638 3047 intret,
658 2973 797 3055 quando
815 2981 917 3055 porta
936 2970 995 3035 illa
1015 2969 1129 3034 medio
1147 2969 1286 3034 homine
1301 2972 1464 3053 aperitur,

335 3067 440 3132 docet
463 3067 631 3131 DomInus
651 3068 685 3131 in
704 3065 919 3151 Apocalypsi,

386 3205 401 3227 ⁴¹
410 3202 538 3254 Consisto
553 3204 587 3254 ad
602 3203 712 3266 januam
730 3213 757 3253 et
775 3203 869 3267 pulso;
887 3203 910 3252 si
923 3205 982 3267 quis
996 3203 1129 3252 audiverit
1141 3217 1235 3253 vocem
1248 3215 1346 3262 meam,
1359 3211 1386 3253 et
1403 3215 1466 3266 ape·

467 3270 550 3319 ruerit
563 3269 681 3331 januam,
698 3269 833 3332 ingrediar
848 3269 882 3318 ad
897 3268 981 3326 illurn,
994 3277 1021 3318 et
1038 3271 1143 3318 cenabo
1155 3283 1217 3318 cum
1231 3268 1287 3326 illo,
1299 3279 1328 3319 et
1345 3268 1389 3318 illc
1408 3267 1465 3318 Me·

467 3350 527 3386 cum
536 3334 551 3354 ''
565 3335 610 3396 (iii.
625 3335 682 3398 20);

330 3467 434 3549 janua
456 3467 607 3549 aperitur
630 3486 690 3548 per
714 3465 805 3550 quod
828 3464 934 3529 homo
952 3476 1131 3530 removeat
1150 3464 1279 3530 malum
1302 3465 1465 3547 fugiendo

331 3574 369 3626 et
387 3561 579 3625 aversando
598 3560 681 3624 illud
700 3562 787 3625 sicut
808 3559 973 3625 infernale
989 3571 1025 3624 et
1042 3561 1249 3625 diabolicum
1264 3581 1272 3638 ;
1297 3579 1377 3623 nam
1393 3561 1464 3624 sive

332 3659 465 3721 dicatur
493 3656 620 3720 malum
647 3657 719 3720 sive
743 3654 911 3731 diabolus,
933 3655 1023 3719 idem
1048 3667 1123 3734 est;
1147 3677 1186 3719 ac
1210 3656 1372 3730 vicissim,
1393 3657 1464 3719 sive

330 3754 466 3817 dicatur
485 3753 613 3816 bonum
631 3752 702 3815 sive
721 3751 900 3826 Dominus,
918 3751 1009 3814 idem
1025 3761 1091 3824 est,
1109 3751 1238 3814 namin
1256 3753 1349 3814 omni
1372 3751 1465 3815 bono

330 3852 424 3914 intus
436 3859 491 3913 est
508 3848 686 3922 Dominus,
702 3859 738 3912 et
754 3848 788 3911 in
804 3849 898 3912 omni
914 3847 1008 3911 malo
1023 3847 1115 3911 intus
1128 3857 1183 3910 est
1195 3845 1362 3910 diabolus.
1407 3845 1464 3910 Ex

331 3945 385 4009 iris
399 3955 497 4026 patet
511 3944 638 4009 veritas
652 3943 750 4026 hujus
763 3946 822 4009 rei.
864 3951 922 4014 [4.]
944 3943 1119 4008 Tertium:
1140 3941 1183 4006 Si
1195 3941 1312 4005 benum
1323 3962 1395 4005 cum
1405 3963 1465 4007 suo

330 4065 410 4107 vero
421 4043 607 4124 inferretur
623 4043 725 4124 preies
742 4053 802 4106 aut
811 4043 892 4126 plus
907 4063 1009 4126 quam
1020 4051 1181 4104 remotum
1195 4048 1248 4103 est
1257 4037 1383 4103 malum
1392 4061 1464 4103 cum

330 4137 502 4219 suosalse,
515 4138 610 4202 homo
626 4138 788 4202 recederet
801 4160 823 4202 a
836 4139 925 4212 beno,
940 4158 979 4201 ac
988 4137 1113 4200 rediret
1123 4135 1173 4199 ad
1180 4155 1277 4199 suum
1286 4134 1465 4199 malum.-

331 4234 445 4300 Causa
461 4245 527 4311 est,
543 4238 621 4321 quia
640 4237 856 4321 praevaleret
873 4235 1011 4310 malum,
1029 4245 1065 4300 et
1085 4233 1176 4318 quod
1193 4230 1383 4315 praevalet,
1396 4229 1463 4296 hoc

331 4333 449 4407 vincit,
482 4331 511 4396 si
546 4351 615 4398 non
646 4346 727 4401 tunc
761 4351 866 4418 usque
897 4343 1030 4417 postea.
1075 4329 1168 4394 Dum
1198 4328 1310 4392 adhuc
1334 4325 1463 4390 malum

331 4427 520 4512 praevalet,
546 4450 614 4494 non
640 4442 759 4516 potest
783 4432 911 4496 bonum
935 4429 1047 4494 inferri
1070 4429 1104 4493 in
1128 4425 1250 4490 intima
1272 4421 1463 4498 conclavia,

331 4528 393 4592 sed
421 4530 533 4594 solum
559 4530 592 4593 in
624 4531 734 4606 atria;
770 4528 942 4612 quoniam,
968 4537 1005 4590 ut
1033 4521 1161 4589 dictum
1185 4516 1249 4598 est,
1275 4520 1402 4585 malum
1426 4525 1465 4583 et

331 4626 460 4689 bonum
487 4645 554 4690 non
580 4635 724 4708 possunt
750 4623 849 4687 simul
873 4641 959 4696 esse,
985 4631 1021 4687 et
1051 4620 1143 4705 quod
1168 4617 1279 4683 solum
1309 4617 1343 4681 in
1366 4613 1465 4680 atriis

331 4731 397 4800 est,
417 4721 483 4787 hoc
501 4731 698 4786 removetur
715 4721 758 4784 ab
773 4720 876 4784 hoste
892 4719 975 4802 ejus,
992 4718 1049 4803 qui
1064 4714 1286 4782 conclavibus
1301 4725 1369 4794 est,
1382 4711 1464 4778 inde
