3418 5370
485 691 536 742 nn
558 691 698 744 nrvrun
721 690 1078 747 nnovmsvnn-v.
1098 696 1169 766 327.
1327 687 1391 772 283

257 885 309 931 ex
339 885 433 941 auro,
457 885 497 930 ac
527 863 719 950 plaustrum
750 883 889 943 novum,
920 875 958 933 et
987 888 1090 952 super
1118 867 1186 934 hoc
1213 871 1394 956 posuerint

257 981 390 1036 arcam,
407 971 444 1026 et
459 961 563 1044 juxta
578 961 672 1025 illam
688 962 973 1027 haemorrhoides
992 975 1028 1030 et
1049 985 1163 1030 mures
1179 987 1225 1032 ex
1244 988 1338 1045 auro,
1356 976 1394 1034 et

261 1077 324 1140 per
351 1057 450 1119 binas
472 1076 607 1132 vaccas,
628 1076 715 1139 quae
746 1058 901 1122 boabant
931 1060 965 1122 in
996 1060 1052 1123 via
1081 1071 1164 1126 ante
1188 1060 1393 1145 plaustrum,

257 1171 380 1218 arcam
396 1151 440 1215 ad
458 1150 544 1214 filios
561 1151 699 1215 Israelis
710 1153 915 1230 remiserint,
930 1176 950 1218 a
965 1156 1087 1238 quibus
1098 1177 1225 1222 vaccae
1242 1167 1278 1222 et
1295 1158 1393 1241 plau·

261 1258 372 1312 strum
402 1245 684 1310 sacrificabantur
717 1246 891 1330 (videatur
922 1266 935 1312 1
963 1249 1054 1314 Sam.
1079 1273 1111 1315 v.
1134 1261 1172 1316 et
1201 1251 1274 1335 vi.).
1320 1259 1393 1320 [la-l

265 1342 364 1407 Nunc
384 1343 527 1416 dicetur,
548 1343 629 1425 quid
648 1345 764 1407 omnia
782 1344 842 1408 illa
861 1344 1115 1428 significabant.
1162 1343 1394 1411 “Philistaei”

259 1437 507 1522 significabant
531 1438 609 1501 illos
631 1440 687 1522 qui
717 1438 841 1504 infide
865 1452 1027 1524 separata
1053 1463 1074 1506 a
1097 1442 1269 1507 charitate
1292 1451 1392 1519 sunt;

262 1535 423 1617 “Dagon
433 1533 449 1558 ''
472 1534 735 1616 representabat
757 1535 957 1618 religiosum
985 1536 1092 1616 illud;
1125 1538 1393 1604 “haemorrhoi-

257 1631 326 1696 des
334 1631 349 1655 ’⁸
368 1630 488 1714 quibus
504 1631 655 1710 percussi
673 1639 766 1706 sunt,
787 1630 1029 1714 significabant
1048 1651 1184 1698 amores
1203 1633 1392 1709 naturales,

257 1731 321 1814 qui
344 1728 495 1812 separati
517 1727 562 1790 ab
584 1745 701 1792 amore
720 1728 890 1810 spirituali
907 1729 1074 1795 immundi
1097 1742 1199 1812 sunt;
1224 1753 1263 1796 ac
1286 1738 1392 1794 “mu-

262 1846 319 1891 res
328 1825 343 1848 ”
358 1821 600 1905 significabant
617 1823 896 1888 devastationem
913 1825 1083 1890 ecclesiae
1103 1846 1164 1909 per
1182 1826 1394 1892 falsificatio-

265 1941 328 1986 nes
341 1922 410 1984 veri
424 1941 432 1996 ;
454 1925 474 1952 “
486 1919 676 2003 plaustrum
689 1920 845 1995 novum‚”
855 1941 957 2002 super
969 1941 1037 2004 quo
1048 1923 1254 1988 remiserunt
1264 1943 1392 1998 arcam,

258 2015 484 2100 ,significabat
503 2011 697 2078 doctrinam
716 2035 853 2092 novam,
874 2017 935 2081 sed
956 2016 1164 2094 naturalem,
1184 2038 1264 2083 nam
1285 2024 1394 2083 “cur-

264 2133 322 2177 rus
330 2112 345 2136 ''
364 2113 397 2174 in
414 2109 532 2173 Verbo
551 2109 723 2192 significat
743 2109 937 2176 dodirinam
955 2133 1002 2176 ex
1026 2113 1115 2177 veris
1138 2114 1394 2197 spiritualibus;

265 2205 449 2271 “vaccae''
461 2205 702 2288 significabant
718 2203 918 2272 affedtiones
937 2209 1047 2272 bonas
1063 2210 1239 2274 naturales
1253 2231 1262 2289 ;
1284 2210 1395 2275 “hae-

265 2301 480 2368 morrhoides
499 2322 545 2364 ex
565 2321 648 2365 auro
658 2301 674 2326 ''
682 2291 935 2385 ‘significabant
954 2322 1089 2368 amores
1108 2304 1285 2369 naturales
1303 2306 1394 2388 puri·

264 2397 388 2464 ficatos
411 2407 448 2460 et
476 2393 586 2461 factos
609 2397 739 2475 bonos;
776 2404 922 2464 “mures
950 2420 997 2463 ex
1027 2398 1134 2464 auro''
1153 2398 1396 2482 significabant

264 2495 496 2558 vastationem
512 2491 680 2557 ecclesiae
697 2513 757 2575 per
772 2493 901 2558 bonum
917 2494 1102 2570 sublatam,
1115 2501 1263 2559 “aurum
1273 2494 1290 2520 ”
1302 2496 1394 2558 enim

260 2589 300 2653 in
316 2588 435 2653 Verbo
450 2585 621 2670 significat
638 2588 787 2666 bonum;
813 2594 832 2622 ‘¹
843 2590 963 2654 boatio
977 2608 1159 2654 vaccarum
1176 2591 1210 2654 in
1226 2591 1282 2653 via
1290 2589 1307 2617 '’
1323 2592 1394 2673 sig·

264 2683 428 2750 nificabat
453 2681 628 2747 difficilem
651 2684 912 2748 conversionem
931 2686 1290 2767 concupiscentiarum
1313 2684 1396 2749 mali

266 2781 433 2846 naturalis
449 2778 598 2842 hominis
614 2780 648 2844 in
664 2777 863 2844 affectiones
879 2781 1009 2859 bonas;
1033 2780 1125 2863 quod
1143 2787 1163 2814 ‘¹
1174 2801 1301 2846 vaccae
1317 2799 1395 2846 cum

263 2877 423 2960 plaustro
450 2876 483 2938 in
506 2875 750 2939 holocaustum
773 2876 915 2941 oblatae
938 2875 1038 2952 sint,”
1059 2875 1280 2960 significabat
1303 2876 1396 2960 quod

260 2975 311 3037 sit
328 2972 495 3036 Dominus
511 2972 718 3054 propitiatus
734 2973 793 3036 sic.
840 2980 913 3039 [13.]
946 2971 1043 3036 Haec
1060 2982 1141 3037 sunt
1158 2993 1244 3056 quae
1261 2993 1321 3054 per
1336 2971 1397 3036 illa

265 3067 431 3133 historica
446 3067 671 3148 spiritualiter
685 3068 947 3149 intelliguntur;
972 3066 1143 3150 conjunge
1162 3067 1221 3131 illa
1239 3068 1272 3131 in
1292 3087 1396 3131 unum

260 3184 416 3238 sensum,
447 3170 483 3226 et
516 3161 568 3226 sac
600 3163 882 3246 applicationem.
935 3161 1038 3244 Quod
1073 3182 1133 3246 per
1163 3161 1397 3227 Philisthaeos

263 3259 521 3344 repraesentati
539 3259 609 3322 sint
633 3260 747 3342 quiin
771 3259 838 3322 fide
862 3268 1025 3341 separata
1054 3278 1075 3321 a
1104 3257 1279 3322 charitate
1301 3267 1395 3334 sunt,

265 3357 424 3421 videatur
440 3357 474 3418 in
487 3352 651 3416 Dotirina
662 3352 780 3416 Novae
790 3352 1042 3434 Hierosolymae
1052 3352 1093 3416 de
1103 3351 1189 3416 Fide
1201 3351 1249 3435 (n.
1261 3351 1396 3434 49-54).

265 3451 315 3516 Et
334 3451 425 3535 quod
444 3469 523 3513 arca
542 3469 588 3511 ex
607 3448 779 3531 decalogo
794 3449 840 3512 ibi
859 3447 992 3511 incluso
1011 3445 1264 3512 sandiissimum
1281 3447 1396 3511 eccle·

259 3547 337 3612 ,siae
360 3546 472 3620 suerit,
492 3545 527 3608 in
549 3542 715 3608 Domina
746 3543 843 3608 Vitae
865 3553 934 3626 pro
960 3541 1061 3607 Nova
1083 3541 1318 3625 Hierosolyma
1346 3542 1395 3627 (n.

310 3645 367 3705 -61
394 3692 400 3704 .

270 3657 307 3725 53
329 3643 424 3822 327.
460 3735 537 3820 (iii.)
564 3734 662 3814 Quod
679 3736 753 3819 ipse
773 3735 869 3800 hom
890 3736 926 3800 in
947 3735 1046 3818 culpa
1063 3735 1120 3812 sit,
1138 3735 1174 3801 si
1193 3755 1257 3800 non
1279 3735 1396 3800 salva·

259 3833 457 3898 tun-Hoc
475 3851 593 3898 verum
611 3833 717 3897 modo
732 3834 888 3896 auditum
905 3833 949 3896 ab
967 3834 1062 3896 omni
1078 3832 1239 3898 rationali
1257 3831 1396 3896 homine

260 3931 480 4014 agnoscitur,
500 3929 592 4012 quod
612 3949 633 3992 a
655 3929 749 3992 bono
768 3949 836 3992 non
856 3928 966 4012 possit
985 3927 1153 4010 profluere
1172 3928 1311 4003 malum,
1332 3946 1395 3991 nec

267 4045 290 4088 a
312 4023 405 4087 malo
424 4024 563 4096 bonum,
580 4025 659 4106 quia
675 4024 838 4107 opposita
856 4031 958 4100 sunt;
983 4031 1247 4106 consequenter,
1264 4022 1355 4106 quod
1375 4042 1397 4085 a

268 4119 362 4184 bono
387 4139 455 4183 non
479 4117 625 4201 profluat
650 4120 715 4182 nisi
739 4138 841 4203 quam
860 4118 1000 4192 bonum,
1020 4129 1056 4180 et
1079 4137 1100 4180 a
1123 4117 1216 4180 malo
1239 4137 1308 4180 non
1331 4117 1397 4182 nisi

260 4235 371 4299 quam
392 4213 530 4277 malum.
577 4211 664 4279 Cum
684 4213 750 4278 hoc
769 4233 889 4277 verum
909 4213 1121 4295 agnoscitur,
1142 4213 1248 4278 etiam
1267 4232 1396 4294 agnos·

262 4311 358 4374 citur
375 4311 452 4382 hoc,
470 4309 563 4393 quod
583 4310 711 4373 bonum
726 4310 815 4374 verti
834 4309 945 4392 possit
965 4310 997 4371 in
1018 4307 1157 4383 malurn,
1175 4327 1244 4371 non
1264 4308 1397 4372 abono

269 4408 332 4470 sed
356 4428 375 4469 a
398 4405 492 4468 malo
510 4407 719 4488 recipiente3
746 4406 858 4468 omnis
881 4405 972 4468 enim
995 4404 1105 4478 forma
1128 4404 1233 4468 vertit
1256 4402 1396 4468 influum

270 4501 304 4565 in
324 4519 420 4564 suum
437 4502 539 4582 quale
558 4500 731 4583 (videatur
747 4519 859 4582 supra,
876 4519 908 4563 n.
928 4497 1017 4582 292).
1064 4497 1163 4562 Nunc
1179 4500 1258 4582 quia
1275 4499 1397 4563 Domi·

266 4615 334 4659 nus
356 4604 409 4658 est
437 4595 571 4660 Bonum
600 4597 634 4658 in
658 4595 734 4677 ipsa
756 4614 818 4657 sua
835 4594 998 4668 essentia,
1023 4614 1084 4657 seu
1112 4594 1223 4678 ipsum
1248 4593 1394 4672 Bonum,

261 4698 369 4773 patet
388 4690 479 4772 quod
499 4711 519 4752 a
539 4689 689 4754 Domino
707 4708 779 4754 non
797 4688 962 4773 profluere
980 4689 1093 4774 possit
1108 4688 1248 4767 malum,
1267 4709 1330 4754 nec
1350 4690 1398 4754 ab
