3410 5382
339 637 383 700 60
689 652 897 704 saetsurm
919 652 1117 703 nnonmcn

340 839 386 884 ex
413 839 451 882 se
477 818 559 883 facit
583 820 679 902 leges
702 841 784 886 suae
809 822 959 898 tabulae,
984 832 1122 887 tantum
1146 822 1314 886 Dominus
1337 820 1399 883 dat
1430 830 1467 884 ut

339 915 443 979 faciat
464 912 561 997 leges
582 914 692 997 Ipsius
712 918 874 982 tabulae:
899 929 935 981 at
955 917 1073 993 homo,
1093 919 1148 1000 qui
1172 938 1239 981 non
1264 917 1346 980 facit
1371 915 1467 1000 leges

340 1031 421 1073 suae
441 1011 592 1088 tabulae,
611 1033 697 1096 quae
714 1034 835 1078 omnes
852 1035 888 1077 se
904 1013 1056 1076 referunt
1072 1014 1115 1076 ad
1135 1033 1288 1077 amorem
1305 1013 1466 1096 proximi,

339 1125 408 1170 non
433 1118 551 1190 potest
574 1110 686 1174 facere
711 1109 807 1192 leges
831 1109 972 1174 tabulae
997 1109 1147 1186 Domini,
1173 1131 1261 1194 quae
1284 1129 1407 1175 omnes
1429 1127 1467 1172 se

339 1201 488 1268 referunt
508 1205 552 1268 ad
572 1226 724 1270 amorem
742 1205 891 1270 Domini.
939 1204 1123 1288 Quomodo
1142 1218 1261 1289 potest
1280 1205 1466 1280 homicida,

338 1293 399 1372 fur,
420 1299 569 1376 adulter,
590 1311 626 1365 et
645 1300 751 1364 falsus
770 1309 921 1365 testator
940 1320 1055 1366 amare
1076 1301 1289 1366 Dominum?
1334 1301 1466 1364 Annon

337 1397 427 1460 ratio
444 1395 564 1474 diftat,
578 1399 670 1482 quod
690 1399 771 1463 talis
789 1419 866 1464 esse
885 1409 921 1462 et
940 1418 1056 1462 amare
1074 1399 1198 1476 Deum,
1219 1396 1465 1463 contradictio·

338 1492 423 1554 rium
447 1493 514 1556 sit?
560 1494 671 1559 Estne
690 1494 849 1558 diabolus
872 1494 979 1558 talis?
1025 1493 1116 1559 Num
1139 1495 1198 1560 ille
1221 1504 1342 1579 potest
1365 1495 1467 1559 aliter

338 1606 440 1668 quam
457 1590 539 1653 odio
555 1589 682 1654 habere
699 1590 835 1654 Deum?
873 1590 926 1654 At
942 1609 1019 1654 cum
1036 1591 1142 1655 homo
1157 1591 1354 1666 homicidia,
1369 1589 1464 1654 adul·

337 1683 435 1758 teria,
449 1684 539 1749 furta
555 1695 590 1750 et
607 1685 693 1748 falsa
710 1686 914 1750 testimonia
928 1697 1107 1751 aversatur
1123 1696 1161 1750 ut
1177 1685 1369 1762 infernalia,
1383 1695 1465 1750 tunc

336 1787 476 1859 potest;
501 1800 580 1844 nam
600 1791 682 1845 tunc
702 1782 830 1846 avertit
849 1781 971 1846 faciem
991 1803 1012 1846 a
1033 1782 1174 1846 diabolo
1193 1784 1238 1846 ad
1258 1782 1465 1860 Dominum;

337 1892 376 1935 ac
394 1893 471 1936 cum
482 1877 588 1939 vertit
602 1876 723 1940 faciem
738 1879 781 1940 ad
799 1877 997 1953 Dominum,
1011 1879 1113 1941 datur
1125 1879 1155 1942 ei
1171 1898 1269 1941 amor
1282 1887 1317 1941 et
1328 1879 1464 1960 sapien·

337 1967 405 2029 tia:
430 1967 516 2032 haec
537 1971 669 2035 intrant
686 1972 862 2036 hominem
886 1993 947 2056 per
965 1973 1099 2049 faciem,
1119 1983 1155 2038 et
1180 1993 1249 2037 non
1273 1994 1333 2056 per
1356 1973 1464 2036 cervi·

338 2082 413 2125 cem
447 2063 529 2146 ejus.
575 2063 665 2148 Quia
697 2067 746 2130 ita
776 2078 813 2132 et
847 2088 916 2131 non
950 2067 1052 2133 aliter
1086 2067 1123 2133 lit
1156 2066 1353 2150 conjunctio
1386 2085 1464 2131 cum

338 2157 501 2236 Domino,
522 2162 601 2225 ideo
620 2161 721 2227 binae
737 2162 818 2226 illae
836 2163 977 2229 tabulae
995 2173 1142 2228 vocatae
1161 2173 1242 2226 sunt
1257 2162 1401 2242 foedus;
1424 2181 1463 2227 ac

336 2253 457 2320 foedus
476 2266 531 2321 est
550 2258 641 2321 inter
659 2259 755 2322 duos.

394 2351 470 2434 96·
496 2351 583 2436 (vii.)
606 2352 704 2432 Quod
714 2353 878 2416 Dominus
894 2350 992 2414 denas
1008 2349 1088 2415 illas
1095 2350 1283 2430 facultates
1298 2353 1395 2432 apud
1405 2351 1463 2415 no-

337 2448 457 2510 minem
475 2449 627 2514 e'lle'batas
643 2470 682 2512 ac
704 2459 742 2512 ut
759 2448 896 2512 sanetas
919 2446 1062 2510 inomni
1080 2445 1226 2510 Divinae
1244 2467 1326 2510 suae
1338 2447 1462 2511 Provi-

336 2543 470 2606 dentiae
479 2545 719 2626 progressione
734 2541 1089 2607 custodiat-Causae
1108 2551 1197 2618 sunt,
1218 2543 1311 2625 quod
1334 2542 1465 2608 homini

336 2638 466 2721 absque
490 2640 578 2703 binis
601 2640 669 2704 illis
702 2638 927 2705 facultatibus
959 2658 1028 2701 non
1061 2638 1175 2701 forent
1198 2635 1398 2702 intellectus
1428 2649 1464 2704 et

336 2733 508 2810 voluntas,
531 2745 566 2798 et
594 2736 642 2799 sic
671 2734 731 2800 ille
761 2755 831 2798 non
854 2733 943 2798 foret
967 2734 1094 2810 homo;
1126 2744 1212 2809 tum,
1235 2733 1329 2816 quod
1358 2732 1465 2798 homo

335 2827 466 2911 absque
484 2829 572 2892 binis
595 2830 662 2893 illis
680 2829 903 2894 facultatibus
923 2848 992 2891 non
1012 2829 1184 2910 potuisset
1203 2828 1367 2912 conjungi
1390 2829 1463 2894 Do-

335 2925 439 2998 mino,
460 2934 496 2989 et
527 2926 575 2988 sic
607 2947 676 2988 non
703 2925 880 2988 reformari
906 2933 942 2988 et
973 2924 1189 3005 regenerari;
1224 2933 1262 2987 ut
1292 2935 1340 2998 et,
1372 2924 1464 3008 quod

335 3018 466 3082 homini
484 3020 614 3103 absque
634 3021 723 3084 binis
745 3019 815 3083 illis
833 3019 1056 3083 facultatibus
1081 3039 1152 3082 non
1175 3019 1264 3082 foret
1284 3021 1463 3084 immorta-

335 3114 426 3190 litas,
447 3125 483 3180 et
510 3117 583 3181 vita
606 3127 759 3182 aeterna.
805 3115 907 3198 Quod
930 3117 980 3179 ita
1006 3116 1062 3190 sit,
1083 3135 1128 3178 ex
1158 3117 1360 3196 cognitione
1383 3117 1464 3200 quid

335 3210 477 3274 libertas
495 3221 530 3276 et
548 3214 777 3288 rationalitas,
805 3211 908 3296 (quae
927 3220 1008 3275 sunt
1028 3212 1129 3274 binae
1149 3210 1229 3274 illae
1247 3210 1463 3297 facultates,)

334 3326 422 3390 quae
446 3308 531 3372 data
558 3320 613 3373 est
643 3311 676 3372 in
707 3308 1007 3392 praecedentibus,
1033 3308 1172 3390 quidem
1190 3306 1298 3371 videri
1323 3317 1464 3389 potest:

334 3406 395 3468 sed
415 3425 484 3469 non
502 3405 603 3482 clare,
622 3409 686 3470 nisi
704 3407 764 3470 illa
780 3416 818 3470 ut
833 3405 1074 3470 conclusiones
1094 3406 1262 3468 sistantur
1277 3404 1321 3468 ad
1340 3407 1464 3483 visum,

335 3521 439 3583 quare
456 3500 662 3566 illustranda
678 3511 766 3566 sunt.
814 3512 871 3578 [2]
898 3499 996 3579 Quod
1006 3500 1138 3563 homini
1150 3500 1275 3583 absque
1289 3500 1377 3564 binis
1393 3500 1465 3566 illis

331 3594 561 3676 facultatibus
580 3618 644 3659 non
654 3598 774 3679 forent
788 3596 944 3660 voluntas
959 3605 992 3658 et
1006 3595 1203 3672 e'ntellee‘lus,
1219 3605 1252 3659 et
1269 3595 1318 3661 sic
1332 3595 1390 3659 ille
1400 3616 1465 3660 non

331 3690 430 3770 soret
447 3689 567 3766 leemas
591 3713 659 3755 non
678 3694 770 3757 enim
790 3691 927 3756 aliunde
947 3701 1001 3756 est
1024 3691 1154 3754 homini
1173 3690 1346 3766 voluntas,
1361 3711 1465 3775 quam

334 3785 427 3868 quod
446 3789 558 3869 possit
578 3787 683 3852 libere
702 3786 793 3852 velle
812 3788 900 3850 sicut
919 3808 964 3850 ex
987 3807 1047 3867 se;
1069 3805 1110 3850 ac
1134 3785 1241 3850 libere
1263 3785 1355 3849 velle
1375 3787 1465 3853 sicut

334 3903 379 3944 ex
399 3903 448 3959 se,
470 3893 524 3948 est
545 3905 589 3946 ex
609 3883 776 3948 facultate
794 3883 844 3947 illi
863 3905 883 3946 a
906 3882 1058 3946 Domino
1076 3883 1242 3946 continue
1262 3883 1356 3957 data,
1377 3903 1465 3965 quae

335 3989 481 4043 vocatur
504 3979 670 4044 libertas:
703 3989 739 4044 et
763 3998 833 4042 non
856 3979 995 4043 aliunde
1018 3986 1072 4042 est
1093 3975 1225 4041 homini
1249 3975 1464 4058 intellectus,

334 4095 436 4158 quam
456 4077 548 4158 quod
564 4077 676 4159 possit
695 4076 785 4139 sicut
803 4095 850 4140 ex
873 4093 910 4137 se
933 4072 1130 4156 intelligere
1149 4091 1231 4136 num
1251 4074 1398 4139 rationis
1421 4076 1469 4140 sit

333 4168 389 4233 vel
413 4191 503 4251 non;
527 4192 568 4237 ac
592 4170 788 4252 intelligere
812 4187 892 4233 num
914 4169 1059 4234 rationis
1082 4169 1127 4234 sit
1151 4168 1208 4233 vel
1231 4189 1313 4247 non,
1333 4179 1389 4235 est
1419 4191 1467 4236 ex

333 4265 443 4330 altera
458 4265 625 4332 facultate
642 4264 727 4346 illia
747 4264 899 4329 Domino
914 4265 1078 4330 continue
1098 4265 1192 4342 data,
1210 4287 1299 4350 quae
1319 4277 1469 4334 vocatur

331 4361 559 4427 rationalitas.
605 4361 683 4427 Hae
695 4360 880 4427 facultates
895 4381 933 4424 se
949 4361 1164 4446 conjungunt
1181 4365 1271 4446 apud
1288 4363 1466 4430 hominem

332 4459 421 4523 sicut
436 4458 600 4523 voluntas
616 4468 652 4524 et
671 4455 890 4538 intellectum
914 4457 1005 4541 quod
1024 4480 1148 4543 nempe
1165 4461 1245 4543 quia
1261 4460 1368 4526 homo
1384 4471 1464 4544 pot·

331 4564 386 4620 est
410 4554 511 4627 velle,
536 4557 640 4619 etiam
663 4555 773 4638 possit
796 4553 1017 4638 intelligere3
1051 4576 1129 4620 nam
1156 4557 1246 4621 velle
1270 4577 1338 4620 non
1364 4558 1469 4620 datur

331 4654 461 4735 absque
479 4649 698 4736 intelligere3
721 4651 917 4734 intelligere
940 4661 994 4716 est
1019 4651 1091 4736 ejus
1117 4673 1260 4718 consors
1283 4674 1343 4718 seu
1369 4672 1467 4717 com·
