3410 5382
507 685 558 736 DE
588 681 724 734 DlVlNA
748 681 1101 736 PROVIDENTIA.-N.
1128 689 1198 738 111.
1372 691 1413 757 71

294 857 443 924 cundum
456 853 599 920 moralia
609 851 762 930 rationis,
775 862 812 918 et
824 853 1011 920 secundum
1024 857 1214 941 spiritualia
1226 857 1393 923 ecclesiae
1405 881 1416 940 ;

294 965 331 1020 et
353 952 492 1038 quidam
511 961 585 1016 tam
608 958 724 1015 astute
747 959 783 1015 et
806 950 996 1034 ingeniose,
1016 961 1054 1017 ut
1077 972 1179 1019 nemo
1197 953 1314 1020 videat
1333 956 1414 1040 quin

293 1050 384 1118 tales
405 1051 487 1126 sint,
505 1047 624 1134 quales
646 1047 832 1132 loquuntur
852 1059 888 1114 et
911 1058 1032 1132 agunt,
1055 1061 1091 1115 et
1114 1051 1257 1116 tandem
1280 1074 1325 1116 ex
1348 1053 1414 1117 cir·

294 1147 548 1212 cumvelatione
568 1154 605 1210 ut
627 1145 687 1208 vix
705 1145 768 1228 ipsi
786 1145 898 1209 sciant
917 1146 1027 1210 aliter.
1071 1146 1175 1211 Tales
1194 1157 1275 1213 sunt
1294 1167 1417 1213 omnes

294 1241 517 1325 hypocritae;
555 1248 591 1304 et
623 1239 711 1304 tales
739 1250 820 1305 sunt
853 1242 1054 1306 sacerdotes
1089 1243 1145 1326 qui
1181 1244 1285 1309 corde
1318 1243 1415 1308 nihili

294 1337 422 1401 iaciunt
446 1337 639 1420 proximum
662 1344 699 1399 et
725 1354 795 1399 non
817 1337 944 1402 timent
967 1337 1090 1412 Deum,
1109 1348 1145 1401 et
1172 1347 1291 1404 tamen
1314 1359 1414 1422 prae·

294 1431 412 1495 dicant
443 1433 486 1496 de
515 1451 630 1495 amore
654 1431 803 1514 proximi
832 1442 868 1495 et
901 1432 945 1496 de
967 1452 1083 1497 amore
1106 1431 1189 1497 Dei:
1221 1435 1310 1498 tales
1334 1445 1414 1499 sunt

290 1525 433 1610 judices,
458 1528 513 1610 qui
542 1526 697 1608 judicant
724 1527 910 1590 secundum
942 1528 1034 1591 dona
1062 1537 1098 1592 et
1131 1529 1310 1604 amicitias,
1336 1550 1413 1592 cum

294 1623 457 1687 simulant
491 1621 600 1686 zelum
634 1640 696 1704 pro
725 1619 871 1703 justitia,
902 1632 938 1687 et
971 1643 1016 1686 ex
1049 1625 1182 1688 ratione
1214 1624 1257 1688 de
1287 1625 1415 1707 judicio

294 1717 499 1801 loquuntur;
522 1717 610 1781 tales
626 1727 706 1781 sunt
723 1719 961 1800 negotiatores
976 1719 1080 1783 corde
1096 1721 1253 1785 insinceri
1268 1742 1307 1785 ac
1323 1722 1413 1785 irau-

294 1814 438 1888 dulenti,
456 1833 532 1876 cum
548 1814 679 1876 sincere
694 1823 802 1895 agunt
821 1814 1040 1879 lucricausa:
1065 1825 1100 1879 et
1116 1815 1205 1880 tales
1220 1826 1300 1880 sunt
1316 1816 1414 1882 adul·

188 1987 192 1996 ι
294 1911 369 1984 teri,
400 1929 476 1972 cum
506 1929 551 1971 ex
584 1907 833 1984 rationalitate,
864 1930 951 1992 quae
981 1911 1087 1974 cuivis
1115 1911 1245 1976 homini
1275 1923 1339 1988 est,
1370 1913 1414 1976 de

294 2005 458 2070 castitate
478 2003 625 2086 conjugii
645 2002 848 2088 loquuntur;
873 2015 908 2068 et
928 2006 975 2068 sic
995 2025 1105 2088 porro.
1152 2019 1209 2081 [2.]
1240 2006 1413 2072 Attidem

294 2102 321 2163 si
338 2118 490 2163 amorem
507 2099 707 2173 mediorum,
722 2100 884 2163 vicarium
898 2102 1023 2163 amoris
1034 2100 1127 2163 vitae
1140 2121 1268 2177 eorum,
1280 2114 1413 2166 exuunt

293 2197 448 2259 vestibus
472 2195 645 2277 purpureis
667 2205 703 2259 et
726 2194 885 2276 byssinis,
909 2216 995 2278 quas
1017 2196 1347 2278 circumposuerunt,
1371 2218 1413 2264 ac

293 2291 437 2353 induunt
454 2289 549 2353 illum
566 2299 649 2371 toga
666 2311 726 2353 sua
742 2290 945 2362 domestica,
963 2301 1044 2353 tunc
1062 2292 1232 2372 cogitant,
1250 2303 1285 2356 et
1304 2314 1412 2375 quan·

293 2387 406 2469 doque
433 2406 479 2448 ex
497 2385 708 2465 cogitatione
735 2405 796 2448 sua
822 2405 899 2448 cum
926 2386 1151 2460 amicissimis,
1171 2388 1225 2468 qui
1255 2387 1413 2452 insimili

293 2501 409 2545 amore
436 2481 528 2543 vitae
558 2489 650 2555 sunt,
677 2479 862 2562 loquuntur
890 2500 1025 2563 prorsus
1048 2483 1267 2545 contrarium.
1312 2483 1415 2548 Credi

293 2586 421 2658 potest,
441 2575 532 2658 quod
555 2574 694 2656 quando
717 2573 765 2638 illi
795 2595 839 2638 ex
867 2594 984 2638 amore
1008 2577 1195 2639 mediorum
1220 2588 1291 2640 tam
1311 2577 1412 2659 juste,

292 2673 424 2735 sincere
447 2679 481 2734 et
504 2670 557 2753 pie
581 2668 687 2733 locuti
711 2679 798 2744 sunt,
819 2679 900 2733 tunc
927 2691 993 2734 non
1018 2653 1117 2753 quails
1136 2673 1260 2735 interni
1279 2675 1412 2755 cogita-

291 2767 396 2832 tionis
410 2765 511 2828 iuerit
529 2765 562 2828 in
581 2773 730 2828 externo
749 2766 972 2846 cogitationis
987 2786 1125 2844 eorum;
1150 2777 1186 2830 at
1206 2787 1311 2851 usque
1330 2769 1413 2849 suit;

292 2872 345 2927 est
364 2861 555 2944 hypocrisis
574 2860 607 2922 in
626 2859 705 2934 illis,
726 2869 779 2924 est
798 2880 895 2924 amor
913 2861 964 2923 sui
979 2871 1014 2924 et
1034 2862 1150 2926 mundi
1170 2863 1202 2925 in
1222 2863 1299 2940 illis,
1320 2864 1414 2947 cujus

292 2957 421 3022 astutia
437 2965 491 3019 est
510 2966 650 3037 captare
661 2956 786 3019 samam
799 2955 940 3019 honoris
956 2965 1015 3020 aut
1033 2957 1115 3020 lucri
1131 2978 1234 3022 causa
1247 2980 1352 3044 usque
1368 2961 1412 3024 ad
1460 3021 1464 3028 .

291 3053 448 3117 ultimam
469 3051 717 3134 apparentiam.
765 3049 841 3114 Hoc
862 3051 962 3133 quale
980 3051 1106 3115 interni
1129 3062 1183 3116 est
1207 3055 1240 3116 in
1264 3065 1414 3120 externo

292 3147 515 3229 cogitationis
534 3144 681 3219 illorum,
702 3147 839 3229 quando
857 3147 907 3208 ita
927 3146 1110 3228 loquuntur
1128 3157 1163 3210 et
1182 3159 1301 3229 agunt.

355 3256 450 3307 110.
486 3239 590 3323 Apud
613 3241 692 3304 illos
716 3251 831 3304 autem
860 3241 916 3323 qui
949 3241 983 3302 in
1017 3261 1132 3304 amore
1155 3243 1298 3307 caelesti
1321 3255 1411 3323 sunt,

291 3337 463 3401 internum
482 3344 520 3398 et
539 3344 722 3399 externum
739 3335 973 3416 cogitationis,
991 3355 1050 3397 seu
1066 3336 1221 3398 internus
1240 3349 1274 3400 et
1294 3350 1412 3404 exter-

291 3454 355 3497 nus
373 3432 490 3506 homo,
508 3451 611 3495 unum
631 3441 751 3513 agunt,
770 3450 846 3494 cum
867 3429 1061 3511 loquuntur,
1080 3450 1141 3494 nec
1161 3433 1273 3496 sciunt
1293 3434 1412 3501 discri-

292 3546 380 3592 men.
426 3527 537 3591 Amor
555 3527 648 3589 vitae
667 3526 802 3590 illorum
826 3544 902 3589 cum
927 3524 997 3606 ejus
1016 3521 1249 3592 affectionibus
1272 3530 1353 3594 boni
1376 3543 1413 3597 et

292 3623 411 3687 harum
435 3621 713 3706 perceptionibus
735 3623 817 3696 veri,
839 3631 893 3684 est
917 3621 1006 3685 sicut
1029 3621 1144 3683 anima
1172 3625 1205 3686 in
1235 3623 1302 3687 illis
1326 3647 1412 3708 quae

291 3721 462 3802 cogitant,
480 3729 515 3782 et
536 3717 615 3781 inde
632 3719 815 3801 loquuntur
833 3727 869 3781 et
889 3724 1006 3800 agunt.
1051 3714 1085 3778 Si
1105 3718 1304 3783 sacerdotes
1320 3731 1411 3796 sunt,

291 3836 336 3878 ex
356 3834 471 3878 amore
487 3833 571 3895 erga
587 3815 782 3895 proximum
801 3821 837 3876 et
856 3833 902 3875 ex
920 3832 1036 3875 amore
1054 3812 1089 3874 in
1110 3813 1293 3879 Dominum
1313 3836 1410 3898 prae·

290 3910 428 3988 dicant;
453 3911 480 3972 si
501 3907 631 3990 judices
651 3918 729 3971 sunt
751 3929 795 3971 ex
818 3909 892 3991 ipsa
908 3906 1041 3988 justitia
1055 3907 1233 3989 judicant;
1256 3911 1285 3974 si
1304 3932 1411 3994 nego·

289 4005 435 4069 tiatores
458 4014 549 4078 sunt,
574 4025 619 4066 ex
648 4005 723 4087 ipsa
753 4003 951 4066 sinceritate
974 4013 1103 4084 agunt;
1138 4005 1165 4067 si
1193 4007 1341 4083 uxorati,
1366 4029 1412 4074 ex

288 4100 365 4182 ipsa
380 4101 545 4163 castitate
558 4107 677 4163 amant
694 4097 875 4181 conjugem
891 4119 898 4176 ;
923 4108 958 4161 et
975 4099 1022 4161 sic
1039 4118 1150 4180 porro.
1196 4099 1308 4164 Amor
1321 4103 1413 4192 vitae

289 4195 425 4260 illorum
442 4195 547 4260 etiam
564 4213 716 4258 amorem
733 4194 921 4258 mediorum
941 4203 978 4256 ut
997 4193 1159 4256 vicarium
1175 4193 1294 4272 habet,
1310 4215 1412 4280 quem

290 4291 395 4355 docet
411 4301 446 4356 et
461 4290 558 4354 ducit
577 4299 614 4354 ut
632 4311 678 4354 ex
698 4290 880 4372 prudentia
895 4299 989 4372 agat,
1007 4298 1043 4353 et
1062 4289 1179 4354 amicit
1194 4290 1290 4354 illurn
1306 4293 1411 4357 vesti·

291 4387 354 4452 bus
373 4386 437 4451 zeli
456 4406 518 4470 pro
536 4387 626 4451 veris
645 4384 820 4451 dodirinae
840 4395 875 4450 et
895 4383 995 4449 simul
1014 4406 1076 4468 pro
1094 4385 1194 4450 bonis
1212 4387 1315 4451 vitae.

355 4496 444 4547 111·
469 4479 545 4566 (iii.)
573 4480 670 4562 Quod
684 4480 852 4546 internum
867 4503 930 4546 non
942 4482 1054 4564 possit
1064 4482 1250 4566 purificari
1264 4504 1286 4547 a
1299 4503 1412 4547 concu-

286 4576 462 4659 piscentiis
477 4578 571 4656 mali,
585 4579 746 4662 quamdiu
760 4577 852 4643 mala
867 4578 901 4641 in
916 4587 1051 4642 externo
1063 4577 1195 4643 homine
1209 4599 1271 4642 non
1286 4589 1414 4644 remota

289 4683 379 4752 sunt,
399 4675 480 4758 quia
500 4674 682 4758 obstipam,
699 4675 851 4758 sequitur
874 4697 919 4739 ex
943 4673 1157 4760 supradiffls,
1178 4676 1269 4759 quod
1293 4685 1411 4740 exter·
