3448 5374
310 721 313 730 ,
359 667 381 718 2
722 658 929 714 SAPIENTIA
953 659 1150 711 ANGELICA

358 835 455 903 tione
471 835 607 902 unionis
620 834 737 900 Divini
749 833 892 899 Amoris
908 843 944 898 et
961 831 1108 898 Divinae
1127 830 1336 917 Sapientiae,
1351 853 1411 898 seu
1428 833 1492 899 Di-

357 932 428 997 vini
444 931 533 998 Boni
551 941 587 997 et
605 931 720 995 Divini
737 928 831 1006 Veri,
850 928 968 995 inillis
987 950 1075 1014 quae
1091 937 1211 994 creata
1228 939 1329 1010 sunt;
1350 930 1395 995 de
1413 931 1490 1015 qui·

357 1027 422 1093 bus
437 1029 473 1094 in
488 1027 556 1094 hoc
575 1027 695 1093 ordine
714 1025 899 1091 dicendum
916 1034 971 1091 est
983 1046 1036 1089 :-

536 1197 580 1269 (i.)
607 1197 695 1270 Quod
702 1199 874 1252 universum
886 1213 952 1252 cum
964 1195 1094 1250 omm'bus
1103 1201 1132 1250 et
1143 1195 1271 1266 singulis
1281 1197 1345 1267 ejus
1356 1203 1491 1254 creatam

676 1272 718 1324 sit
727 1285 765 1323 ex
778 1269 893 1322 Debino
907 1269 1016 1322 Amore
1022 1272 1081 1338 per
1092 1269 1238 1322 Divinam
1255 1267 1450 1338 Sapientiam.

525 1340 582 1413 (ii.)
609 1341 696 1412 Quod
710 1340 846 1394 Divinas
863 1340 1004 1424 Amor'et
1022 1339 1140 1393 Dabana
1160 1339 1316 1408 Sapientia
1339 1346 1373 1394 ut
1394 1358 1486 1396 unum

511 1482 578 1554 (iii.)
606 1411 1090 1554 Quoaeiie‘icceiiezieisilthiiiyuoadam
1103 1483 1236 1552 imagine
1247 1483 1281 1536 in
1289 1485 1374 1536 omni
1380 1490 1485 1540 creato.

517 1554 582 1624 (iv.)
608 1554 695 1626 Quod
710 1555 844 1608 Debenae
862 1553 1074 1608 Providentiae
1090 1555 1139 1614 sit,
1156 1557 1190 1606 ut
1206 1569 1288 1607 omne
1305 1561 1436 1608 creatum
1451 1557 1485 1610 in

675 1629 861 1680 communiet
873 1627 906 1680 in
912 1629 1004 1695 parte
1016 1626 1059 1678 sit
1072 1624 1133 1678 tale
1144 1640 1258 1688 unum,·
1280 1631 1309 1679 et
1322 1627 1353 1678 si
1364 1641 1421 1679 non
1435 1633 1485 1688 est,

523 1767 576 1839 (v.)
603 1699 801 1839 Quoei‘tbiieautm
811 1769 989 1822 amorismn
999 1767 1042 1820 sii
1052 1765 1155 1820 bonum
1161 1763 1233 1836 plus
1262 1783 1331 1820 uam
1341 1775 1485 1838 quantum

675 1845 718 1892 est
729 1843 846 1893 unitum
856 1855 925 1893 vero
934 1840 1118 1909 sapientiae,·
1132 1843 1160 1891 et
1169 1783 1357 1906 quodqverum
1368 1842 1485 1909 sopien-

674 1912 736 1964 tiae
744 1927 801 1964 non
812 1913 854 1964 sit
863 1925 967 1964 verum
973 1909 1046 1980 plus
1053 1925 1143 1980 quam
1155 1915 1301 1979 quantum
1312 1914 1354 1963 esi
1366 1913 1484 1964 une'teem

675 1981 743 2035 toa
755 1983 874 2036 amores.

515 2049 581 2121 (vi.)
607 2051 696 2123 Quod
704 2052 808 2106 bonum
823 2053 934 2106 amoris
948 2067 1005 2105 non
1021 2053 1140 2104 anitum
1158 2067 1227 2105 vero
1244 2053 1409 2122 sapientiae
1427 2069 1484 2107 non

674 2124 715 2176 sit
729 2124 832 2177 bonum
850 2127 884 2178 in
899 2141 935 2184 se,
950 2122 1002 2176 sed
1017 2121 1096 2191 quod
1109 2124 1151 2176 sit
1168 2125 1317 2192 apparens
1330 2123 1441 2186 bonum,
1456 2129 1485 2177 et

673 2195 753 2265 quod
760 2211 862 2248 uerum
870 2195 1018 2264 sapientia
1032 2210 1089 2248 non
1098 2196 1216 2250 unitum
1229 2195 1416 2248 bonoamoris
1426 2211 1483 2248 non

672 2268 714 2320 sit
723 2281 826 2319 verum
839 2268 872 2319 in
883 2282 920 2328 se,
931 2265 985 2319 sed
992 2265 1072 2334 quod
1079 2268 1122 2319 sit
1134 2268 1283 2334 apparens
1293 2281 1404 2319 verum.

506 2333 584 2408 (vii.)
610 2337 698 2409 Quod
710 2337 857 2391 Dominus
870 2353 926 2390 non
939 2339 1082 2406 patiatur
1097 2343 1131 2390 ut
1145 2335 1265 2405 aliquid
1275 2336 1405 2390 debitum
1423 2342 1484 2401 sit,-

675 2425 768 2477 quore
786 2408 835 2462 vel
849 2411 908 2462 erit
926 2410 959 2460 in
978 2408 1047 2462 bono
1065 2413 1093 2461 et
1110 2408 1203 2461 simul
1216 2425 1293 2471 vero,
1308 2408 1358 2461 vel
1373 2409 1432 2462 erit
1449 2411 1483 2462 in

674 2480 751 2533 malo
759 2485 788 2532 et
798 2479 983 2549 simulsalso.

489 2545 576 2621 (viii.)
604 2550 691 2622 Quod
699 2551 736 2604 id
744 2551 824 2619 quod
831 2556 873 2605 est
885 2553 918 2603 in
928 2551 997 2604 bono
1010 2555 1039 2604 et
1052 2549 1145 2604 semul
1153 2565 1229 2611 vero,
1240 2552 1282 2604 sit
1292 2549 1432 2619 aliquia&
1455 2556 1485 2604 ei

672 2622 751 2746 qeleod
766 2622 802 2746 Ξῖ
816 2622 895 2692 quod
909 2627 952 2676 est
969 2624 1003 2675 in
1021 2622 1098 2676 malo
1114 2627 1143 2676 et
1159 2621 1253 2678 seinul
1261 2622 1348 2693 salso
1365 2637 1423 2676 non
1442 2624 1484 2676 sit

509 2761 573 2832 (iz)
601 2710 814 2849 Quoiiiiia'a
825 2763 1023 2850 Provettentia
1032 2765 1273 2850 Dominisaciat,
1286 2769 1321 2849 at
1332 2763 1442 2818 maium
1454 2769 1484 2818 et

670 2834 1483 2976 tit?i?iratamtft⁰5t“;f:i':zitttfit

671 2976 741 3031 boni
749 2983 778 3032 et
788 2980 858 3031 veri
866 2977 950 3051 apud
960 2979 1040 3032 aleos.

414 3159 458 3230 3·
490 3143 543 3232 (i.)
570 3143 670 3227 Quot
687 3147 883 3212 uniuersum
904 3168 977 3211 cum
999 3146 1149 3211 omnibus
1179 3157 1212 3211 et
1241 3145 1389 3230 singulis
1411 3167 1483 3231 esus

348 3252 499 3308 creatum
516 3243 567 3307 sit
588 3264 631 3306 ex
651 3242 778 3307 Divino
793 3243 924 3308 Amore
941 3253 1006 3324 per
1027 3241 1190 3308 Divinam
1213 3242 1484 3325 Sapientiam.-

351 3338 455 3424 Quod
476 3338 648 3403 Dominus
663 3340 708 3404 ab
724 3347 879 3415 aeterno,
898 3341 954 3422 qui
973 3349 1028 3404 est
1043 3336 1211 3420 Jehovah,
1229 3340 1274 3403 sit
1294 3339 1407 3422 quoad
1427 3359 1482 3405 es·

349 3436 500 3500 sentiam
521 3435 667 3498 Divinus
684 3435 796 3500 Amor
812 3444 848 3500 et
867 3435 992 3499 Divina
1012 3433 1209 3518 Sapientia:
1234 3445 1270 3499 et
1289 3436 1381 3517 quod
1402 3435 1482 3519 Ipse

349 3553 395 3595 ex
419 3528 463 3594 Se
483 3531 654 3595 creaverit
676 3531 871 3594 universum
895 3541 931 3595 et
956 3532 1072 3595 omnia
1090 3529 1172 3612 ejus,
1190 3531 1223 3594 in
1247 3527 1483 3597 transaitione

348 3625 400 3689 De
417 3625 543 3688 Divino
561 3625 690 3690 Amore
710 3635 743 3690 et
763 3625 892 3690 Divina
912 3625 1098 3707 Sapientia,
1117 3625 1396 3690 demonstratum
1416 3636 1482 3693 est.

349 3721 491 3785 Exinde
516 3723 667 3805 sequitur
697 3721 776 3800 hoc,
801 3717 893 3807 quod
924 3723 1120 3786 universum
1148 3741 1226 3785 cum
1257 3723 1414 3786 omnibus
1445 3732 1483 3788 et

347 3815 494 3899 singulis
518 3816 589 3901 ejus
613 3827 767 3882 creatum
792 3818 837 3883 sit
862 3839 907 3883 ex
932 3817 1058 3882 Divino
1078 3817 1209 3890 Amore
1236 3838 1297 3900 per
1319 3818 1484 3883 Divinam

347 3911 576 3995 Sapientiam.
622 3914 662 3978 In
682 3911 862 3996 praedieta
880 3911 1116 3979 transaitione
1136 3915 1243 3978 etiam
1263 3915 1484 3986 demonstra·

346 4020 424 4078 tum
447 4019 512 4087 est,
537 4010 630 4095 quod
654 4030 751 4075 amor
774 4011 904 4095 absque
928 4011 1100 4092 sapientia
1122 4029 1191 4074 non
1220 4011 1330 4094 possit
1353 4010 1484 4094 aliquid

345 4105 470 4184 iacere,
495 4125 559 4171 nec
594 4109 767 4189 sapientia
796 4107 924 4192 aliquid
951 4109 1080 4191 absque
1110 4127 1246 4172 amore:
1290 4127 1359 4171 non
1390 4108 1484 4190 enim

347 4212 468 4285 potest
489 4221 587 4266 amor
609 4203 740 4284 absque
760 4205 940 4286 sapientia,
959 4224 1019 4267 seu
1042 4201 1205 4266 voluntas
1226 4202 1355 4285 absque
1378 4194 1484 4265 intel·

347 4295 451 4374 teau,
469 4297 597 4382 aliquid
618 4300 786 4382 cogitare,
808 4303 914 4365 immo
933 4320 1002 4363 non
1023 4309 1140 4382 potest
1161 4298 1291 4382 aliquid
1311 4297 1427 4362 videre
1445 4307 1484 4363 et

345 4394 488 4470 sentire,
513 4415 577 4459 nec
602 4395 731 4480 aliquid
755 4396 868 4480 loqui;
901 4416 1004 4478 quare
1029 4415 1094 4459 nec
1118 4414 1216 4460 amor
1239 4396 1370 4478 absque
1394 4395 1485 4477 sapi-

344 4491 453 4565 entia,
472 4511 532 4556 seu
548 4491 711 4558 voluntas
728 4493 856 4576 absque
873 4488 1054 4556 intellettu
1067 4501 1186 4574 potest
1204 4491 1332 4576 aliquid
1349 4491 1483 4568 iacere;

346 4588 477 4671 pariter
496 4585 674 4671 Sapientia
691 4589 820 4672 absque
837 4607 953 4652 amore
974 4609 1034 4652 seu
1054 4584 1252 4652 intellectus
1269 4587 1399 4670 absque
1419 4605 1483 4649 vo·

346 4682 492 4760 luntate,
518 4704 587 4748 non
621 4693 741 4768 potest
765 4685 893 4767 aliquid
918 4686 1085 4767 cogitare,
1107 4705 1170 4749 nec
1202 4693 1322 4768 potest
1352 4681 1485 4766 aliquid
