3426 5382
521 652 572 702 DE
594 651 733 702 DIVINA
756 648 1112 702 PROVIDENTIA.—N.
1137 651 1205 718 119.
1387 651 1430 719 77

295 826 506 893 condonata.
553 822 658 888 Tales
685 823 792 888 etiam
823 830 904 886 sunt
937 819 1112 885 naturales
1136 818 1347 896 moralistae‚
1372 819 1430 904 qui

296 922 443 989 credunt
470 920 607 986 civilem
639 929 676 985 et
703 917 870 982 moralem
896 919 1004 981 vitam
1035 936 1112 980 cum
1142 915 1215 998 ejus
1244 917 1430 1000 prudentia

295 1019 485 1105 producere
511 1017 638 1091 omnia,
663 1026 699 1080 et
724 1014 886 1079 Divinam
912 1013 1169 1078 Providentiam
1194 1032 1264 1076 non
1287 1012 1428 1097 aliquid.

296 1115 401 1180 Tales
420 1115 528 1179 etiam
549 1121 642 1186 sunt,
663 1111 718 1195 qui
739 1109 935 1174 honestatis
956 1119 991 1173 et
1015 1109 1225 1173 sinceritatis
1244 1109 1371 1174 samam
1390 1120 1428 1176 et

296 1232 422 1276 nomen
442 1219 584 1294 propter
602 1208 769 1271 honorem
789 1215 850 1269 aut
869 1214 1011 1288 propter
1028 1205 1158 1268 lucrum
1179 1204 1290 1270 multo
1309 1207 1428 1271 studio

294 1305 468 1372 affectant.
515 1304 583 1370 Sed
603 1305 653 1368 illi
673 1305 729 1388 qui
749 1303 840 1367 tales
860 1313 952 1378 sunt,
973 1311 1009 1366 et
1028 1302 1129 1366 simul
1149 1303 1325 1386 aspernati
1347 1303 1426 1367 reli·

295 1405 445 1486 gionem‚
460 1412 541 1485 post
557 1411 705 1465 mortem
726 1399 811 1463 liunt
831 1399 970 1482 spiritus
986 1400 1355 1483 concupiscentiarum,
1368 1400 1427 1485 qui

294 1509 463 1582 apparent
486 1497 549 1562 sibi
572 1499 661 1561 sicut
688 1496 802 1560 forent
825 1495 890 1578 ipsi
918 1494 1085 1570 homines,
1111 1496 1172 1558 sed
1199 1495 1275 1559 aliis
1299 1517 1319 1560 e
1348 1495 1425 1560 lon·

293 1596 423 1679 ginquo
439 1595 528 1657 sicut
545 1594 653 1677 priapi
668 1614 676 1672 ;
700 1613 740 1656 ac
758 1590 879 1656 vident
898 1590 933 1653 in
950 1590 1113 1667 tenebris,
1131 1600 1168 1655 et
1185 1590 1270 1655 nihil
1284 1592 1320 1656 in
1336 1591 1425 1671 luce,

294 1690 382 1754 sicut
403 1687 560 1754 nottuae.

358 1785 450 1852 n8·
478 1783 535 1848 Ex
551 1784 604 1848 his
621 1803 710 1848 nunc
729 1784 883 1866 sequitur
895 1803 925 1845 v.
939 1781 1104 1846 articulus
1120 1781 1353 1860 confirmatus,
1367 1782 1425 1867 qui

292 1891 359 1958 est,
382 1879 480 1959 Quod
493 1880 565 1944 ideo
583 1879 679 1944 homo
697 1879 789 1944 mala
811 1877 855 1942 ab
877 1887 1015 1941 externo
1033 1877 1165 1942 homine
1181 1900 1349 1943 removere
1366 1879 1421 1942 de·

293 1977 369 2042 beat
385 1976 472 2041 sicta
492 1998 515 2041 a
536 1997 597 2051 se,·
620 1996 706 2059 quae
726 1977 833 2039 etiam
853 1973 1031 2057 explicata
1051 1975 1234 2039 videantur
1256 1976 1290 2039 in
1314 1975 1423 2038 tribus

292 2072 447 2139 articulis
462 2073 496 2135 in
513 2071 678 2136 Dodln'na
702 2069 796 2136 Vitae
809 2069 877 2154 pro
895 2069 994 2135 Nova
1009 2070 1267 2154 Hierosolyma:
1290 2071 1324 2134 in
1342 2091 1422 2147 uno,

294 2167 397 2251 Quod
417 2189 486 2231 non
505 2167 626 2250 aliquis
646 2167 756 2250 possit
776 2167 894 2249 lugere
914 2166 1006 2230 mala
1025 2177 1062 2231 ut
1078 2176 1237 2250 peccata,
1257 2186 1364 2250 usque
1383 2175 1422 2230 ut
1462 2233 1463 2236 ,

292 2265 436 2330 interius
459 2274 638 2328 aversetur
661 2263 732 2340 illa,
757 2264 820 2327 nisi
844 2282 948 2347 quam
975 2283 1037 2346 per
1060 2283 1194 2347 pugnas
1216 2275 1339 2328 contra
1361 2263 1423 2328 illa

294 2358 342 2444 (n.
357 2359 521 2443 92-100):
546 2360 580 2421 in
599 2360 720 2434 altero,
742 2357 845 2442 Quod
864 2359 970 2423 homo
989 2358 1118 2423 debeat
1136 2359 1253 2441 lugere
1272 2358 1363 2423 mala
1384 2368 1422 2423 ut

291 2465 449 2540 peccata,
476 2466 511 2520 et
536 2475 690 2538 pugnare
713 2465 837 2520 contra
859 2454 930 2531 illa,
951 2455 1040 2520 sicut
1063 2476 1084 2518 a
1106 2475 1142 2518 se
1167 2454 1215 2539 (n.
1239 2453 1419 2539 101-107):

290 2553 324 2615 in
342 2552 459 2628 tertio,
474 2549 577 2634 Quod
594 2552 621 2614 si
638 2554 712 2635 quis
729 2550 815 2634 fugit
832 2550 924 2614 mala
940 2571 985 2614 ex
1002 2571 1205 2634 quacunque
1220 2550 1288 2615 alia
1304 2571 1419 2630 causa,

290 2667 393 2731 quam
415 2648 495 2731 quia
513 2656 657 2730 peccata
676 2657 768 2723 sunt,
789 2668 859 2712 non
881 2645 993 2729 fugiat
1016 2647 1085 2724 illa,
1105 2646 1167 2712 sed
1190 2649 1295 2712 modo
1317 2647 1422 2713 saciat

291 2753 329 2808 ut
349 2764 418 2808 non
438 2754 630 2827 appareant
650 2763 766 2808 coram
786 2743 917 2807 mundo
938 2741 986 2826 (n.
1009 2742 1179 2826 108-113)¹

354 2855 449 2921 119·
474 2839 549 2923 (vi.)
577 2839 674 2918 Quod
684 2839 848 2903 Dominus
865 2849 943 2904 tunc
952 2838 1113 2922 purrficet
1129 2837 1293 2903 hominem
1308 2860 1330 2903 a
1344 2860 1418 2903 con·

288 2935 499 3017 cupiscentit's
515 2935 549 2998 in
565 2935 697 2999 interno
710 2933 850 3010 homine,
862 2944 895 2998 et
909 2933 952 2998 ab
968 2933 1055 3015 ipsis
1071 2933 1171 2998 malis
1184 2934 1219 2998 in
1230 2944 1419 3000 externo.-

290 3027 393 3113 Quod
414 3029 583 3094 Dominus
602 3040 685 3095 tunc
706 3029 864 3114 purificet
883 3029 1061 3094 hominem
1085 3050 1107 3093 a
1128 3032 1420 3112 concupiscentiis

289 3127 381 3202 mali,
401 3127 540 3211 quando
562 3125 669 3190 homo
691 3127 781 3190 sicut
810 3147 831 3189 a
854 3147 892 3189 se
914 3134 1074 3190 removet
1097 3124 1200 3200 mala,
1224 3135 1279 3190 est
1302 3147 1416 3204 causa,

288 3223 368 3307 quia
383 3221 553 3286 Dominus
569 3240 639 3285 non
655 3222 747 3305 prius
763 3218 942 3304 purificare
959 3229 1099 3305 potest;
1124 3229 1204 3284 sunt
1220 3221 1310 3284 enim
1327 3222 1420 3288 mala

287 3317 322 3382 in
341 3327 491 3382 externo
509 3317 660 3393 homine,
681 3325 717 3380 et
735 3317 1039 3400 concupiscentiae
1058 3315 1140 3380 mali
1158 3316 1192 3378 in
1211 3315 1360 3392 interno,
1377 3337 1418 3382 ac

287 3413 476 3479 cohaerent
488 3413 578 3478 sicut
590 3411 725 3478 radices
741 3432 818 3477 cum
835 3421 978 3478 trunco:
999 3433 1105 3496 quare
1121 3411 1185 3475 nisi
1202 3411 1293 3474 mala
1305 3431 1416 3476 remo·

287 3520 423 3588 ventur,
445 3530 514 3573 non
537 3510 641 3575 datur
663 3517 842 3593 apertura;
867 3509 1049 3593 obstipant
1068 3507 1170 3584 enim,
1191 3516 1228 3572 et
1251 3506 1417 3574 claudunt

287 3616 435 3689 portam,
460 3626 548 3690 quae
577 3625 599 3670 a
632 3605 784 3670 Domino
816 3625 886 3670 non
913 3605 1037 3689 aperiri
1059 3612 1180 3687 potest
1207 3603 1272 3667 nisi
1302 3604 1419 3668 medio

286 3704 437 3779 homine,
458 3712 495 3767 ut
519 3721 603 3768 mox
626 3723 730 3784 supra
753 3711 933 3768 ostensum
956 3710 1022 3766 est.
1067 3698 1218 3783 Quando
1239 3700 1289 3764 ita
1311 3700 1419 3765 homo

287 3799 375 3862 sicut
400 3820 421 3862 a
450 3819 488 3864 se
509 3798 621 3884 aperit
646 3808 796 3881 portam,
818 3809 900 3865 tunc
925 3798 1094 3863 Dominus
1117 3797 1419 3880 concupiscentias

287 3913 355 3958 una
377 3895 561 3978 exstirpat.
607 3892 720 3960 Causa
746 3897 853 3960 etiam
883 3904 950 3971 est,
970 3894 1049 3978 quia
1080 3892 1249 3957 Dominus
1278 3893 1352 3974 agit
1382 3893 1417 3956 in

286 3989 444 4054 intimum
463 3989 623 4066 hominis,
643 4001 681 4056 et
705 3991 750 4057 ab
772 3992 895 4057 intimo
918 3993 952 4057 in
975 3990 1225 4074 consequentia
1243 4009 1348 4072 usque
1372 3989 1416 4054 ad

287 4085 418 4162 ultima,
442 4096 479 4151 et
507 4087 543 4151 in
573 4086 703 4152 ultimis
730 4097 785 4153 est
811 4088 917 4152 homo
940 4087 1050 4152 simul.
1096 4084 1270 4168 Quamdiu
1299 4086 1418 4168 itaque

286 4180 408 4246 ultima
426 4181 471 4247 ab
488 4182 564 4266 ipso
582 4184 723 4249 homine
742 4193 908 4249 tenentur
925 4182 1053 4259 clausa,
1073 4202 1142 4248 non
1161 4191 1281 4266 potest
1303 4181 1419 4265 aliqua

286 4275 490 4359 purificatio,
510 4280 573 4345 sed
593 4280 699 4345 modo
718 4279 800 4345 talis
818 4280 976 4364 operatio
995 4277 1066 4343 fieri
1089 4300 1109 4344 a
1132 4277 1283 4343 Domino
1306 4278 1340 4341 in
1363 4279 1415 4341 in·

284 4372 479 4452 terioribus,
504 4375 615 4460 qualis
637 4386 692 4443 est
717 4375 857 4440 Domini
886 4376 920 4440 in
947 4375 1089 4452 inferno,
1113 4373 1208 4457 cujus
1230 4375 1340 4440 forma
1362 4382 1417 4442 est

284 4470 391 4535 homo
407 4472 464 4557 qui
482 4472 517 4536 in
537 4472 830 4555 concupiscentiis
848 4482 885 4536 et
903 4470 1003 4535 simul
1023 4470 1123 4535 malis
1139 4481 1207 4549 est,
1226 4493 1315 4556 quae
1330 4491 1415 4555 ope·

284 4569 377 4633 ratio
395 4578 451 4634 est
470 4567 582 4633 solum
606 4567 790 4652 dispositio
808 4589 852 4632 ne
871 4587 975 4631 unum
997 4568 1120 4650 perdat
1137 4567 1297 4646 alterum,
1317 4579 1353 4634 et
1372 4589 1417 4632 ne

285 4665 436 4731 violetur
447 4664 576 4730 bonum
589 4673 625 4728 et
640 4682 769 4728 verum.
816 4661 918 4746 Quod
935 4663 1103 4728 Dominus
1117 4665 1281 4729 continue
1293 4673 1415 4748 urgeat
