3344 5402
411 653 463 704 no
485 648 622 704 omno
644 647 791 716 mone,
810 647 906 703 ms
926 648 1048 704 rt-rr.
1070 650 1140 722 ¹72·
1293 635 1336 723 67

211 823 317 888 tionis
348 822 480 886 existat
507 821 542 886 in
571 819 723 902 ultimis;
756 820 814 906 qui
834 829 890 886 est
913 829 953 886 ut
978 820 1096 887 omnia
1119 819 1267 888 redeant
1290 820 1336 888 ad

212 919 425 994 Creatorem,
443 939 482 984 ac
502 928 540 982 ut
560 919 604 983 sit
624 916 830 1002 conjurato.

277 1029 366 1100 172.
398 1013 500 1099 Quod
517 1017 583 1081 tria
597 1015 668 1095 illa,
685 1016 772 1096 finis,
792 1038 897 1083 causa
912 1028 949 1083 et
965 1013 1106 1084 effetha
1120 1017 1191 1082 sint
1207 1016 1241 1082 in
1260 1035 1335 1082 om·

213 1116 313 1180 nibus
332 1127 368 1178 et
387 1114 543 1199 singulis,
560 1136 648 1199 quae
667 1126 784 1180 creata
802 1125 895 1193 sunt,
912 1125 1073 1181 constare
1092 1115 1198 1181 etlam
1217 1115 1336 1200 p'otest

212 1235 260 1278 ex
276 1235 328 1286 eo,
346 1214 437 1297 quod
454 1233 573 1278 omnes
589 1211 739 1290 effeetus,
760 1213 816 1298 qui
832 1223 1002 1280 vocantur
1015 1213 1102 1279 fines
1117 1213 1239 1292 ultimi,
1251 1211 1336 1278 fiant

212 1333 233 1375 e
252 1333 343 1374 novo
361 1310 446 1376 fines
466 1313 563 1395 primi
582 1314 615 1376 in
635 1313 801 1376 continua
823 1313 909 1376 serie
928 1333 949 1376 a
964 1311 1088 1388 Primo,
1108 1312 1165 1396 qui
1187 1321 1242 1376 est
1262 1309 1336 1377 Do·

213 1411 325 1473 minus
338 1406 493 1485 Creator,
511 1431 617 1494 usque
632 1409 676 1474 ad
692 1409 862 1487 ultimum,
876 1409 932 1493 qui
948 1419 1003 1474 est
1019 1407 1213 1492 conjunttio
1225 1408 1336 1475 homi·

214 1510 361 1572 niseum
381 1508 472 1590 Ipso.
519 1506 620 1590 Quod
641 1527 761 1572 omnes
777 1505 862 1571 fines
882 1505 992 1572 ultimi
1008 1527 1027 1570 e
1046 1527 1136 1572 novo
1152 1505 1236 1572 fiant
1252 1505 1336 1572 fines

216 1607 325 1688 primi,
350 1615 448 1688 patet
473 1607 564 1681 inde,
589 1606 681 1689 quod
705 1625 775 1669 non
804 1605 906 1669 detur
929 1603 1058 1688 aliquid
1087 1603 1156 1669 tale
1183 1604 1274 1668 iners
1301 1615 1338 1670 et

216 1714 401 1778 mortuum,
421 1714 459 1768 ut
480 1703 563 1767 nihil
586 1702 767 1768 efficientis
790 1703 889 1766 sitin
909 1700 978 1767 illo.
1022 1701 1141 1768 Etiam
1164 1723 1210 1767 ex
1233 1721 1339 1767 arena

215 1802 373 1884 exspirat
392 1801 475 1876 tale,
488 1801 579 1885 quod
596 1801 729 1866 confert
749 1819 850 1884 opem
863 1800 906 1865 ad
923 1797 1051 1884 aliquid
1066 1799 1337 1885 producendum,

216 1901 267 1964 ita
285 1899 329 1964 ad
347 1898 476 1985 aliquid
495 1897 722 1964 efficiendum.
