<?xml version="1.0" encoding="UTF-8"?>
<!DOCTYPE html PUBLIC "-//W3C//DTD XHTML 1.0 Transitional//EN"
    "http://www.w3.org/TR/xhtml1/DTD/xhtml1-transitional.dtd">
<html xmlns="http://www.w3.org/1999/xhtml" xml:lang="en" lang="en">
 <head>
  <title>
</title>
<meta http-equiv="Content-Type" content="text/html;charset=utf-8" />
  <meta name='ocr-system' content='tesseract 3.04.00' />
  <meta name='ocr-capabilities' content='ocr_page ocr_carea ocr_par ocr_line ocrx_word'/>
</head>
<body>
  <div class='ocr_page' id='page_1' title='image "./sapientaangelic01swedgoog_0027.png"; bbox 0 0 3358 5384; ppageno 0'>
   <div class='ocr_carea' id='block_1_1' title="bbox 659 666 1078 720">
    <p class='ocr_par' dir='ltr' id='par_1_1' title="bbox 659 666 1078 720">
     <span class='ocr_line' id='line_1_1' title="bbox 659 666 1078 720; baseline 0.005 -2"><span class='ocrx_word' id='word_1_1' title='bbox 659 666 861 718; x_wconf 77' lang='lat' dir='ltr'>SAPIENTIA</span> <span class='ocrx_word' id='word_1_2' title='bbox 885 669 1078 720; x_wconf 75' lang='lat' dir='ltr'>ANGELICA</span> 
     </span>
    </p>
   </div>
   <div class='ocr_carea' id='block_1_2' title="bbox 300 1023 1438 1110">
    <p class='ocr_par' dir='ltr' id='par_1_2' title="bbox 300 1023 1438 1110">
     <span class='ocr_line' id='line_1_2' title="bbox 300 1023 1438 1110; baseline 0.006 -19"><span class='ocrx_word' id='word_1_3' title='bbox 300 1023 417 1110; x_wconf 82' lang='lat' dir='ltr'><strong>Quor&gt;</strong></span> <span class='ocrx_word' id='word_1_4' title='bbox 435 1040 519 1092; x_wconf 77' lang='lat' dir='ltr'><strong>usn</strong></span> <span class='ocrx_word' id='word_1_5' title='bbox 535 1026 892 1093; x_wconf 75' lang='lat' dir='ltr'><strong>D1vrunEsssuu1n</strong></span> <span class='ocrx_word' id='word_1_6' title='bbox 912 1041 971 1094; x_wconf 67' lang='grc' dir='ltr'><strong>εῖτ</strong></span> <span class='ocrx_word' id='word_1_7' title='bbox 994 1027 1115 1095; x_wconf 72' lang='lat' dir='ltr'><strong>Auos</strong></span> <span class='ocrx_word' id='word_1_8' title='bbox 1135 1043 1186 1094; x_wconf 77' lang='lat' dir='ltr'><strong>su</strong></span> <span class='ocrx_word' id='word_1_9' title='bbox 1208 1028 1438 1098; x_wconf 69' lang='lat' dir='ltr'><strong>§narsus-m.</strong></span> 
     </span>
    </p>
   </div>
   <div class='ocr_carea' id='block_1_3' title="bbox 365 1209 1426 1300">
    <p class='ocr_par' dir='ltr' id='par_1_3' title="bbox 365 1209 1426 1300">
     <span class='ocr_line' id='line_1_3' title="bbox 365 1209 1426 1300; baseline 0 -20"><span class='ocrx_word' id='word_1_10' title='bbox 365 1214 434 1282; x_wconf 73' lang='lat'><strong>28·</strong></span> <span class='ocrx_word' id='word_1_11' title='bbox 464 1209 499 1276; x_wconf 86' lang='lat' dir='ltr'><strong>Si</strong></span> <span class='ocrx_word' id='word_1_12' title='bbox 516 1212 652 1294; x_wconf 82' lang='lat' dir='ltr'><strong>colligis</strong></span> <span class='ocrx_word' id='word_1_13' title='bbox 668 1213 793 1288; x_wconf 88' lang='lat' dir='ltr'><strong>omnia,</strong></span> <span class='ocrx_word' id='word_1_14' title='bbox 815 1233 1043 1300; x_wconf 91' lang='lat' dir='ltr'><strong>quaecunque</strong></span> <span class='ocrx_word' id='word_1_15' title='bbox 1067 1215 1170 1289; x_wconf 93' lang='lat' dir='ltr'><strong>nosti,</strong></span> <span class='ocrx_word' id='word_1_16' title='bbox 1187 1225 1223 1279; x_wconf 89' lang='lat' dir='ltr'><strong>et</strong></span> <span class='ocrx_word' id='word_1_17' title='bbox 1240 1217 1349 1281; x_wconf 89' lang='lat' dir='ltr'><strong>mittis</strong></span> <span class='ocrx_word' id='word_1_18' title='bbox 1365 1217 1426 1280; x_wconf 92' lang='lat' dir='ltr'><strong>illa</strong></span> 
     </span>
    </p>
   </div>
   <div class='ocr_carea' id='block_1_4' title="bbox 291 1307 1425 4538">
    <p class='ocr_par' dir='ltr' id='par_1_4' title="bbox 291 1307 1425 2344">
     <span class='ocr_line' id='line_1_4' title="bbox 300 1307 1425 1392; baseline 0.004 -21"><span class='ocrx_word' id='word_1_19' title='bbox 300 1309 363 1372; x_wconf 92' lang='lat' dir='ltr'><strong>sub</strong></span> <span class='ocrx_word' id='word_1_20' title='bbox 376 1308 502 1371; x_wconf 89' lang='lat' dir='ltr'><strong>mentis</strong></span> <span class='ocrx_word' id='word_1_21' title='bbox 519 1316 599 1371; x_wconf 92' lang='lat' dir='ltr'><strong>tuae</strong></span> <span class='ocrx_word' id='word_1_22' title='bbox 611 1308 840 1383; x_wconf 86' lang='lat' dir='ltr'><strong>intuitionem,</strong></span> <span class='ocrx_word' id='word_1_23' title='bbox 852 1316 888 1371; x_wconf 88' lang='lat' dir='ltr'><strong>et</strong></span> <span class='ocrx_word' id='word_1_24' title='bbox 903 1308 937 1371; x_wconf 91' lang='lat' dir='ltr'><strong>in</strong></span> <span class='ocrx_word' id='word_1_25' title='bbox 954 1307 1066 1392; x_wconf 91' lang='lat' dir='ltr'><strong>aliqua</strong></span> <span class='ocrx_word' id='word_1_26' title='bbox 1079 1309 1217 1390; x_wconf 89' lang='lat' dir='ltr'><strong>spiritus</strong></span> <span class='ocrx_word' id='word_1_27' title='bbox 1229 1310 1425 1376; x_wconf 84' lang='lat' dir='ltr'><strong>elevatione</strong></span> 
     </span>
     <span class='ocr_line' id='line_1_5' title="bbox 299 1402 1424 1485; baseline 0.002 -19"><span class='ocrx_word' id='word_1_28' title='bbox 299 1403 463 1467; x_wconf 88' lang='lat' dir='ltr'><strong>scrutaris</strong></span> <span class='ocrx_word' id='word_1_29' title='bbox 485 1402 564 1485; x_wconf 88' lang='lat' dir='ltr'><strong>quid</strong></span> <span class='ocrx_word' id='word_1_30' title='bbox 589 1402 780 1466; x_wconf 88' lang='lat' dir='ltr'><strong>universale</strong></span> <span class='ocrx_word' id='word_1_31' title='bbox 804 1403 955 1466; x_wconf 87' lang='lat' dir='ltr'><strong>omniurn</strong></span> <span class='ocrx_word' id='word_1_32' title='bbox 979 1413 1043 1476; x_wconf 88' lang='lat' dir='ltr'><strong>est,</strong></span> <span class='ocrx_word' id='word_1_33' title='bbox 1069 1424 1137 1467; x_wconf 93' lang='lat' dir='ltr'><strong>non</strong></span> <span class='ocrx_word' id='word_1_34' title='bbox 1160 1416 1260 1485; x_wconf 89' lang='lat' dir='ltr'><strong>potes</strong></span> <span class='ocrx_word' id='word_1_35' title='bbox 1284 1405 1424 1470; x_wconf 91' lang='lat' dir='ltr'><strong>conclu·</strong></span> 
     </span>
     <span class='ocr_line' id='line_1_6' title="bbox 298 1495 1424 1580; baseline 0.004 -20"><span class='ocrx_word' id='word_1_36' title='bbox 298 1499 382 1562; x_wconf 90' lang='lat' dir='ltr'><strong>dere</strong></span> <span class='ocrx_word' id='word_1_37' title='bbox 397 1497 488 1561; x_wconf 91' lang='lat' dir='ltr'><strong>aliud</strong></span> <span class='ocrx_word' id='word_1_38' title='bbox 504 1517 607 1580; x_wconf 90' lang='lat' dir='ltr'><strong>quam</strong></span> <span class='ocrx_word' id='word_1_39' title='bbox 624 1498 715 1580; x_wconf 92' lang='lat' dir='ltr'><strong>quod</strong></span> <span class='ocrx_word' id='word_1_40' title='bbox 729 1495 798 1561; x_wconf 89' lang='lat' dir='ltr'><strong>sint</strong></span> <span class='ocrx_word' id='word_1_41' title='bbox 818 1498 929 1562; x_wconf 90' lang='lat' dir='ltr'><strong>Amor</strong></span> <span class='ocrx_word' id='word_1_42' title='bbox 951 1510 987 1563; x_wconf 91' lang='lat' dir='ltr'><strong>et</strong></span> <span class='ocrx_word' id='word_1_43' title='bbox 1011 1495 1209 1578; x_wconf 85' lang='lat' dir='ltr'><strong>Sapientia;</strong></span> <span class='ocrx_word' id='word_1_44' title='bbox 1234 1511 1313 1562; x_wconf 92' lang='lat' dir='ltr'><strong>sunt</strong></span> <span class='ocrx_word' id='word_1_45' title='bbox 1333 1501 1424 1564; x_wconf 91' lang='lat' dir='ltr'><strong>enim</strong></span> 
     </span>
     <span class='ocr_line' id='line_1_7' title="bbox 295 1593 1423 1672; baseline 0.003 -16"><span class='ocrx_word' id='word_1_46' title='bbox 295 1593 358 1658; x_wconf 88' lang='lat' dir='ltr'><strong>illa</strong></span> <span class='ocrx_word' id='word_1_47' title='bbox 388 1594 455 1657; x_wconf 91' lang='lat' dir='ltr'><strong>duo</strong></span> <span class='ocrx_word' id='word_1_48' title='bbox 483 1593 680 1657; x_wconf 84' lang='lat' dir='ltr'><strong>essentialia</strong></span> <span class='ocrx_word' id='word_1_49' title='bbox 706 1595 858 1657; x_wconf 90' lang='lat' dir='ltr'><strong>omnium</strong></span> <span class='ocrx_word' id='word_1_50' title='bbox 881 1595 973 1657; x_wconf 89' lang='lat' dir='ltr'><strong>vitae</strong></span> <span class='ocrx_word' id='word_1_51' title='bbox 1000 1594 1166 1672; x_wconf 89' lang='lat' dir='ltr'><strong>hominis;</strong></span> <span class='ocrx_word' id='word_1_52' title='bbox 1199 1613 1301 1658; x_wconf 93' lang='lat' dir='ltr'><strong>omne</strong></span> <span class='ocrx_word' id='word_1_53' title='bbox 1324 1596 1423 1660; x_wconf 90' lang='lat' dir='ltr'><strong>civile</strong></span> 
     </span>
     <span class='ocr_line' id='line_1_8' title="bbox 291 1688 1423 1771; baseline 0.002 -18"><span class='ocrx_word' id='word_1_54' title='bbox 291 1688 379 1771; x_wconf 83' lang='lat' dir='ltr'><strong>ejus,</strong></span> <span class='ocrx_word' id='word_1_55' title='bbox 400 1707 501 1753; x_wconf 90' lang='lat' dir='ltr'><strong>omne</strong></span> <span class='ocrx_word' id='word_1_56' title='bbox 521 1688 650 1753; x_wconf 91' lang='lat' dir='ltr'><strong>morale</strong></span> <span class='ocrx_word' id='word_1_57' title='bbox 669 1688 750 1770; x_wconf 87' lang='lat' dir='ltr'><strong>ejus,</strong></span> <span class='ocrx_word' id='word_1_58' title='bbox 771 1699 807 1752; x_wconf 94' lang='lat' dir='ltr'><strong>et</strong></span> <span class='ocrx_word' id='word_1_59' title='bbox 830 1707 932 1752; x_wconf 90' lang='lat' dir='ltr'><strong>omne</strong></span> <span class='ocrx_word' id='word_1_60' title='bbox 952 1688 1126 1771; x_wconf 87' lang='lat' dir='ltr'><strong>spirituale</strong></span> <span class='ocrx_word' id='word_1_61' title='bbox 1145 1689 1227 1770; x_wconf 89' lang='lat' dir='ltr'><strong>ejus,</strong></span> <span class='ocrx_word' id='word_1_62' title='bbox 1248 1709 1268 1752; x_wconf 89' lang='lat' dir='ltr'><strong>a</strong></span> <span class='ocrx_word' id='word_1_63' title='bbox 1291 1689 1423 1756; x_wconf 87' lang='lat' dir='ltr'><strong>duobus</strong></span> 
     </span>
     <span class='ocr_line' id='line_1_9' title="bbox 292 1782 1424 1868; baseline 0.001 -20"><span class='ocrx_word' id='word_1_64' title='bbox 292 1784 364 1848; x_wconf 90' lang='lat' dir='ltr'><strong>illis</strong></span> <span class='ocrx_word' id='word_1_65' title='bbox 383 1784 548 1867; x_wconf 90' lang='lat' dir='ltr'><strong>pendent,</strong></span> <span class='ocrx_word' id='word_1_66' title='bbox 566 1783 694 1866; x_wconf 89' lang='lat' dir='ltr'><strong>absque</strong></span> <span class='ocrx_word' id='word_1_67' title='bbox 714 1783 781 1847; x_wconf 92' lang='lat' dir='ltr'><strong>illis</strong></span> <span class='ocrx_word' id='word_1_68' title='bbox 801 1784 934 1847; x_wconf 85' lang='lat' dir='ltr'><strong>duobus</strong></span> <span class='ocrx_word' id='word_1_69' title='bbox 953 1803 1023 1847; x_wconf 94' lang='lat' dir='ltr'><strong>non</strong></span> <span class='ocrx_word' id='word_1_70' title='bbox 1042 1793 1122 1848; x_wconf 90' lang='lat' dir='ltr'><strong>sunt</strong></span> <span class='ocrx_word' id='word_1_71' title='bbox 1138 1783 1276 1868; x_wconf 89' lang='lat' dir='ltr'><strong>aliquid.</strong></span> <span class='ocrx_word' id='word_1_72' title='bbox 1322 1782 1424 1850; x_wconf 89' lang='lat' dir='ltr'><strong>Simi-</strong></span> 
     </span>
     <span class='ocr_line' id='line_1_10' title="bbox 291 1879 1423 1963; baseline 0.002 -21"><span class='ocrx_word' id='word_1_73' title='bbox 291 1879 377 1944; x_wconf 81' lang='lat' dir='ltr'><strong>liter</strong></span> <span class='ocrx_word' id='word_1_74' title='bbox 395 1879 512 1943; x_wconf 90' lang='lat' dir='ltr'><strong>omnia</strong></span> <span class='ocrx_word' id='word_1_75' title='bbox 527 1879 620 1942; x_wconf 88' lang='lat' dir='ltr'><strong>vitae</strong></span> <span class='ocrx_word' id='word_1_76' title='bbox 637 1879 798 1942; x_wconf 91' lang='lat' dir='ltr'><strong>Hominis</strong></span> <span class='ocrx_word' id='word_1_77' title='bbox 814 1881 1009 1962; x_wconf 87' lang='lat' dir='ltr'><strong>compositi,</strong></span> <span class='ocrx_word' id='word_1_78' title='bbox 1027 1881 1083 1962; x_wconf 91' lang='lat' dir='ltr'><strong>qui</strong></span> <span class='ocrx_word' id='word_1_79' title='bbox 1102 1888 1167 1956; x_wconf 87' lang='lat' dir='ltr'><strong>est,</strong></span> <span class='ocrx_word' id='word_1_80' title='bbox 1188 1888 1225 1943; x_wconf 93' lang='lat' dir='ltr'><strong>ut</strong></span> <span class='ocrx_word' id='word_1_81' title='bbox 1242 1881 1333 1963; x_wconf 87' lang='lat' dir='ltr'><strong>prius</strong></span> <span class='ocrx_word' id='word_1_82' title='bbox 1349 1881 1423 1944; x_wconf 92' lang='lat' dir='ltr'><strong>dic·</strong></span> 
     </span>
     <span class='ocr_line' id='line_1_11' title="bbox 291 1974 1421 2058; baseline 0 -19"><span class='ocrx_word' id='word_1_83' title='bbox 291 1985 371 2039; x_wconf 86' lang='lat' dir='ltr'><strong>tum</strong></span> <span class='ocrx_word' id='word_1_84' title='bbox 395 1983 461 2050; x_wconf 89' lang='lat' dir='ltr'><strong>est,</strong></span> <span class='ocrx_word' id='word_1_85' title='bbox 486 1974 637 2037; x_wconf 88' lang='lat' dir='ltr'><strong>societas</strong></span> <span class='ocrx_word' id='word_1_86' title='bbox 661 1975 767 2055; x_wconf 88' lang='lat' dir='ltr'><strong>major</strong></span> <span class='ocrx_word' id='word_1_87' title='bbox 790 1982 827 2037; x_wconf 91' lang='lat' dir='ltr'><strong>et</strong></span> <span class='ocrx_word' id='word_1_88' title='bbox 854 1975 974 2049; x_wconf 88' lang='lat' dir='ltr'><strong>minor,</strong></span> <span class='ocrx_word' id='word_1_89' title='bbox 999 1992 1142 2056; x_wconf 86' lang='lat' dir='ltr'><strong>regnum</strong></span> <span class='ocrx_word' id='word_1_90' title='bbox 1166 1983 1203 2038; x_wconf 90' lang='lat' dir='ltr'><strong>et</strong></span> <span class='ocrx_word' id='word_1_91' title='bbox 1229 1975 1421 2058; x_wconf 91' lang='lat' dir='ltr'><strong>imperium,</strong></span> 
     </span>
     <span class='ocr_line' id='line_1_12' title="bbox 291 2067 1422 2151; baseline 0.001 -17"><span class='ocrx_word' id='word_1_92' title='bbox 291 2069 457 2145; x_wconf 85' lang='lat' dir='ltr'><strong>ecclesia,</strong></span> <span class='ocrx_word' id='word_1_93' title='bbox 471 2078 507 2133; x_wconf 89' lang='lat' dir='ltr'><strong>et</strong></span> <span class='ocrx_word' id='word_1_94' title='bbox 522 2088 657 2151; x_wconf 91' lang='lat' dir='ltr'><strong>quoque</strong></span> <span class='ocrx_word' id='word_1_95' title='bbox 670 2067 804 2132; x_wconf 89' lang='lat' dir='ltr'><strong>caelum</strong></span> <span class='ocrx_word' id='word_1_96' title='bbox 815 2068 1020 2150; x_wconf 81' lang='lat' dir='ltr'><strong>angelicum.</strong></span> <span class='ocrx_word' id='word_1_97' title='bbox 1067 2068 1177 2133; x_wconf 90' lang='lat' dir='ltr'><strong>Deme</strong></span> <span class='ocrx_word' id='word_1_98' title='bbox 1189 2068 1258 2133; x_wconf 89' lang='lat' dir='ltr'><strong>illis</strong></span> <span class='ocrx_word' id='word_1_99' title='bbox 1268 2088 1422 2135; x_wconf 88' lang='lat' dir='ltr'><strong>amorem</strong></span> 
     </span>
     <span class='ocr_line' id='line_1_13' title="bbox 297 2163 1423 2249; baseline 0.001 -20"><span class='ocrx_word' id='word_1_100' title='bbox 297 2174 334 2229; x_wconf 90' lang='lat' dir='ltr'><strong>et</strong></span> <span class='ocrx_word' id='word_1_101' title='bbox 352 2165 569 2248; x_wconf 88' lang='lat' dir='ltr'><strong>sapientiam,</strong></span> <span class='ocrx_word' id='word_1_102' title='bbox 589 2172 626 2227; x_wconf 89' lang='lat' dir='ltr'><strong>et</strong></span> <span class='ocrx_word' id='word_1_103' title='bbox 645 2164 763 2246; x_wconf 85' lang='lat' dir='ltr'><strong>cogita</strong></span> <span class='ocrx_word' id='word_1_104' title='bbox 782 2182 862 2226; x_wconf 90' lang='lat' dir='ltr'><strong>num</strong></span> <span class='ocrx_word' id='word_1_105' title='bbox 879 2164 948 2226; x_wconf 89' lang='lat' dir='ltr'><strong>sint</strong></span> <span class='ocrx_word' id='word_1_106' title='bbox 967 2163 1106 2248; x_wconf 89' lang='lat' dir='ltr'><strong>aliquid,</strong></span> <span class='ocrx_word' id='word_1_107' title='bbox 1126 2175 1162 2229; x_wconf 85' lang='lat' dir='ltr'><strong>et</strong></span> <span class='ocrx_word' id='word_1_108' title='bbox 1181 2165 1423 2249; x_wconf 83' lang='lat' dir='ltr'><strong>deprehendes</strong></span> 
     </span>
     <span class='ocr_line' id='line_1_14' title="bbox 297 2259 1114 2344; baseline -0.004 -19"><span class='ocrx_word' id='word_1_109' title='bbox 297 2261 390 2344; x_wconf 90' lang='lat' dir='ltr'><strong>quod</strong></span> <span class='ocrx_word' id='word_1_110' title='bbox 410 2261 539 2343; x_wconf 90' lang='lat' dir='ltr'><strong>absque</strong></span> <span class='ocrx_word' id='word_1_111' title='bbox 558 2259 636 2334; x_wconf 91' lang='lat' dir='ltr'><strong>illis,</strong></span> <span class='ocrx_word' id='word_1_112' title='bbox 657 2268 695 2321; x_wconf 91' lang='lat' dir='ltr'><strong>ut</strong></span> <span class='ocrx_word' id='word_1_113' title='bbox 714 2279 759 2322; x_wconf 90' lang='lat' dir='ltr'><strong>ex</strong></span> <span class='ocrx_word' id='word_1_114' title='bbox 779 2259 910 2341; x_wconf 89' lang='lat' dir='ltr'><strong>quibus,</strong></span> <span class='ocrx_word' id='word_1_115' title='bbox 932 2259 1001 2322; x_wconf 91' lang='lat' dir='ltr'><strong>sint</strong></span> <span class='ocrx_word' id='word_1_116' title='bbox 1020 2259 1114 2322; x_wconf 93' lang='lat' dir='ltr'><strong>nihil.</strong></span> 
     </span>
    </p>

    <p class='ocr_par' dir='ltr' id='par_1_5' title="bbox 291 2352 1424 3200">
     <span class='ocr_line' id='line_1_15' title="bbox 360 2352 1424 2440; baseline -0.002 -18"><span class='ocrx_word' id='word_1_117' title='bbox 360 2373 430 2439; x_wconf 77' lang='lat'><strong>29.</strong></span> <span class='ocrx_word' id='word_1_118' title='bbox 462 2354 563 2436; x_wconf 88' lang='lat' dir='ltr'><strong>Quod</strong></span> <span class='ocrx_word' id='word_1_119' title='bbox 584 2356 617 2417; x_wconf 92' lang='lat' dir='ltr'><strong>in</strong></span> <span class='ocrx_word' id='word_1_120' title='bbox 637 2353 714 2419; x_wconf 90' lang='lat' dir='ltr'><strong>Deo</strong></span> <span class='ocrx_word' id='word_1_121' title='bbox 733 2354 777 2418; x_wconf 91' lang='lat' dir='ltr'><strong>sit</strong></span> <span class='ocrx_word' id='word_1_122' title='bbox 797 2354 908 2419; x_wconf 90' lang='lat' dir='ltr'><strong>Amor</strong></span> <span class='ocrx_word' id='word_1_123' title='bbox 927 2363 963 2418; x_wconf 92' lang='lat' dir='ltr'><strong>et</strong></span> <span class='ocrx_word' id='word_1_124' title='bbox 982 2354 1083 2418; x_wconf 91' lang='lat' dir='ltr'><strong>simul</strong></span> <span class='ocrx_word' id='word_1_125' title='bbox 1102 2352 1280 2438; x_wconf 89' lang='lat' dir='ltr'><strong>Sapientia</strong></span> <span class='ocrx_word' id='word_1_126' title='bbox 1294 2356 1329 2420; x_wconf 92' lang='lat' dir='ltr'><strong>in</strong></span> <span class='ocrx_word' id='word_1_127' title='bbox 1347 2357 1424 2440; x_wconf 91' lang='lat' dir='ltr'><strong>ipsa</strong></span> 
     </span>
     <span class='ocr_line' id='line_1_16' title="bbox 292 2451 1423 2532; baseline -0.002 -15"><span class='ocrx_word' id='word_1_128' title='bbox 292 2473 357 2517; x_wconf 86' lang='lat' dir='ltr'><strong>sua</strong></span> <span class='ocrx_word' id='word_1_129' title='bbox 375 2453 537 2527; x_wconf 88' lang='lat' dir='ltr'><strong>essentia,</strong></span> <span class='ocrx_word' id='word_1_130' title='bbox 559 2471 579 2513; x_wconf 93' lang='lat' dir='ltr'><strong>a</strong></span> <span class='ocrx_word' id='word_1_131' title='bbox 604 2451 740 2514; x_wconf 88' lang='lat' dir='ltr'><strong>nemine</strong></span> <span class='ocrx_word' id='word_1_132' title='bbox 760 2451 878 2532; x_wconf 85' lang='lat' dir='ltr'><strong>negari</strong></span> <span class='ocrx_word' id='word_1_133' title='bbox 902 2459 1042 2532; x_wconf 88' lang='lat' dir='ltr'><strong>potest;</strong></span> <span class='ocrx_word' id='word_1_134' title='bbox 1073 2459 1168 2514; x_wconf 89' lang='lat' dir='ltr'><strong>amat</strong></span> <span class='ocrx_word' id='word_1_135' title='bbox 1191 2452 1423 2516; x_wconf 89' lang='lat' dir='ltr'><strong>enimomnes</strong></span> 
     </span>
     <span class='ocr_line' id='line_1_17' title="bbox 291 2541 1423 2627; baseline -0.001 -16"><span class='ocrx_word' id='word_1_136' title='bbox 291 2567 343 2611; x_wconf 83' lang='lat' dir='ltr'><strong>ex</strong></span> <span class='ocrx_word' id='word_1_137' title='bbox 359 2546 491 2611; x_wconf 89' lang='lat' dir='ltr'><strong>Amore</strong></span> <span class='ocrx_word' id='word_1_138' title='bbox 506 2547 541 2609; x_wconf 89' lang='lat' dir='ltr'><strong>in</strong></span> <span class='ocrx_word' id='word_1_139' title='bbox 558 2543 614 2620; x_wconf 90' lang='lat' dir='ltr'><strong>Se,</strong></span> <span class='ocrx_word' id='word_1_140' title='bbox 627 2554 664 2608; x_wconf 91' lang='lat' dir='ltr'><strong>et</strong></span> <span class='ocrx_word' id='word_1_141' title='bbox 680 2545 776 2609; x_wconf 91' lang='lat' dir='ltr'><strong>ducit</strong></span> <span class='ocrx_word' id='word_1_142' title='bbox 791 2563 912 2608; x_wconf 91' lang='lat' dir='ltr'><strong>omnes</strong></span> <span class='ocrx_word' id='word_1_143' title='bbox 928 2565 974 2608; x_wconf 90' lang='lat' dir='ltr'><strong>ex</strong></span> <span class='ocrx_word' id='word_1_144' title='bbox 990 2541 1167 2627; x_wconf 86' lang='lat' dir='ltr'><strong>Sapientia</strong></span> <span class='ocrx_word' id='word_1_145' title='bbox 1183 2546 1217 2609; x_wconf 91' lang='lat' dir='ltr'><strong>in</strong></span> <span class='ocrx_word' id='word_1_146' title='bbox 1233 2543 1288 2610; x_wconf 86' lang='lat' dir='ltr'><strong>Se.</strong></span> <span class='ocrx_word' id='word_1_147' title='bbox 1333 2545 1423 2612; x_wconf 92' lang='lat' dir='ltr'><strong>Uni·</strong></span> 
     </span>
     <span class='ocr_line' id='line_1_18' title="bbox 293 2637 1422 2723; baseline 0.001 -18"><span class='ocrx_word' id='word_1_148' title='bbox 293 2661 431 2705; x_wconf 89' lang='lat' dir='ltr'><strong>versum</strong></span> <span class='ocrx_word' id='word_1_149' title='bbox 445 2641 550 2704; x_wconf 88' lang='lat' dir='ltr'><strong>etiam</strong></span> <span class='ocrx_word' id='word_1_150' title='bbox 563 2649 716 2704; x_wconf 89' lang='lat' dir='ltr'><strong>creatum</strong></span> <span class='ocrx_word' id='word_1_151' title='bbox 733 2660 778 2705; x_wconf 86' lang='lat' dir='ltr'><strong>ex</strong></span> <span class='ocrx_word' id='word_1_152' title='bbox 794 2640 913 2703; x_wconf 91' lang='lat' dir='ltr'><strong>ordine</strong></span> <span class='ocrx_word' id='word_1_153' title='bbox 926 2637 1132 2722; x_wconf 74' lang='lat' dir='ltr'><strong>spectatum,</strong></span> <span class='ocrx_word' id='word_1_154' title='bbox 1146 2649 1200 2704; x_wconf 88' lang='lat' dir='ltr'><strong>est</strong></span> <span class='ocrx_word' id='word_1_155' title='bbox 1217 2641 1266 2705; x_wconf 89' lang='lat' dir='ltr'><strong>ita</strong></span> <span class='ocrx_word' id='word_1_156' title='bbox 1282 2640 1422 2723; x_wconf 89' lang='lat' dir='ltr'><strong>plenum</strong></span> 
     </span>
     <span class='ocr_line' id='line_1_19' title="bbox 293 2734 1421 2819; baseline 0.002 -20"><span class='ocrx_word' id='word_1_157' title='bbox 293 2737 469 2818; x_wconf 89' lang='lat' dir='ltr'><strong>sapientia</strong></span> <span class='ocrx_word' id='word_1_158' title='bbox 498 2756 544 2799; x_wconf 87' lang='lat' dir='ltr'><strong>ex</strong></span> <span class='ocrx_word' id='word_1_159' title='bbox 574 2755 702 2811; x_wconf 90' lang='lat' dir='ltr'><strong>amore,</strong></span> <span class='ocrx_word' id='word_1_160' title='bbox 727 2745 765 2798; x_wconf 89' lang='lat' dir='ltr'><strong>ut</strong></span> <span class='ocrx_word' id='word_1_161' title='bbox 792 2736 887 2798; x_wconf 90' lang='lat' dir='ltr'><strong>dicas</strong></span> <span class='ocrx_word' id='word_1_162' title='bbox 910 2735 1025 2799; x_wconf 92' lang='lat' dir='ltr'><strong>omnia</strong></span> <span class='ocrx_word' id='word_1_163' title='bbox 1054 2735 1087 2798; x_wconf 93' lang='lat' dir='ltr'><strong>in</strong></span> <span class='ocrx_word' id='word_1_164' title='bbox 1115 2734 1302 2819; x_wconf 88' lang='lat' dir='ltr'><strong>complexu</strong></span> <span class='ocrx_word' id='word_1_165' title='bbox 1325 2736 1421 2801; x_wconf 91' lang='lat' dir='ltr'><strong>illam</strong></span> 
     </span>
     <span class='ocr_line' id='line_1_20' title="bbox 296 2829 1423 2914; baseline 0.003 -20"><span class='ocrx_word' id='word_1_166' title='bbox 296 2832 405 2914; x_wconf 89' lang='lat' dir='ltr'><strong>ipsam</strong></span> <span class='ocrx_word' id='word_1_167' title='bbox 423 2852 519 2910; x_wconf 90' lang='lat' dir='ltr'><strong>esse;</strong></span> <span class='ocrx_word' id='word_1_168' title='bbox 540 2839 621 2894; x_wconf 93' lang='lat' dir='ltr'><strong>sunt</strong></span> <span class='ocrx_word' id='word_1_169' title='bbox 639 2831 730 2894; x_wconf 88' lang='lat' dir='ltr'><strong>enim</strong></span> <span class='ocrx_word' id='word_1_170' title='bbox 750 2829 928 2894; x_wconf 87' lang='lat' dir='ltr'><strong>indefinita</strong></span> <span class='ocrx_word' id='word_1_171' title='bbox 945 2830 979 2893; x_wconf 92' lang='lat' dir='ltr'><strong>in</strong></span> <span class='ocrx_word' id='word_1_172' title='bbox 999 2829 1061 2894; x_wconf 88' lang='lat' dir='ltr'><strong>tali</strong></span> <span class='ocrx_word' id='word_1_173' title='bbox 1080 2830 1210 2906; x_wconf 88' lang='lat' dir='ltr'><strong>ordine,</strong></span> <span class='ocrx_word' id='word_1_174' title='bbox 1228 2834 1423 2897; x_wconf 89' lang='lat' dir='ltr'><strong>successive</strong></span> 
     </span>
     <span class='ocr_line' id='line_1_21' title="bbox 296 2925 1421 3008; baseline 0.002 -18"><span class='ocrx_word' id='word_1_175' title='bbox 296 2935 334 2990; x_wconf 89' lang='lat' dir='ltr'><strong>et</strong></span> <span class='ocrx_word' id='word_1_176' title='bbox 352 2925 571 3002; x_wconf 88' lang='lat' dir='ltr'><strong>simultanee,</strong></span> <span class='ocrx_word' id='word_1_177' title='bbox 591 2934 629 2989; x_wconf 91' lang='lat' dir='ltr'><strong>ut</strong></span> <span class='ocrx_word' id='word_1_178' title='bbox 653 2925 752 2989; x_wconf 92' lang='lat' dir='ltr'><strong>simul</strong></span> <span class='ocrx_word' id='word_1_179' title='bbox 772 2935 912 3008; x_wconf 89' lang='lat' dir='ltr'><strong>sumpta</strong></span> <span class='ocrx_word' id='word_1_180' title='bbox 930 2944 1034 2988; x_wconf 90' lang='lat' dir='ltr'><strong>unum</strong></span> <span class='ocrx_word' id='word_1_181' title='bbox 1054 2925 1193 2990; x_wconf 81' lang='lat' dir='ltr'><strong>saciant.</strong></span> <span class='ocrx_word' id='word_1_182' title='bbox 1237 2925 1295 2991; x_wconf 86' lang='lat' dir='ltr'><strong>Ex</strong></span> <span class='ocrx_word' id='word_1_183' title='bbox 1318 2947 1360 2991; x_wconf 87' lang='lat' dir='ltr'><strong>eo</strong></span> <span class='ocrx_word' id='word_1_184' title='bbox 1383 2937 1421 2992; x_wconf 89' lang='lat' dir='ltr'><strong>et</strong></span> 
     </span>
     <span class='ocr_line' id='line_1_22' title="bbox 297 3021 1422 3105; baseline 0.002 -20"><span class='ocrx_word' id='word_1_185' title='bbox 297 3042 366 3086; x_wconf 93' lang='lat' dir='ltr'><strong>non</strong></span> <span class='ocrx_word' id='word_1_186' title='bbox 385 3021 523 3086; x_wconf 90' lang='lat' dir='ltr'><strong>aliunde</strong></span> <span class='ocrx_word' id='word_1_187' title='bbox 546 3031 612 3097; x_wconf 89' lang='lat' dir='ltr'><strong>est,</strong></span> <span class='ocrx_word' id='word_1_188' title='bbox 632 3022 724 3104; x_wconf 93' lang='lat' dir='ltr'><strong>quod</strong></span> <span class='ocrx_word' id='word_1_189' title='bbox 743 3021 912 3086; x_wconf 87' lang='lat' dir='ltr'><strong>contineri</strong></span> <span class='ocrx_word' id='word_1_190' title='bbox 935 3031 972 3086; x_wconf 91' lang='lat' dir='ltr'><strong>et</strong></span> <span class='ocrx_word' id='word_1_191' title='bbox 994 3023 1029 3086; x_wconf 93' lang='lat' dir='ltr'><strong>in</strong></span> <span class='ocrx_word' id='word_1_192' title='bbox 1051 3032 1256 3105; x_wconf 89' lang='lat' dir='ltr'><strong>perpetuum</strong></span> <span class='ocrx_word' id='word_1_193' title='bbox 1279 3042 1422 3088; x_wconf 87' lang='lat' dir='ltr'><strong>conser-</strong></span> 
     </span>
     <span class='ocr_line' id='line_1_23' title="bbox 296 3117 530 3200; baseline 0 -19"><span class='ocrx_word' id='word_1_194' title='bbox 296 3118 366 3181; x_wconf 89' lang='lat' dir='ltr'><strong>vari</strong></span> <span class='ocrx_word' id='word_1_195' title='bbox 386 3117 530 3200; x_wconf 91' lang='lat' dir='ltr'><strong>possint.</strong></span> 
     </span>
    </p>

    <p class='ocr_par' dir='ltr' id='par_1_6' title="bbox 292 3211 1423 4538">
     <span class='ocr_line' id='line_1_24' title="bbox 358 3211 1421 3297; baseline 0.001 -19"><span class='ocrx_word' id='word_1_196' title='bbox 358 3228 433 3297; x_wconf 74' lang='lat'><strong>3⁰·</strong></span> <span class='ocrx_word' id='word_1_197' title='bbox 463 3211 520 3276; x_wconf 86' lang='lat' dir='ltr'><strong>Ex</strong></span> <span class='ocrx_word' id='word_1_198' title='bbox 544 3232 596 3288; x_wconf 90' lang='lat' dir='ltr'><strong>eo,</strong></span> <span class='ocrx_word' id='word_1_199' title='bbox 621 3211 712 3295; x_wconf 92' lang='lat' dir='ltr'><strong>quod</strong></span> <span class='ocrx_word' id='word_1_200' title='bbox 743 3213 818 3296; x_wconf 90' lang='lat' dir='ltr'><strong>ipsa</strong></span> <span class='ocrx_word' id='word_1_201' title='bbox 840 3212 965 3276; x_wconf 89' lang='lat' dir='ltr'><strong>Divina</strong></span> <span class='ocrx_word' id='word_1_202' title='bbox 988 3211 1151 3277; x_wconf 90' lang='lat' dir='ltr'><strong>Essentia</strong></span> <span class='ocrx_word' id='word_1_203' title='bbox 1180 3213 1224 3277; x_wconf 91' lang='lat' dir='ltr'><strong>sit</strong></span> <span class='ocrx_word' id='word_1_204' title='bbox 1246 3211 1357 3279; x_wconf 91' lang='lat' dir='ltr'><strong>Amor</strong></span> <span class='ocrx_word' id='word_1_205' title='bbox 1384 3225 1421 3279; x_wconf 87' lang='lat' dir='ltr'><strong>et</strong></span> 
     </span>
     <span class='ocr_line' id='line_1_25' title="bbox 294 3305 1420 3390; baseline -0.001 -17"><span class='ocrx_word' id='word_1_206' title='bbox 294 3307 484 3390; x_wconf 87' lang='lat' dir='ltr'><strong>Sapientia,</strong></span> <span class='ocrx_word' id='word_1_207' title='bbox 510 3317 564 3371; x_wconf 89' lang='lat' dir='ltr'><strong>est</strong></span> <span class='ocrx_word' id='word_1_208' title='bbox 596 3307 687 3390; x_wconf 92' lang='lat' dir='ltr'><strong>quod</strong></span> <span class='ocrx_word' id='word_1_209' title='bbox 717 3305 848 3372; x_wconf 91' lang='lat' dir='ltr'><strong>homini</strong></span> <span class='ocrx_word' id='word_1_210' title='bbox 877 3308 977 3372; x_wconf 89' lang='lat' dir='ltr'><strong>binae</strong></span> <span class='ocrx_word' id='word_1_211' title='bbox 1006 3307 1192 3373; x_wconf 83' lang='lat' dir='ltr'><strong>facultates</strong></span> <span class='ocrx_word' id='word_1_212' title='bbox 1216 3310 1308 3374; x_wconf 87' lang='lat' dir='ltr'><strong>vitae</strong></span> <span class='ocrx_word' id='word_1_213' title='bbox 1338 3309 1420 3384; x_wconf 90' lang='lat' dir='ltr'><strong>sint,</strong></span> 
     </span>
     <span class='ocr_line' id='line_1_26' title="bbox 294 3401 1421 3486; baseline -0.002 -18"><span class='ocrx_word' id='word_1_214' title='bbox 294 3424 341 3468; x_wconf 89' lang='lat' dir='ltr'><strong>ex</strong></span> <span class='ocrx_word' id='word_1_215' title='bbox 364 3421 508 3486; x_wconf 89' lang='lat' dir='ltr'><strong>quarum</strong></span> <span class='ocrx_word' id='word_1_216' title='bbox 532 3421 599 3466; x_wconf 88' lang='lat' dir='ltr'><strong>una</strong></span> <span class='ocrx_word' id='word_1_217' title='bbox 622 3413 676 3468; x_wconf 91' lang='lat' dir='ltr'><strong>est</strong></span> <span class='ocrx_word' id='word_1_218' title='bbox 698 3403 749 3468; x_wconf 91' lang='lat' dir='ltr'><strong>illi</strong></span> <span class='ocrx_word' id='word_1_219' title='bbox 771 3401 982 3478; x_wconf 74' lang='lat' dir='ltr'><strong>intellectus,</strong></span> <span class='ocrx_word' id='word_1_220' title='bbox 1007 3411 1044 3467; x_wconf 93' lang='lat' dir='ltr'><strong>et</strong></span> <span class='ocrx_word' id='word_1_221' title='bbox 1075 3423 1121 3466; x_wconf 87' lang='lat' dir='ltr'><strong>ex</strong></span> <span class='ocrx_word' id='word_1_222' title='bbox 1152 3403 1263 3467; x_wconf 90' lang='lat' dir='ltr'><strong>altera</strong></span> <span class='ocrx_word' id='word_1_223' title='bbox 1286 3413 1340 3468; x_wconf 88' lang='lat' dir='ltr'><strong>est</strong></span> <span class='ocrx_word' id='word_1_224' title='bbox 1371 3403 1421 3467; x_wconf 91' lang='lat' dir='ltr'><strong>illi</strong></span> 
     </span>
     <span class='ocr_line' id='line_1_27' title="bbox 295 3495 1423 3582; baseline -0.001 -20"><span class='ocrx_word' id='word_1_225' title='bbox 295 3498 468 3563; x_wconf 90' lang='lat' dir='ltr'><strong>voluntas.</strong></span> <span class='ocrx_word' id='word_1_226' title='bbox 513 3497 679 3563; x_wconf 90' lang='lat' dir='ltr'><strong>Facultas</strong></span> <span class='ocrx_word' id='word_1_227' title='bbox 709 3519 754 3563; x_wconf 90' lang='lat' dir='ltr'><strong>ex</strong></span> <span class='ocrx_word' id='word_1_228' title='bbox 777 3519 844 3582; x_wconf 92' lang='lat' dir='ltr'><strong>qua</strong></span> <span class='ocrx_word' id='word_1_229' title='bbox 862 3495 1071 3574; x_wconf 76' lang='lat' dir='ltr'><strong>intellectus,</strong></span> <span class='ocrx_word' id='word_1_230' title='bbox 1091 3498 1197 3562; x_wconf 88' lang='lat' dir='ltr'><strong>trahit</strong></span> <span class='ocrx_word' id='word_1_231' title='bbox 1221 3501 1337 3563; x_wconf 91' lang='lat' dir='ltr'><strong>omnia</strong></span> <span class='ocrx_word' id='word_1_232' title='bbox 1359 3519 1423 3562; x_wconf 90' lang='lat' dir='ltr'><strong>sua</strong></span> 
     </span>
     <span class='ocr_line' id='line_1_28' title="bbox 295 3592 1420 3677; baseline 0 -20"><span class='ocrx_word' id='word_1_233' title='bbox 295 3615 341 3657; x_wconf 88' lang='lat' dir='ltr'><strong>ex</strong></span> <span class='ocrx_word' id='word_1_234' title='bbox 361 3593 490 3657; x_wconf 88' lang='lat' dir='ltr'><strong>influxu</strong></span> <span class='ocrx_word' id='word_1_235' title='bbox 506 3594 696 3677; x_wconf 88' lang='lat' dir='ltr'><strong>sapientiae</strong></span> <span class='ocrx_word' id='word_1_236' title='bbox 715 3614 737 3658; x_wconf 91' lang='lat' dir='ltr'><strong>a</strong></span> <span class='ocrx_word' id='word_1_237' title='bbox 754 3594 851 3672; x_wconf 88' lang='lat' dir='ltr'><strong>Deo;</strong></span> <span class='ocrx_word' id='word_1_238' title='bbox 879 3603 916 3657; x_wconf 90' lang='lat' dir='ltr'><strong>et</strong></span> <span class='ocrx_word' id='word_1_239' title='bbox 934 3592 1081 3656; x_wconf 83' lang='lat' dir='ltr'><strong>facultas</strong></span> <span class='ocrx_word' id='word_1_240' title='bbox 1100 3613 1146 3657; x_wconf 91' lang='lat' dir='ltr'><strong>ex</strong></span> <span class='ocrx_word' id='word_1_241' title='bbox 1164 3615 1231 3677; x_wconf 92' lang='lat' dir='ltr'><strong>qua</strong></span> <span class='ocrx_word' id='word_1_242' title='bbox 1246 3593 1420 3670; x_wconf 91' lang='lat' dir='ltr'><strong>voluntas,</strong></span> 
     </span>
     <span class='ocr_line' id='line_1_29' title="bbox 295 3686 1422 3771; baseline -0.001 -17"><span class='ocrx_word' id='word_1_243' title='bbox 295 3687 402 3754; x_wconf 88' lang='lat' dir='ltr'><strong>trahit</strong></span> <span class='ocrx_word' id='word_1_244' title='bbox 422 3689 538 3754; x_wconf 90' lang='lat' dir='ltr'><strong>omnia</strong></span> <span class='ocrx_word' id='word_1_245' title='bbox 560 3709 622 3752; x_wconf 89' lang='lat' dir='ltr'><strong>sua</strong></span> <span class='ocrx_word' id='word_1_246' title='bbox 645 3709 690 3754; x_wconf 90' lang='lat' dir='ltr'><strong>ex</strong></span> <span class='ocrx_word' id='word_1_247' title='bbox 714 3688 844 3753; x_wconf 85' lang='lat' dir='ltr'><strong>influxu</strong></span> <span class='ocrx_word' id='word_1_248' title='bbox 863 3689 987 3753; x_wconf 89' lang='lat' dir='ltr'><strong>amoris</strong></span> <span class='ocrx_word' id='word_1_249' title='bbox 1011 3708 1032 3752; x_wconf 89' lang='lat' dir='ltr'><strong>a</strong></span> <span class='ocrx_word' id='word_1_250' title='bbox 1054 3687 1141 3753; x_wconf 93' lang='lat' dir='ltr'><strong>Deo.</strong></span> <span class='ocrx_word' id='word_1_251' title='bbox 1189 3686 1290 3771; x_wconf 86' lang='lat' dir='ltr'><strong>Quod</strong></span> <span class='ocrx_word' id='word_1_252' title='bbox 1315 3689 1422 3754; x_wconf 91' lang='lat' dir='ltr'><strong>homo</strong></span> 
     </span>
     <span class='ocr_line' id='line_1_30' title="bbox 295 3783 1420 3867; baseline 0 -19"><span class='ocrx_word' id='word_1_253' title='bbox 295 3803 366 3848; x_wconf 89' lang='lat' dir='ltr'><strong>non</strong></span> <span class='ocrx_word' id='word_1_254' title='bbox 385 3783 476 3866; x_wconf 87' lang='lat' dir='ltr'><strong>juste</strong></span> <span class='ocrx_word' id='word_1_255' title='bbox 495 3785 608 3867; x_wconf 90' lang='lat' dir='ltr'><strong>sapiat</strong></span> <span class='ocrx_word' id='word_1_256' title='bbox 631 3804 676 3848; x_wconf 85' lang='lat' dir='ltr'><strong>ex</strong></span> <span class='ocrx_word' id='word_1_257' title='bbox 700 3804 770 3849; x_wconf 94' lang='lat' dir='ltr'><strong>non</strong></span> <span class='ocrx_word' id='word_1_258' title='bbox 784 3783 877 3866; x_wconf 86' lang='lat' dir='ltr'><strong>juste</strong></span> <span class='ocrx_word' id='word_1_259' title='bbox 896 3793 991 3848; x_wconf 91' lang='lat' dir='ltr'><strong>amet</strong></span> <span class='ocrx_word' id='word_1_260' title='bbox 1010 3804 1080 3848; x_wconf 93' lang='lat' dir='ltr'><strong>non</strong></span> <span class='ocrx_word' id='word_1_261' title='bbox 1104 3783 1198 3848; x_wconf 91' lang='lat' dir='ltr'><strong>tollit</strong></span> <span class='ocrx_word' id='word_1_262' title='bbox 1221 3783 1420 3861; x_wconf 83' lang='lat' dir='ltr'><strong>facultates,</strong></span> 
     </span>
     <span class='ocr_line' id='line_1_31' title="bbox 294 3879 1420 3964; baseline -0.001 -21"><span class='ocrx_word' id='word_1_263' title='bbox 294 3880 356 3944; x_wconf 92' lang='lat' dir='ltr'><strong>sed</strong></span> <span class='ocrx_word' id='word_1_264' title='bbox 380 3881 485 3944; x_wconf 93' lang='lat' dir='ltr'><strong>modo</strong></span> <span class='ocrx_word' id='word_1_265' title='bbox 508 3880 653 3944; x_wconf 91' lang='lat' dir='ltr'><strong>includit</strong></span> <span class='ocrx_word' id='word_1_266' title='bbox 674 3879 774 3958; x_wconf 89' lang='lat' dir='ltr'><strong>illas;</strong></span> <span class='ocrx_word' id='word_1_267' title='bbox 806 3888 842 3944; x_wconf 90' lang='lat' dir='ltr'><strong>et</strong></span> <span class='ocrx_word' id='word_1_268' title='bbox 864 3881 1025 3964; x_wconf 90' lang='lat' dir='ltr'><strong>quamdiu</strong></span> <span class='ocrx_word' id='word_1_269' title='bbox 1045 3880 1190 3944; x_wconf 91' lang='lat' dir='ltr'><strong>includit</strong></span> <span class='ocrx_word' id='word_1_270' title='bbox 1209 3879 1297 3956; x_wconf 87' lang='lat' dir='ltr'><strong>illas,</strong></span> <span class='ocrx_word' id='word_1_271' title='bbox 1315 3879 1420 3944; x_wconf 91' lang='lat' dir='ltr'><strong>intel·</strong></span> 
     </span>
     <span class='ocr_line' id='line_1_32' title="bbox 294 3973 1421 4060; baseline 0.001 -21"><span class='ocrx_word' id='word_1_272' title='bbox 294 3974 404 4041; x_wconf 76' lang='lat' dir='ltr'><strong>lectus</strong></span> <span class='ocrx_word' id='word_1_273' title='bbox 427 3975 566 4060; x_wconf 90' lang='lat' dir='ltr'><strong>quidem</strong></span> <span class='ocrx_word' id='word_1_274' title='bbox 596 3975 722 4040; x_wconf 91' lang='lat' dir='ltr'><strong>dicitur</strong></span> <span class='ocrx_word' id='word_1_275' title='bbox 745 3973 953 4051; x_wconf 70' lang='lat' dir='ltr'><strong>intellectus,</strong></span> <span class='ocrx_word' id='word_1_276' title='bbox 978 3975 1137 4040; x_wconf 88' lang='lat' dir='ltr'><strong>similiter</strong></span> <span class='ocrx_word' id='word_1_277' title='bbox 1158 3975 1333 4051; x_wconf 89' lang='lat' dir='ltr'><strong>voluntas,</strong></span> <span class='ocrx_word' id='word_1_278' title='bbox 1358 3977 1421 4040; x_wconf 90' lang='lat' dir='ltr'><strong>sed</strong></span> 
     </span>
     <span class='ocr_line' id='line_1_33' title="bbox 293 4070 1422 4156; baseline -0.001 -20"><span class='ocrx_word' id='word_1_279' title='bbox 293 4092 400 4156; x_wconf 89' lang='lat' dir='ltr'><strong>usque</strong></span> <span class='ocrx_word' id='word_1_280' title='bbox 417 4070 650 4136; x_wconf 88' lang='lat' dir='ltr'><strong>essentialiter</strong></span> <span class='ocrx_word' id='word_1_281' title='bbox 669 4091 737 4136; x_wconf 89' lang='lat' dir='ltr'><strong>non</strong></span> <span class='ocrx_word' id='word_1_282' title='bbox 759 4080 859 4135; x_wconf 87' lang='lat' dir='ltr'><strong>sunt:</strong></span> <span class='ocrx_word' id='word_1_283' title='bbox 887 4092 991 4155; x_wconf 89' lang='lat' dir='ltr'><strong>quare</strong></span> <span class='ocrx_word' id='word_1_284' title='bbox 1010 4072 1038 4135; x_wconf 90' lang='lat' dir='ltr'><strong>si</strong></span> <span class='ocrx_word' id='word_1_285' title='bbox 1057 4071 1242 4135; x_wconf 88' lang='lat' dir='ltr'><strong>facultates</strong></span> <span class='ocrx_word' id='word_1_286' title='bbox 1260 4070 1340 4135; x_wconf 90' lang='lat' dir='ltr'><strong>illae</strong></span> <span class='ocrx_word' id='word_1_287' title='bbox 1359 4093 1422 4135; x_wconf 87' lang='lat' dir='ltr'><strong>au·</strong></span> 
     </span>
     <span class='ocr_line' id='line_1_34' title="bbox 292 4167 1420 4250; baseline -0.002 -18"><span class='ocrx_word' id='word_1_288' title='bbox 292 4167 473 4243; x_wconf 89' lang='lat' dir='ltr'><strong>ferrentur,</strong></span> <span class='ocrx_word' id='word_1_289' title='bbox 491 4168 618 4250; x_wconf 89' lang='lat' dir='ltr'><strong>periret</strong></span> <span class='ocrx_word' id='word_1_290' title='bbox 634 4186 736 4231; x_wconf 90' lang='lat' dir='ltr'><strong>omne</strong></span> <span class='ocrx_word' id='word_1_291' title='bbox 754 4167 951 4243; x_wconf 88' lang='lat' dir='ltr'><strong>humanum,</strong></span> <span class='ocrx_word' id='word_1_292' title='bbox 968 4167 1060 4250; x_wconf 92' lang='lat' dir='ltr'><strong>quod</strong></span> <span class='ocrx_word' id='word_1_293' title='bbox 1077 4176 1131 4231; x_wconf 88' lang='lat' dir='ltr'><strong>est</strong></span> <span class='ocrx_word' id='word_1_294' title='bbox 1148 4167 1303 4249; x_wconf 85' lang='lat' dir='ltr'><strong>cogitare</strong></span> <span class='ocrx_word' id='word_1_295' title='bbox 1319 4175 1354 4230; x_wconf 97' lang='lat' dir='ltr'><strong>et</strong></span> <span class='ocrx_word' id='word_1_296' title='bbox 1374 4187 1420 4231; x_wconf 86' lang='lat' dir='ltr'><strong>ex</strong></span> 
     </span>
     <span class='ocr_line' id='line_1_35' title="bbox 292 4261 1420 4346; baseline -0.002 -18"><span class='ocrx_word' id='word_1_297' title='bbox 292 4264 452 4346; x_wconf 85' lang='lat' dir='ltr'><strong>cogitare</strong></span> <span class='ocrx_word' id='word_1_298' title='bbox 465 4262 568 4346; x_wconf 93' lang='lat' dir='ltr'><strong>loqui,</strong></span> <span class='ocrx_word' id='word_1_299' title='bbox 579 4281 619 4326; x_wconf 92' lang='lat' dir='ltr'><strong>ac</strong></span> <span class='ocrx_word' id='word_1_300' title='bbox 630 4262 718 4326; x_wconf 90' lang='lat' dir='ltr'><strong>velle</strong></span> <span class='ocrx_word' id='word_1_301' title='bbox 731 4271 766 4326; x_wconf 91' lang='lat' dir='ltr'><strong>et</strong></span> <span class='ocrx_word' id='word_1_302' title='bbox 783 4283 828 4326; x_wconf 84' lang='lat' dir='ltr'><strong>ex</strong></span> <span class='ocrx_word' id='word_1_303' title='bbox 839 4261 931 4328; x_wconf 89' lang='lat' dir='ltr'><strong>velle</strong></span> <span class='ocrx_word' id='word_1_304' title='bbox 944 4282 1058 4345; x_wconf 84' lang='lat' dir='ltr'><strong>agere.</strong></span> <span class='ocrx_word' id='word_1_305' title='bbox 1104 4261 1189 4326; x_wconf 90' lang='lat' dir='ltr'><strong>Inde</strong></span> <span class='ocrx_word' id='word_1_306' title='bbox 1202 4270 1313 4346; x_wconf 87' lang='lat' dir='ltr'><strong>patet,</strong></span> <span class='ocrx_word' id='word_1_307' title='bbox 1327 4262 1420 4345; x_wconf 91' lang='lat' dir='ltr'><strong>quod</strong></span> 
     </span>
     <span class='ocr_line' id='line_1_36' title="bbox 294 4356 1419 4442; baseline 0 -20"><span class='ocrx_word' id='word_1_308' title='bbox 294 4357 458 4422; x_wconf 91' lang='lat' dir='ltr'><strong>Divinum</strong></span> <span class='ocrx_word' id='word_1_309' title='bbox 475 4358 565 4442; x_wconf 89' lang='lat' dir='ltr'><strong>apud</strong></span> <span class='ocrx_word' id='word_1_310' title='bbox 581 4357 755 4422; x_wconf 89' lang='lat' dir='ltr'><strong>hominem</strong></span> <span class='ocrx_word' id='word_1_311' title='bbox 771 4357 921 4422; x_wconf 89' lang='lat' dir='ltr'><strong>resideat</strong></span> <span class='ocrx_word' id='word_1_312' title='bbox 941 4357 975 4421; x_wconf 90' lang='lat' dir='ltr'><strong>in</strong></span> <span class='ocrx_word' id='word_1_313' title='bbox 994 4357 1083 4421; x_wconf 90' lang='lat' dir='ltr'><strong>binis</strong></span> <span class='ocrx_word' id='word_1_314' title='bbox 1101 4356 1169 4421; x_wconf 90' lang='lat' dir='ltr'><strong>illis</strong></span> <span class='ocrx_word' id='word_1_315' title='bbox 1184 4356 1419 4432; x_wconf 88' lang='lat' dir='ltr'><strong>facultatibus,</strong></span> 
     </span>
     <span class='ocr_line' id='line_1_37' title="bbox 293 4452 1420 4538; baseline -0.001 -20"><span class='ocrx_word' id='word_1_316' title='bbox 293 4474 383 4538; x_wconf 87' lang='lat' dir='ltr'><strong>quae</strong></span> <span class='ocrx_word' id='word_1_317' title='bbox 406 4464 488 4518; x_wconf 89' lang='lat' dir='ltr'><strong>sunt</strong></span> <span class='ocrx_word' id='word_1_318' title='bbox 511 4453 657 4518; x_wconf 88' lang='lat' dir='ltr'><strong>facultas</strong></span> <span class='ocrx_word' id='word_1_319' title='bbox 680 4453 835 4538; x_wconf 89' lang='lat' dir='ltr'><strong>sapiendi</strong></span> <span class='ocrx_word' id='word_1_320' title='bbox 858 4463 894 4518; x_wconf 92' lang='lat' dir='ltr'><strong>et</strong></span> <span class='ocrx_word' id='word_1_321' title='bbox 923 4452 1070 4518; x_wconf 89' lang='lat' dir='ltr'><strong>facultas</strong></span> <span class='ocrx_word' id='word_1_322' title='bbox 1093 4453 1242 4530; x_wconf 89' lang='lat' dir='ltr'><strong>amandi,</strong></span> <span class='ocrx_word' id='word_1_323' title='bbox 1262 4454 1329 4519; x_wconf 91' lang='lat' dir='ltr'><strong>hoc</strong></span> <span class='ocrx_word' id='word_1_324' title='bbox 1353 4463 1420 4530; x_wconf 90' lang='lat' dir='ltr'><strong>est,</strong></span> 
     </span>
    </p>
   </div>
   <div class='ocr_carea' id='block_1_5' title="bbox 292 4547 1531 4634">
    <p class='ocr_par' dir='ltr' id='par_1_7' title="bbox 292 4547 1531 4634">
     <span class='ocr_line' id='line_1_38' title="bbox 292 4547 1531 4634; baseline -0.001 -20"><span class='ocrx_word' id='word_1_325' title='bbox 292 4549 387 4634; x_wconf 86' lang='lat' dir='ltr'><strong>quod</strong></span> <span class='ocrx_word' id='word_1_326' title='bbox 407 4550 528 4633; x_wconf 88' lang='lat' dir='ltr'><strong>possit.</strong></span> <span class='ocrx_word' id='word_1_327' title='bbox 571 4548 674 4632; x_wconf 85' lang='lat' dir='ltr'><strong>Quod</strong></span> <span class='ocrx_word' id='word_1_328' title='bbox 693 4549 726 4612; x_wconf 93' lang='lat' dir='ltr'><strong>in</strong></span> <span class='ocrx_word' id='word_1_329' title='bbox 746 4548 885 4614; x_wconf 90' lang='lat' dir='ltr'><strong>homine</strong></span> <span class='ocrx_word' id='word_1_330' title='bbox 904 4549 951 4614; x_wconf 90' lang='lat' dir='ltr'><strong>sit</strong></span> <span class='ocrx_word' id='word_1_331' title='bbox 970 4568 1071 4632; x_wconf 90' lang='lat' dir='ltr'><strong>posse</strong></span> <span class='ocrx_word' id='word_1_332' title='bbox 1090 4547 1225 4632; x_wconf 87' lang='lat' dir='ltr'><strong>[sapere</strong></span> <span class='ocrx_word' id='word_1_333' title='bbox 1245 4558 1281 4613; x_wconf 89' lang='lat' dir='ltr'><strong>et</strong></span> <span class='ocrx_word' id='word_1_334' title='bbox 1300 4547 1419 4633; x_wconf 91' lang='lat' dir='ltr'><strong>posse]</strong></span> <span class='ocrx_word' id='word_1_335' title='bbox 1528 4596 1531 4602; x_wconf 77' lang='lat'>·</span> 
     </span>
    </p>
   </div>
   <div class='ocr_carea' id='block_1_6' title="bbox 294 4644 1422 4728">
    <p class='ocr_par' dir='ltr' id='par_1_8' title="bbox 294 4644 1422 4728">
     <span class='ocr_line' id='line_1_39' title="bbox 294 4644 1422 4728; baseline -0.002 -18"><span class='ocrx_word' id='word_1_336' title='bbox 294 4663 423 4722; x_wconf 89' lang='lat' dir='ltr'><strong>amare,</strong></span> <span class='ocrx_word' id='word_1_337' title='bbox 447 4645 589 4708; x_wconf 90' lang='lat' dir='ltr'><strong>tametsi</strong></span> <span class='ocrx_word' id='word_1_338' title='bbox 613 4664 682 4708; x_wconf 92' lang='lat' dir='ltr'><strong>non</strong></span> <span class='ocrx_word' id='word_1_339' title='bbox 706 4645 797 4727; x_wconf 90' lang='lat' dir='ltr'><strong>sapit</strong></span> <span class='ocrx_word' id='word_1_340' title='bbox 827 4654 864 4709; x_wconf 90' lang='lat' dir='ltr'><strong>et</strong></span> <span class='ocrx_word' id='word_1_341' title='bbox 894 4663 963 4709; x_wconf 91' lang='lat' dir='ltr'><strong>non</strong></span> <span class='ocrx_word' id='word_1_342' title='bbox 986 4653 1081 4709; x_wconf 90' lang='lat' dir='ltr'><strong>amat</strong></span> <span class='ocrx_word' id='word_1_343' title='bbox 1104 4644 1193 4709; x_wconf 87' lang='lat' dir='ltr'><strong>sicut</strong></span> <span class='ocrx_word' id='word_1_344' title='bbox 1219 4653 1349 4728; x_wconf 89' lang='lat' dir='ltr'><strong>potest,</strong></span> <span class='ocrx_word' id='word_1_345' title='bbox 1373 4663 1422 4709; x_wconf 83' lang='lat' dir='ltr'><strong>ex</strong></span> 
     </span>
    </p>
   </div>
   <div class='ocr_carea' id='block_1_7' title="bbox 0 0 1684 5383">
    <p class='ocr_par' dir='ltr' id='par_1_9' title="bbox 0 0 1684 5383">
     <span class='ocr_line' id='line_1_40' title="bbox 0 0 1684 5383; baseline 0 0"><span class='ocrx_word' id='word_1_346' title='bbox 0 0 1684 5383; x_wconf 95' lang='lat' dir='ltr'><strong> </strong></span> 
     </span>
    </p>
   </div>
  </div>
 </body>
</html>
