3344 5402
300 705 339 767 14
559 771 560 774 Ἴ
645 701 848 752 SAPIENTIA
872 701 1068 751 ANGELICA

294 883 432 957 sumpta
446 883 589 938 vocatur
602 872 713 938 Amor
725 872 887 937 Divinum
898 871 997 949 Esse,
1011 882 1048 938 et
1068 873 1244 958 Sapientia
1258 872 1423 941 Divinum

295 967 469 1032 Existere.
516 966 611 1030 Talis
628 975 682 1030 est
701 966 779 1030 idea
794 965 953 1048 angelica
969 967 1013 1030 de
1032 966 1158 1031 Divino
1175 967 1308 1032 Amore
1325 978 1360 1031 et
1378 968 1423 1032 de

295 1060 422 1125 Divina
440 1057 628 1142 Sapientia.

357 1166 429 1236 35·
460 1149 631 1234 Quoniam
651 1151 732 1215 talis
751 1152 832 1215 unio
851 1152 992 1217 Amoris
1011 1162 1047 1216 et
1067 1151 1277 1236 Sapientiae,
1298 1173 1338 1217 ac
1359 1153 1423 1217 Sa-

292 1246 444 1329 pientiae
457 1253 492 1308 et
507 1243 658 1320 Amoris,
672 1252 727 1308 est
742 1246 776 1306 in
791 1243 867 1308 Deo
879 1243 1040 1320 Homine,
1054 1255 1108 1310 est
1122 1244 1246 1308 Divina
1260 1245 1423 1309 Essentia

293 1357 385 1417 una;
421 1338 547 1402 Divina
570 1337 661 1402 enim
685 1337 848 1403 Essentia
871 1347 925 1402 est
957 1337 1100 1402 Divinus
1124 1337 1235 1402 Amor
1261 1342 1340 1422 quia
1367 1349 1422 1404 est

293 1430 440 1495 Divinae
464 1427 674 1514 Sapientiae,
699 1439 736 1494 et
766 1430 891 1494 Divina
916 1428 1093 1513 Sapientia
1116 1433 1194 1514 quia
1224 1443 1279 1496 est
1304 1432 1421 1496 Divini

293 1523 457 1589 Amoris:
493 1533 530 1587 et
560 1525 721 1606 quoniam
745 1522 825 1586 talis
855 1523 935 1586 unio
958 1522 1093 1586 illorum
1122 1534 1187 1597 est,
1207 1525 1285 1587 ideo
1316 1526 1421 1588 etiam

293 1614 420 1681 Divina
443 1615 530 1679 Vita
551 1622 607 1679 est
630 1634 708 1678 una.
754 1613 840 1678 Vita
862 1624 918 1678 est
946 1615 1073 1679 Divina
1096 1615 1268 1679 Essentia.
1316 1615 1419 1698 Quod

294 1706 439 1772 Divinus
463 1707 575 1772 Amor
602 1716 639 1771 et
670 1707 797 1771 Divina
815 1705 993 1789 Sapientia
1022 1709 1091 1771 sint
1123 1727 1237 1782 unum,
1258 1718 1312 1771 est
1342 1711 1422 1791 quia

293 1801 374 1864 unio
393 1809 447 1864 est
470 1801 656 1881 reciproca,
678 1818 718 1863 ac
742 1799 822 1862 unio
841 1801 1018 1882 reciproca
1037 1798 1120 1864 iacit
1140 1819 1254 1864 unum.
1300 1800 1353 1864 At
1377 1801 1422 1866 de

293 1895 418 1957 unione
437 1893 614 1974 reciproca
633 1891 714 1955 alibi
733 1891 831 1973 plura
849 1892 1016 1955 dicentur.

357 1989 432 2071 36·
464 1987 557 2052 Unio
581 1989 706 2051 amoris
737 1996 774 2049 et
805 1988 997 2068 sapientiae
1019 1996 1074 2050 est
1097 2008 1231 2071 quoque
1261 1990 1296 2051 in
1326 1989 1420 2051 omni

292 2100 397 2163 opere
428 2080 574 2156 Divino;
608 2099 654 2144 ex
684 2078 744 2142 illa
773 2088 827 2141 est
859 2080 1081 2160 perpetuitas,
1102 2081 1208 2142 immo
1231 2082 1422 2143 aeternitas

292 2163 374 2251 ejus.
421 2171 456 2237 Si
473 2171 549 2254 plus
566 2170 681 2235 Divini
698 2171 839 2234 Amoris
851 2190 953 2252 quarn
971 2169 1117 2233 Divinae
1133 2168 1342 2253 Sapientiae,
1360 2183 1421 2236 aut

291 2267 320 2329 si
341 2265 417 2348 plus
436 2263 583 2327 Divinae
603 2261 923 2345 Sapientiaequam
944 2262 1059 2325 Divini
1078 2260 1230 2338 Amoris,
1251 2264 1285 2325 in
1305 2262 1420 2348 aliquo

291 2378 396 2439 opere
416 2365 533 2420 creato
552 2355 653 2430 foret,
674 2375 743 2419 non
763 2355 942 2429 subsistet,
964 2355 1028 2417 nisi
1047 2364 1214 2436 quant-um
1239 2374 1285 2418 ex
1308 2376 1420 2439 aequo

292 2453 431 2530 insunt;
458 2453 583 2514 transit
602 2452 695 2533 quod
715 2469 816 2532 super
835 2457 900 2512 est.

355 2559 423 2629 37.
455 2546 580 2609 Divina
604 2545 824 2608 Providentia
847 2546 881 2607 in
905 2544 1141 2620 reformandis,
1162 2546 1418 2627 regenerandis,

292 2649 329 2703 et
359 2639 533 2701 salvandis
563 2637 768 2710 hominibus,
794 2658 839 2700 ex
871 2657 982 2720 aequo
1005 2639 1191 2720 participat
1218 2659 1264 2701 ex
1292 2638 1419 2701 Divino

292 2730 424 2794 Amore
445 2743 480 2793 et
504 2751 548 2792 ex
574 2729 700 2792 Divina
720 2728 907 2811 Sapientia.
954 2727 1011 2792 Ex
1035 2730 1122 2812 pluri
1142 2729 1258 2792 Divini
1277 2730 1420 2792 Amoris

291 2842 395 2906 quarn
415 2823 561 2885 Divinae
576 2819 788 2903 Sapientiae,
805 2830 866 2884 aut
885 2842 930 2885 ex
948 2821 1035 2903 pluri
1054 2822 1200 2885 Divinae
1218 2821 1419 2903 Sapientiae

291 2935 395 2999 quam
420 2915 537 2978 Divini
556 2914 708 2988 Amoris,
729 2912 834 2977 homo
857 2933 927 2976 non
950 2912 1137 2988 reformari,
1158 2915 1353 2994 regenerari
1382 2925 1419 2976 et

292 3008 418 3072 salvari
450 3015 577 3088 potest.
624 3006 768 3069 Divinus
792 3006 904 3068 Amor
933 3003 1008 3068 vult
1039 3025 1161 3068 omnes
1185 3006 1331 3080 salvare,
1357 3005 1419 3069 sed

291 3120 361 3164 non
381 3100 514 3162 salvare
531 3107 649 3180 potest
669 3099 732 3160 nisi
752 3117 813 3178 per
832 3096 994 3176 Divinam
1011 3097 1244 3179 Sapientiam;
1269 3107 1304 3161 et
1323 3096 1418 3160 Divi·

291 3213 357 3256 nae
377 3191 576 3274 Sapientiae
595 3199 675 3253 sunt
694 3211 815 3254 omnes
834 3189 931 3272 leges
951 3210 1012 3273 per
1034 3210 1118 3272 quas
1143 3189 1181 3253 fit
1204 3189 1361 3263 salvatio,
1382 3197 1419 3252 et

291 3285 403 3349 Amor
414 3305 482 3348 non
495 3293 613 3366 potest
627 3282 703 3346 illas
717 3283 814 3364 leges
827 3282 1084 3358 transcendere,
1099 3282 1260 3364 quoniam
1274 3280 1420 3345 Divinus

291 3377 403 3442 Amor
423 3390 458 3441 et
479 3377 604 3440 Divina
618 3373 796 3459 Sapientia
815 3395 918 3439 unum
938 3385 1029 3449 sunt,
1048 3385 1083 3437 et
1107 3376 1140 3437 in
1161 3375 1285 3437 unione
1298 3383 1418 3455 agunt.

354 3473 426 3557 38·
458 3473 600 3536 Divinus
614 3471 725 3535 Amor
737 3481 773 3534 et
788 3470 913 3534 Divina
924 3468 1099 3552 Sapientia
1109 3471 1143 3532 in
1156 3469 1275 3534 Verbo
1288 3469 1418 3532 intelli·

291 3578 417 3652 guntur
429 3589 489 3650 per
504 3567 700 3650 “justitiam
712 3576 747 3630 et
760 3565 954 3648 judicium,''
968 3566 1111 3630 Divinus
1125 3566 1236 3629 Amor
1249 3585 1309 3646 per
1321 3565 1418 3647 “jus-

290 3666 402 3729 titiam
413 3665 428 3688 ''
441 3675 477 3726 et
492 3664 616 3726 Divina
629 3661 805 3743 Sapientia
816 3683 876 3744 per
890 3661 1078 3744 “judicium
1094 3660 1119 3724 :”
1133 3682 1236 3744 quare
1252 3663 1285 3724 in
1299 3661 1419 3726 Verbo

290 3763 415 3826 dicitur
425 3759 585 3842 “justitia
593 3759 608 3784 '’
621 3769 657 3824 et
667 3758 859 3842 “judicium
869 3759 935 3823 ”de
949 3760 1035 3823 Deo.
1066 3759 1117 3824 Ut
1130 3759 1221 3840 apud
1239 3757 1418 3833 Davrm,

340 3899 355 3921 ¹⁴
363 3897 474 3962 Justitia
485 3907 512 3946 et
523 3895 657 3961 judicium
666 3894 782 3944 fulcrum
795 3896 886 3945 throni
898 3896 937 3946 tui
948 3895 962 3916 ”
971 3893 1029 3959 (Pr.
1041 3895 1141 3945 lxxxix.
1155 3891 1298 3961 [¹¹15[B.A.
1310 3889 1378 3959 14]);

288 4009 381 4093 apud
401 4009 561 4083 eundem,

340 4119 464 4245 Jehorppp
475 4119 591 4235 “educpit
604 4119 675 4246 gent
689 4119 777 4168 lucem
786 4117 932 4182 justitiam.
943 4155 961 4179 .,
970 4127 998 4168 et
1011 4116 1153 4182 judicium.
1163 4117 1245 4169 micat
1253 4115 1394 4168 meridiem
1402 4111 1421 4139 ¹·

432 4229 433 4232 ,
458 4200 563 4235 LXXXV
584 4220 592 4236 .
641 4200 648 4235 ἶ

288 4304 381 4388 apud
402 4303 598 4380 Hosclzeam,

340 4418 542 4484 “Desponsabo
555 4416 630 4471 [unte
645 4419 693 4470 tibi
711 4419 739 4469 in
754 4428 907 4470 aeternum.
918 4457 924 4470 .
934 4418 973 4471 .in
985 4415 1091 4483 justitia
1101 4428 1130 4469 et
1139 4416 1264 4483 judici0”
1275 4415 1313 4482 (ii.
1326 4416 1385 4483 tp);

287 4537 381 4618 apud
401 4535 602 4612 Jeremiam,

340 4650 505 4702 “suscitabo
521 4650 620 4701 Davidi
635 4665 746 4714 germen
761 4649 872 4714 justum,
885 4649 930 4726 qui
949 4649 1073 4711 regnabit
1088 4647 1154 4708 Rex,
1169 4657 1241 4699 ...et
1254 4645 1335 4696 faciet
1347 4643 1420 4708 iudi·

421 4717 492 4766 cium
506 4726 534 4767 et
543 4716 677 4780 justitiam
692 4719 718 4766 in
732 4716 825 4767 terra”
834 4715 919 4777 (xxiii.
932 4715 971 4776 5),
