3448 5374
511 661 516 672 '
547 681 599 734 os
622 680 762 732 mvma
785 680 1142 734 unumunurm-u.
1163 671 1214 734 28.
1410 689 1452 758 19

306 867 350 923 et
374 856 544 921 Dominus
567 854 624 931 ibi,
644 874 683 919 ac
708 875 805 919 amor
829 863 865 919 et
891 855 1063 936 sapientia
1085 853 1215 921 iaciunt
1235 857 1346 922 vitam
1369 857 1449 923 illo·

309 972 399 1028 rum,
424 961 520 1035 patet
551 951 657 1014 etiam
689 951 781 1032 quod
812 949 886 1013 vita
919 949 1055 1014 illorum
1086 952 1132 1014 sit
1164 951 1316 1029 Domini,
1341 954 1451 1020 immo

313 1049 494 1112 Dominus.
534 1044 637 1128 Quod
653 1066 675 1108 a
694 1044 844 1109 Domino
861 1045 993 1122 vivant,
1011 1045 1223 1112 confitentur
1240 1049 1304 1130 ipsi
1320 1050 1449 1133 angeli.

314 1145 400 1208 inde
431 1152 593 1207 constare
623 1150 753 1225 potest,
780 1140 873 1224 quod
903 1140 1038 1206 caelum
1065 1143 1111 1206 sit
1142 1142 1340 1225 conjunttio
1370 1165 1450 1211 cum

314 1239 476 1304 Domino.
522 1237 573 1301 At
597 1237 677 1320 quia
699 1235 794 1299 varia
817 1233 1014 1318 conjundlio
1042 1256 1119 1301 cum
1150 1237 1303 1303 Domino
1332 1241 1450 1318 datur,

311 1347 349 1398 et
365 1335 446 1398 inde
462 1353 532 1397 non
548 1332 658 1396 simile
676 1330 811 1396 caelum
830 1333 887 1396 uni
906 1352 1009 1416 quam
1026 1332 1138 1409 alteri,
1156 1337 1309 1418 sequitur
1328 1337 1449 1412 etiam,

312 1431 405 1516 quod
430 1429 565 1494 caelum
591 1429 637 1492 sit
665 1427 855 1491 secundum
879 1426 1157 1510 conjunctionem
1182 1450 1259 1493 cum
1283 1429 1448 1494 Domino.

314 1523 417 1608 Quod
441 1527 578 1608 propior
601 1534 637 1589 et
661 1525 800 1608 propior
822 1525 867 1589 sit
891 1523 1098 1607 conjunttio,
1123 1537 1198 1590 tum
1222 1529 1389 1591 remotior
1412 1536 1451 1592 et

312 1623 491 1696 remotior,
511 1621 682 1685 videbitur
700 1621 734 1684 in
754 1619 902 1685 articulo
920 1632 1100 1704 sequente.
1146 1630 1204 1690 [2]
1232 1621 1300 1687 Hic
1317 1621 1449 1706 aliquid

312 1707 447 1784 dicetur
476 1718 520 1783 de
548 1713 790 1799 conjunttione
814 1717 885 1794 iila,
906 1718 1082 1800 quomodo
1104 1717 1155 1793 fit,
1179 1729 1216 1781 et
1244 1719 1354 1800 qualis
1381 1727 1450 1784 est.

314 1813 381 1878 Est
404 1809 602 1896 conjunctio
629 1810 770 1876 Domini
797 1832 874 1877 cum
903 1813 1050 1896 angelis,
1076 1823 1111 1878 et
1138 1813 1342 1896 angelorum
1370 1832 1448 1878 cum

314 1908 477 1986 Domino,
497 1911 547 1973 ita
565 1911 754 1992 reciproca.
800 1908 970 1973 Dominus
990 1908 1100 1974 influit
1122 1909 1157 1972 in
1180 1928 1333 1974 amorem
1353 1910 1451 1974 vitae

311 2005 529 2086 angelorum,
550 2014 586 2070 et
609 2003 728 2087 angeli
746 2005 916 2086 recipiunt
940 2003 1129 2068 Dominum
1152 2005 1186 2067 in
1210 2005 1390 2086 sapientia,
1412 2011 1450 2069 et

313 2120 375 2183 per
407 2100 497 2166 hanc
527 2101 680 2164 vicissim
714 2099 929 2181 conjungunt
959 2119 998 2163 se
1028 2098 1191 2163 Domino.
1238 2097 1307 2164 Sed
1340 2099 1451 2182 probe

314 2196 493 2260 sciendum
513 2204 578 2272 est,
595 2196 687 2280 quod
704 2203 872 2278 appareat
891 2193 1026 2276 angelis
1046 2195 1135 2258 sicut
1154 2195 1220 2277 ipsi
1238 2215 1277 2258 se
1295 2194 1452 2259 Domino

313 2311 375 2373 per
393 2292 601 2374 sapientiam
621 2287 848 2372 conjungant,
865 2290 926 2354 sed
951 2311 1057 2373 usque
1077 2289 1247 2354 Dominus
1267 2290 1452 2372 conjungit

312 2385 393 2451 illos
409 2385 481 2452 Sibi
497 2408 558 2470 per
573 2387 801 2470 sapientiam
829 2406 910 2450 nam
927 2387 1098 2470 sapientia
1116 2387 1253 2451 illorum
1270 2395 1323 2451 est
1341 2387 1449 2452 etiam

312 2503 335 2546 a
354 2481 516 2548 Domino.
561 2480 681 2547 Simile
700 2490 768 2558 est,
786 2481 814 2545 si
833 2483 978 2557 dicatur,
999 2482 1090 2566 quod
1107 2481 1278 2545 Dominus
1298 2480 1344 2546 Se
1363 2502 1450 2547 con·

309 2575 436 2662 jungat
465 2576 601 2661 angelis
630 2598 691 2662 per
719 2578 861 2652 bonum,
889 2587 925 2641 et
956 2578 1048 2662 quod
1078 2575 1195 2660 angeli
1224 2577 1377 2641 vicissim
1411 2597 1451 2642 se

314 2673 528 2758 conjungant
559 2673 713 2738 Domino
743 2694 803 2757 per
833 2692 963 2749 verum,
988 2692 1069 2738 nam
1099 2694 1202 2738 omne
1231 2674 1362 2737 bonum
1393 2682 1452 2738 est

313 2770 453 2848 amoris,
473 2780 510 2835 et
527 2788 631 2834 omne
650 2787 769 2832 verum
794 2777 849 2833 est
873 2769 1075 2852 sapientiae.
1117 2776 1175 2836 [8.]
1207 2767 1275 2833 Sed
1295 2769 1375 2852 quia
1393 2790 1451 2832 re·

314 2865 453 2949 ciproca
471 2864 557 2930 haec
577 2859 773 2947 conjunttio
792 2874 847 2928 est
867 2883 1041 2940 arcanum,
1061 2864 1154 2947 quod
1177 2865 1277 2946 pauci
1300 2874 1450 2948 possunt

312 2961 510 3044 intelligere
534 2961 599 3025 nisi
622 2959 828 3042 explicetur,
849 2959 931 3023 volo
958 2959 1004 3035 id,
1025 2969 1189 3042 quantum
1216 2958 1289 3023 fieri
1315 2968 1450 3043 potest,

314 3075 376 3138 per
395 3057 480 3121 talia
495 3077 582 3140 quae
599 3065 751 3140 aequant
767 3065 920 3139 captum,
938 3054 1108 3118 evolvere.
1154 3055 1193 3118 In
1211 3054 1449 3120 transactione

312 3149 366 3216 De
375 3151 501 3216 Divino
512 3151 639 3215 Amore
649 3161 682 3214 et
692 3149 820 3214 Divina
833 3149 1010 3231 Sapientia
1024 3148 1073 3231 (n.
1085 3165 1161 3229 404,
1172 3148 1251 3232 405)
1266 3162 1448 3215 ostensum

313 3258 380 3324 est,
401 3248 577 3331 quomodo
595 3267 692 3311 amor
710 3268 747 3310 se
767 3245 947 3327 conjungit
966 3247 1179 3327 sapientiae;
1211 3247 1301 3328 quod
1322 3266 1449 3330 nempe

313 3364 375 3428 per
390 3341 606 3407 affectionem
623 3342 755 3406 sciendi
771 3362 816 3404 ex
835 3361 901 3423 qua
917 3337 1052 3404 affectio
1068 3340 1151 3415 veri,
1164 3350 1201 3404 et
1218 3361 1278 3422 per
1294 3337 1447 3406 affectio·

313 3459 394 3504 nem
411 3438 629 3522 intelligendi
649 3459 694 3502 ex
714 3458 781 3522 qua
800 3436 978 3520 perceptio
995 3436 1076 3511 veri,
1094 3445 1130 3499 et
1151 3454 1211 3517 per
1227 3433 1448 3502 affectionem

311 3535 456 3600 videndi
481 3535 516 3600 id
544 3534 635 3619 quod
664 3534 769 3598 scitur
795 3544 832 3596 et
862 3531 1068 3612 intelligitur
1096 3551 1141 3595 ex
1170 3551 1238 3614 qua
1265 3533 1448 3613 cogitatio.

312 3630 484 3696 Dominus
503 3628 612 3694 influit
629 3631 664 3694 in
681 3649 802 3693 omnes
818 3626 896 3691 illas
914 3623 1125 3703 afsedtiones,
1145 3637 1226 3691 sunt
1250 3628 1341 3691 enim
1365 3628 1449 3694 illae

313 3728 549 3792 derivationes
572 3747 617 3790 ex
640 3745 757 3790 amore
781 3725 874 3789 vitae
897 3722 1055 3804 cujusvis,
1076 3733 1112 3787 et
1135 3722 1252 3805 angeli
1275 3725 1446 3807 recipiunt

312 3822 480 3887 influxum
504 3822 600 3886 illum
628 3822 663 3886 in
690 3822 911 3904 perceptione
936 3819 1019 3896 veri,
1037 3829 1073 3884 et
1098 3819 1133 3882 in
1157 3820 1386 3902 cogitatione,
1411 3822 1446 3885 in

311 3920 367 3985 his
387 3920 477 3983 enim
498 3926 641 4002 apparet
659 3917 726 3982 illis
742 3916 901 3992 influxus,
919 3935 989 3979 non
1008 3925 1126 3980 autem
1143 3915 1177 3978 in
1195 3912 1445 3981 affectionibus.

313 4020 373 4082 [4.]
405 4013 504 4078 Nunc
524 4015 604 4098 quia
623 4015 864 4096 perceptiones
884 4021 921 4077 et
940 4012 1175 4094 cogitationes
1194 4022 1364 4094 apparent
1383 4033 1445 4077 an·

311 4110 402 4194 geiis
421 4112 510 4176 sicut
533 4112 602 4175 sint
624 4110 772 4183 illorum,
790 4130 868 4174 cum
891 4120 1010 4174 tamen
1034 4116 1115 4171 sunt
1138 4127 1184 4170 ex
1207 4103 1446 4171 affectionibus

312 4227 401 4289 quae
421 4229 441 4271 a
461 4207 614 4271 Domino
632 4217 724 4280 sunt,
744 4206 822 4270 ideo
840 4205 1044 4288 apparentia
1062 4203 1122 4268 illa
1141 4212 1196 4268 est
1213 4202 1306 4286 quod
1330 4203 1446 4284 angeli

311 4322 352 4368 se
382 4304 559 4385 reciproce
588 4300 803 4384 conjungant
835 4300 996 4376 Domino,
1021 4319 1098 4364 cum
1127 4308 1246 4364 tamen
1275 4297 1447 4363 Dominus

312 4397 495 4482 conjungit
513 4397 592 4463 illos
611 4395 706 4476 Sibi;
739 4417 819 4461 nam
841 4399 918 4479 ipsa
940 4394 1075 4460 affectio
1095 4395 1255 4478 producit
1279 4394 1367 4468 illas,
1389 4408 1445 4458 est

310 4495 404 4558 enim
433 4491 568 4559 affedtio
597 4514 684 4577 quae
713 4494 838 4556 amoris
875 4495 989 4557 anima
1018 4493 1173 4573 illarum;
1208 4515 1310 4558 nemo
1343 4497 1437 4559 enim

312 4599 431 4671 potest
454 4590 580 4673 aliquid
606 4590 779 4671 percipere
802 4599 839 4652 et
863 4591 1015 4671 cogitare
1034 4593 1164 4674 absque
1187 4588 1378 4666 affestione,
1399 4602 1435 4657 et

309 4686 454 4770 quisque
471 4687 615 4770 percipit
633 4697 668 4748 et
686 4685 819 4767 cogitat
838 4686 1025 4749 secundum
1045 4685 1270 4750 affeetionem.
1302 4686 1360 4750 Ex
1381 4686 1437 4753 his
