3352 5374
306 613 363 660 112
655 607 855 658 SAPIENTIA
879 609 1074 659 ANGELICA

302 789 444 842 cerunt:
470 779 530 854 illi,
545 779 624 841 dum
641 776 775 842 affectio
791 780 932 854 sciendi,
950 782 982 842 in
1001 801 1067 861 qua
1083 790 1135 843 est
1153 781 1264 843 omnis
1280 781 1385 844 homo
1401 803 1424 846 a

302 873 456 953 pueritia,
472 890 532 952 per
548 870 704 953 gloriam,
718 892 805 954 quae
817 873 972 954 quemvis
988 891 1140 934 amorem
1158 873 1243 934 sicut
1259 872 1424 954 splendor

303 966 390 1044 ignis
415 964 534 1038 ambit,
563 965 718 1027 excitata
744 963 815 1038 fuit,
847 973 930 1027 tunc
958 962 1007 1025 illi
1038 976 1266 1046 perceperunt
1297 984 1423 1028 arcana

302 1057 492 1136 sapientiae
512 1055 700 1136 angelicae,
719 1075 825 1137 aeque
844 1055 931 1118 bene
948 1075 987 1118 ac
1004 1067 1229 1139 perceperunt
1249 1056 1307 1118 illa
1324 1058 1421 1138 spiri-

302 1157 357 1209 tus
378 1148 456 1209 boni
476 1149 531 1228 qui
552 1150 641 1210 intus
660 1146 774 1229 angeli
793 1157 903 1211 erant.
950 1147 1060 1210 Immo
1079 1150 1217 1229 spiritus
1236 1148 1284 1210 illi
1301 1148 1421 1210 diabo-

302 1239 357 1301 lici
371 1241 542 1312 dixerunt,
555 1239 645 1321 quod
659 1240 795 1321 quidem
811 1241 944 1320 possint
958 1239 1048 1302 velle
1061 1249 1096 1301 et
1110 1240 1220 1302 facere
1234 1241 1422 1302 secundum

301 1332 370 1402 illa,
389 1332 448 1393 sed
469 1332 559 1413 quod
579 1350 646 1393 non
667 1332 786 1395 velint.
831 1330 915 1395 Cum
932 1329 1059 1394 dietum
1080 1343 1133 1394 est
1151 1331 1229 1403 illis,
1250 1333 1341 1414 quod
1361 1353 1420 1394 ve·

305 1423 367 1485 lint
396 1417 594 1495 illa,'modo
616 1422 750 1503 fugiant
776 1423 867 1486 mala
895 1433 933 1486 ut
964 1432 1119 1505 peccata,
1141 1425 1305 1486 dixerunt
1329 1423 1422 1504 quod

303 1508 408 1579 etiam
432 1517 464 1578 id
490 1516 635 1597 possint,
656 1517 716 1577 sed
740 1517 830 1597 quod
860 1534 927 1579 non
951 1516 1071 1578 velint.
1125 1515 1180 1578 Ex
1204 1537 1270 1597 quo
1295 1519 1422 1597 patuit,

301 1609 391 1688 quod
413 1607 510 1669 malis
529 1627 635 1689 aeque
652 1626 690 1669 ac
710 1607 808 1669 bonis
825 1608 869 1670 sit
888 1607 1033 1669 facultas
1053 1628 1140 1688 quae
1156 1619 1300 1669 vocatur
1319 1609 1421 1669 liber·

302 1709 374 1761 tas:
410 1699 568 1761 consulat
598 1699 739 1780 quisque
766 1718 813 1772 se,
838 1706 873 1760 et
895 1700 1147 1760 animadvertet
1171 1700 1262 1780 quod
1293 1700 1342 1760 ita
1365 1701 1419 1762 sit.

302 1788 403 1871 Quod
423 1790 528 1853 homo
547 1791 657 1872 possit
679 1789 781 1863 velle,
801 1800 855 1852 est
875 1790 953 1870 quia
972 1789 1151 1863 Dominus,
1171 1809 1191 1852 a
1210 1809 1277 1870 quo
1296 1799 1350 1853 est
1369 1789 1419 1852 fa·

302 1883 413 1947 cultas
436 1882 505 1957 illa,
525 1882 687 1946 continue
705 1881 766 1944 dat
784 1887 823 1943 ut
842 1878 971 1962 possit;
995 1899 1073 1943 nam
1091 1901 1191 1964 supra
1207 1879 1334 1944 ditium
1353 1889 1420 1960 est,

303 1975 470 2038 Dominus
483 1975 516 2036 in
530 1973 616 2036 binis
629 1973 696 2035 illis
708 1971 926 2036 facultatibus
934 1972 1024 2054 apud
1038 1975 1294 2054 unumquemvis
1307 1973 1419 2037 homi-

303 2085 382 2130 nem
405 2065 551 2138 habitat,
572 2067 620 2127 ita
643 2066 675 2126 in
699 2063 865 2127 facultate
888 2083 948 2126 seu
965 2065 997 2125 in
1018 2066 1177 2146 potentia
1200 2067 1290 2146 quod
1308 2066 1420 2146 possit

302 2157 401 2222 velle.
436 2155 536 2238 Quod
553 2156 754 2219 facultatem
770 2154 998 2237 intelligendi,
1012 2177 1098 2238 quae
1110 2168 1253 2219 vocatur
1265 2158 1419 2220 rationa-

302 2250 391 2324 litas,
412 2250 600 2322 concernit,
621 2249 679 2311 illa
698 2268 767 2310 non
787 2249 888 2310 datur
911 2248 1000 2330 apud
1019 2247 1203 2322 hominem,
1224 2251 1417 2330 priusquam

302 2362 398 2406 mens
422 2341 492 2422 ejus
515 2341 679 2403 naturalis
703 2342 798 2402 venit
821 2339 865 2402 ad
885 2359 980 2402 suam
1000 2350 1175 2417 aetatem;
1208 2342 1339 2403 interea
1362 2349 1417 2404 est

301 2437 389 2498 sicut
408 2454 525 2496 semen
545 2435 577 2495 in
597 2429 703 2494 nunu
723 2433 917 2506 immatur0,
938 2433 1029 2514 quod
1045 2452 1114 2495 non
1135 2441 1252 2513 potest
1273 2435 1305 2494 in
1326 2444 1418 2494 terra

301 2527 430 2607 aperiri,
449 2535 484 2588 et
503 2527 537 2586 in
554 2524 739 2604 virgultum
760 2545 971 2587 excrescere.
1018 2523 1180 2587 Facultas
1197 2524 1254 2586 illa
1274 2545 1336 2586 nec
1355 2525 1417 2586 da·

301 2626 355 2680 tur
374 2618 463 2699 apud
484 2617 560 2679 illos
580 2617 622 2678 de
642 2616 761 2697 quibus
781 2636 883 2698 supra
903 2615 950 2698 (n.
971 2614 1059 2698 259).

357 2712 459 2794 ¹267.
492 2709 554 2794 (ii.)
581 2709 677 2788 Quod
691 2711 800 2774 malus
818 2711 913 2774 homo
931 2710 1094 2774 abutatur
1109 2709 1178 2772 illis
1189 2710 1417 2789 facultatibus

300 2805 350 2871 ad
363 2805 623 2887 confirmandum
642 2806 733 2869 mala
750 2816 782 2868 et
790 2805 902 2885 falsa,
922 2815 954 2868 et
975 2805 1076 2868 bonus
1098 2804 1192 2867 homo
1214 2815 1330 2867 utatur
1346 2804 1419 2868 illis

300 2897 351 2964 ad
360 2897 622 2979 confirmandum
637 2897 722 2960 bona
739 2907 772 2960 et
788 2895 981 2960 vera-Ex
1007 2896 1170 2960 facultate
1189 2895 1417 2960 intellcCtuali

300 3009 386 3072 quae
405 2998 548 3052 vocatur
566 2989 791 3064 rationalitas,
810 2999 845 3053 et
865 3010 910 3052 ex
929 2989 1093 3052 facultate
1113 2988 1306 3051 voluntaria
1329 3009 1418 3071 quae

299 3091 443 3145 vocatur
462 3080 612 3155 libertas,
630 3082 736 3144 trahit
753 3080 857 3144 homo
873 3082 964 3164 quod
980 3081 1180 3144 confirmare
1196 3083 1303 3162 possit
1321 3083 1412 3163 quic·

300 3174 380 3255 quid
396 3172 488 3250 vult;
513 3173 678 3235 naturalis
695 3175 785 3236 enim
801 3173 905 3236 homo
922 3183 1038 3254 potest
1051 3173 1186 3236 elevare
1202 3171 1416 3236 intellefmm

299 3284 395 3327 suum
413 3265 456 3328 ad
472 3266 679 3346 superiorem
696 3264 807 3327 lucem
824 3285 998 3346 quousque
1015 3265 1207 3341 desiderat;
1230 3267 1290 3327 sed
1308 3267 1363 3347 qui
1382 3266 1416 3327 in

300 3358 398 3420 malis
422 3366 457 3420 et
481 3358 561 3420 inde
583 3357 678 3420 falsis
701 3367 765 3430 est,
791 3377 859 3419 non
883 3357 998 3420 elevat
1022 3357 1115 3418 illum
1136 3357 1238 3418 altius
1257 3376 1357 3438 quam
1381 3357 1416 3419 in

299 3451 507 3531 superiorem
537 3450 714 3530 regionem
745 3449 909 3511 naturalis
940 3469 1021 3510 suae
1047 3449 1182 3522 mentis,
1207 3459 1243 3511 et
1272 3469 1349 3511 raro
1372 3447 1416 3510 ad

298 3543 473 3622 regionem
498 3543 624 3605 mentis
648 3540 844 3622 spiritualis.
890 3538 1000 3603 Causa
1024 3550 1088 3613 est,
1109 3541 1186 3622 quia
1210 3541 1242 3602 in
1259 3539 1418 3622 jucundis

299 3635 423 3696 amoris
442 3632 606 3695 naturalis
626 3652 706 3695 suae
724 3633 849 3695 mentis
868 3642 921 3694 est
937 3653 944 3708 ;
968 3641 1003 3694 et
1020 3633 1047 3694 si
1064 3652 1164 3713 supra
1180 3631 1272 3693 illam
1290 3632 1417 3706 elevat,

299 3727 387 3806 perit
415 3724 599 3803 jucundum
624 3726 749 3786 amoris
772 3723 860 3804 ejus:
893 3725 920 3786 si
943 3723 1046 3786 altius
1070 3723 1236 3797 elevatur,
1262 3734 1297 3786 et
1320 3726 1417 3787 videt

298 3837 378 3878 vera
401 3817 561 3896 opposita
580 3815 737 3895 jucundis
760 3818 851 3878 vitae
876 3835 967 3888 suae,
989 3824 1048 3876 aut
1071 3816 1242 3895 principiis
1261 3817 1417 3897 propriae

297 3907 551 3987 intelligentiae
571 3927 663 3980 suae,
681 3917 763 3971 tune
780 3909 834 3969 vel
851 3907 1007 3970 falsificat
1024 3907 1095 3979 illa,
1113 3907 1168 3969 vel
1186 3908 1360 3987 praeterit,
1379 3919 1416 3970 et

297 4020 343 4062 ex
373 4009 577 4080 contemptu
606 3999 766 4080 relinquit
797 3999 865 4072 illa,
891 3999 944 4062 vel
973 4001 1101 4062 retinet
1124 4000 1157 4060 in
1182 4001 1356 4068 memoria,
1378 4010 1415 4061 ut

298 4091 484 4154 inserviant
514 4093 623 4154 amori
649 4093 740 4154 vitae
770 4111 862 4162 suae,
883 4102 943 4152 aut
970 4091 1072 4153 fastui
1103 4093 1259 4172 propriae
1286 4091 1415 4154 intelli-

299 4185 436 4263 gentiae
462 4204 552 4256 suae,
578 4204 640 4265 pro
664 4183 795 4245 mediis.
848 4181 950 4263 Quod
979 4183 1145 4246 naturalis
1172 4182 1277 4245 homo
1306 4185 1415 4263 possit

298 4275 499 4338 confirmare
519 4275 677 4356 quicquid
697 4275 781 4348 vult,
800 4285 899 4356 patet
919 4273 1099 4337 manifeste
1118 4295 1164 4336 ex
1187 4285 1242 4337 tot
1265 4274 1414 4339 haeresi·

298 4372 362 4433 bus
387 4373 421 4432 in
449 4369 645 4433 Christiano
673 4371 767 4440 orbe,
792 4389 933 4450 quarum
964 4371 1137 4451 quaelibet
1161 4368 1418 4433 confirmatura

299 4467 379 4528 suis.
418 4461 519 4543 Quod
534 4465 625 4526 mala
640 4474 675 4526 et
692 4464 777 4526 falsa
790 4467 901 4527 omnis
915 4465 1050 4545 generis
1064 4467 1196 4545 possint
1213 4464 1415 4535 confirmari,

299 4560 373 4640 quis
385 4578 453 4621 non
467 4559 584 4621 novit?
622 4557 824 4622 Confirmari
843 4569 973 4641 potest,
986 4571 1021 4620 et
1034 4579 1169 4640 quoque
1182 4581 1202 4620 a
1215 4559 1312 4620 malis
1326 4549 1417 4638 apud
