3422 5380
307 685 373 752 224
663 677 868 730 SAPIENTIA
890 677 1087 730 ANGELICA

308 857 403 932 sacit,
422 853 479 939 qui
495 847 684 917 vindiiiam
701 861 824 916 contra
838 851 995 915 inimicos
1010 850 1101 933 apud
1120 870 1158 915 se
1175 847 1379 929 confirmat3
1399 855 1438 915 et

309 957 366 1043 qui
390 947 683 1032 depraedationes
701 945 837 1010 illorum
861 947 917 1029 qui
940 965 1009 1009 non
1029 944 1149 1010 hostes
1172 944 1305 1010 suntin
1324 942 1436 1009 bellis.

310 1059 369 1122 [5.]
401 1045 592 1129 Quintum:
626 1039 725 1122 Quod
738 1049 875 1124 peccata
892 1041 989 1124 apud
1006 1039 1084 1104 illos
1106 1059 1170 1104 non
1187 1047 1388 1122 appareant,
1404 1045 1439 1102 et

309 1149 401 1234 qnod
418 1145 491 1210 ideo
512 1159 576 1205 non
598 1137 764 1202 removeri
777 1135 922 1219 possint.
968 1134 1082 1201 Omne
1104 1134 1233 1200 malum
1255 1134 1347 1219 quod
1366 1152 1437 1198 non

310 1254 466 1330 apparet,
482 1241 657 1307 fomentat
676 1256 737 1316 se;
763 1243 818 1298 est
837 1233 927 1297 sicut
945 1233 1035 1315 ignis
1054 1233 1088 1295 in
1107 1230 1203 1314 ligno
1219 1231 1283 1292 sub
1301 1230 1437 1309 cinere;

311 1354 346 1409 et
373 1353 428 1409 est
455 1343 545 1406 sicut
567 1339 680 1403 sanies
702 1336 737 1399 in
761 1330 903 1396 vulnere
930 1327 1022 1413 quod
1052 1347 1122 1391 non
1152 1327 1320 1409 aperitur;
1355 1343 1437 1386 nam

311 1460 414 1506 omne
438 1438 567 1503 malum
589 1429 802 1498 obstruitum
825 1427 998 1500 increscit,
1023 1433 1059 1488 et
1084 1442 1151 1486 non
1176 1421 1302 1485 desinit
1327 1421 1436 1503 prius·

311 1553 413 1621 quam
433 1545 548 1600 totum
567 1540 844 1597 consummatum
863 1536 939 1605 est;
967 1543 1071 1607 quare
1090 1541 1134 1586 ne
1152 1519 1291 1603 aliquod
1308 1516 1437 1581 malum

311 1634 522 1704 obstruatur,
549 1629 760 1712 permittitur
785 1627 906 1709 cuique
932 1621 1086 1704 cogitare
1110 1637 1172 1701 pro
1197 1616 1273 1680 Deo
1292 1626 1328 1679 et
1353 1634 1437 1679 con-

311 1739 367 1793 tra
390 1729 513 1802 Deum,
540 1744 669 1809 proque
691 1722 820 1788 santiis
850 1719 1018 1786 ecclesiae
1041 1725 1078 1780 et
1100 1725 1224 1779 contra
1245 1712 1315 1790 illa,
1340 1722 1376 1777 et
1402 1711 1438 1776 in
1457 1743 1461 1749 ·

312 1825 442 1888 mundo
465 1829 649 1906 propterea
671 1840 741 1884 non
757 1817 871 1904 plecti.
918 1817 971 1880 De
994 1815 1059 1880 hoc
1083 1815 1133 1878 ita
1156 1812 1325 1877 Dominus
1346 1807 1439 1894 apud

312 1919 456 1984 Esaiam
467 1941 481 1981 .·

362 2053 413 2104 “A
424 2054 487 2104 vola
499 2053 575 2117 pedis
586 2067 671 2117 usque
685 2052 720 2102 ad
732 2061 812 2115 caput
824 2065 892 2100 non.
903 2088 909 2100 .
919 2087 925 2100 .
936 2057 989 2100 ¹est
1004 2049 1154 2112 integritas,
1167 2047 1266 2097 vulnus
1278 2057 1305 2095 et
1319 2044 1438 2105 cioetrix,

444 2130 472 2170 et
484 2121 564 2184 plaga
581 2133 683 2178 recens,
696 2133 752 2167 non
765 2130 894 2180 expressa
907 2124 978 2174 sunt,
992 2129 1047 2164 non
1063 2115 1190 2177 obligata,
1203 2123 1231 2162 et
1245 2126 1300 2161 non
1316 2111 1439 2160 emollita

444 2186 514 2236 oleo.
614 2184 716 2234 heato
730 2197 787 2240 vos,
800 2181 939 2244 purificate
954 2195 1012 2238 vos,
1025 2189 1163 2229 removete
1182 2179 1311 2228 malitiam
1323 2189 1437 2240 operum

444 2261 596 2302 vestrorum
616 2265 633 2300 a
653 2264 745 2299 coram
763 2248 849 2298 oculis
867 2249 950 2307 meis;
975 2257 1081 2296 cessate
1100 2247 1201 2295 malum
1213 2245 1318 2295 iacere:
1341 2243 1439 2292 discite

444 2319 546 2368 bonurn
564 2316 652 2366 iacere
662 2331 680 2377 ς.
691 2352 697 2364 .
707 2352 713 2364 .
723 2325 799 2364 ,tunc
819 2314 842 2362 si
862 2313 963 2362 fuerint
980 2324 1091 2375 peccata
1108 2323 1200 2361 vestra
1217 2312 1286 2360 sicut
1303 2310 1438 2368 coccinea,

444 2384 514 2434 sicut
523 2385 569 2432 nix
578 2383 718 2432 albescent
729 2395 735 2438 ;
749 2380 772 2429 si
782 2381 863 2428 rubra
874 2378 975 2427 fuerint
984 2379 1054 2428 sieut
1066 2391 1190 2440 purpura,
1201 2377 1270 2426 sicut
1279 2376 1342 2425 lana
1350 2381 1439 2425 erunt.

532 2449 561 2499 Si
575 2447 718 2498 renueritis
731 2455 760 2496 et
777 2444 980 2503 rebellaveritis,
993 2444 1085 2506 gladio
1104 2441 1306 2493 comedemini”
1318 2443 1346 2504 (i.
1360 2438 1384 2500 6,
1399 2437 1439 2501 16,

447 2511 512 2582 [ιλ]
528 2515 566 2574 18,
578 2515 638 2577 20);

316 2667 448 2752 ‘gladio
472 2668 608 2731 comedi
618 2666 633 2692 ’'
648 2663 819 2749 significat
834 2663 923 2728 salso
940 2663 1022 2728 mali
1035 2666 1155 2748 perire.
1191 2669 1248 2731 [od
1269 2663 1438 2728 Sextumt

317 2762 432 2830 Causa
446 2761 606 2825 leaiienns
621 2761 755 2835 occulta,
771 2781 832 2824 cur
845 2758 937 2824 mala
955 2780 1019 2822 non
1034 2760 1201 2825 removeri
1210 2761 1347 2842 possint
1359 2759 1440 2824 abs·

314 2879 376 2943 qne
390 2857 526 2921 illorum
544 2856 782 2939 exploratione,
799 2855 1014 2938 apparentia,
1032 2855 1209 2938 agm'tione,
1225 2857 1440 2938 confessione,

313 2963 348 3018 et
374 2951 576 3016 resistentia.
622 2951 663 3016 In
694 2951 981 3034 praecedentibus
1012 2963 1239 3015 memoratum
1263 2961 1326 3028 est,
1346 2951 1441 3036 quod

315 3049 509 3113 universum
532 3046 666 3111 caelum
690 3048 887 3111 ordinatum
911 3048 957 3111 sit
980 3049 1014 3110 in
1039 3049 1227 3111 societates
1250 3050 1441 3112 secundum

317 3143 529 3229 [affettiones
551 3143 644 3219 boni,
663 3151 700 3208 et
721 3144 916 3207 universum
940 3143 1107 3208 infernum
1131 3144 1334 3227 secundum]
1355 3164 1441 3208 con·

315 3241 549 3323 cupiscentias
565 3239 648 3306 mali
663 3235 899 3304 affebtionibus
914 3240 996 3304 boni
1016 3242 1204 3323 oppositas.
1246 3240 1441 3323 Unusquis-

315 3357 381 3419 que
400 3335 505 3400 homo
521 3336 635 3419 quoad
654 3335 812 3419 spiritum
832 3354 929 3399 suum
949 3344 1003 3399 est
1023 3337 1056 3399 in
1073 3335 1188 3420 aliqua
1205 3337 1386 3410 societate,
1406 3335 1441 3398 in

315 3432 487 3495 societate
515 3429 661 3495 caelesti
690 3431 719 3494 si
748 3432 782 3494 in
814 3429 994 3495 affedtione
1025 3431 1118 3508 boni,
1142 3440 1180 3497 at
1208 3433 1242 3496 in
1270 3433 1443 3495 societate

315 3525 472 3590 infernali
505 3525 534 3588 si
563 3527 597 3589 in
628 3527 910 3608 concupiscentia
941 3527 1033 3591 mali.
1080 3527 1158 3592 Hoc
1192 3528 1303 3592 nescit
1334 3526 1443 3590 homo

315 3641 394 3687 curn
415 3623 451 3685 in
474 3621 605 3685 mundo
627 3623 725 3698 vivit,
750 3622 811 3687 sed
835 3645 941 3708 usque
967 3623 1082 3709 quoad
1105 3624 1262 3708 spiritum
1285 3643 1383 3688 suum
1405 3622 1441 3688 in

316 3716 431 3800 aliqua
445 3727 521 3796 est;
544 3716 674 3799 absque
690 3739 733 3782 eo
753 3740 822 3783 non
842 3731 962 3804 potest
980 3722 1106 3798 vivere,
1127 3730 1163 3787 et
1180 3742 1240 3804 per
1257 3720 1292 3785 id
1310 3721 1444 3803 regitur

316 3835 336 3877 a
355 3813 515 3877 Domino.
562 3809 597 3877 Si
620 3813 654 3876 in
678 3815 849 3881 societate
869 3817 1025 3882 infernali
1047 3827 1114 3895 est,
1135 3837 1204 3882 non
1223 3825 1342 3901 potest
1360 3815 1442 3880 inde

316 3909 416 3972 educi
433 3931 453 3973 a
469 3909 620 3973 Domino
636 3911 700 3974 nisi
717 3915 905 3979 secundum
922 3914 1018 3998 leges
1034 3915 1182 3979 Divinae
1201 3912 1444 3978 Providentiae

316 4003 439 4086 Ipsius,
460 4006 551 4069 inter
569 4027 654 4092 quas
672 4010 778 4074 etiam
797 4019 860 4088 est,
882 4022 920 4078 ut
942 4012 1047 4077 homo
1065 4011 1183 4076 videat
1206 4008 1298 4096 quod
1317 4008 1364 4073 ibi
1382 4007 1442 4084 sit,

317 4111 423 4184 utque
438 4103 523 4166 velit
542 4105 650 4181 exire,
672 4127 712 4172 ac
733 4118 771 4172 ut
788 4109 861 4192 ipse
881 4109 914 4174 id
935 4131 954 4173 a
974 4131 1011 4173 se
1029 4119 1184 4173 conetur.
1230 4103 1309 4170 Hoc
1328 4112 1440 4188 potes,

317 4194 516 4263 homocum
535 4201 570 4264 in
590 4202 720 4268 mundo
738 4214 805 4280 est,
827 4225 896 4269 non
915 4215 1032 4269 autem
1051 4214 1131 4288 post
1154 4211 1326 4281 mortem;
1357 4209 1442 4264 tunc

317 4295 408 4357 enim
441 4307 559 4364 manet
587 4299 621 4364 in
649 4301 830 4377 societate,
855 4302 909 4365 cui
939 4321 976 4364 se
1006 4301 1148 4364 inseruit
1178 4299 1211 4363 in
1243 4297 1383 4372 mundo,
1406 4297 1442 4360 in

316 4399 506 4459 aeternum.
556 4394 653 4460 Haec
677 4407 869 4472 causaest,
894 4397 985 4480 quod
1008 4395 1114 4460 homo
1137 4416 1175 4460 se
1197 4393 1443 4477 exploraturus

317 4487 374 4558 sit,
407 4501 553 4572 peccata
584 4512 646 4555 sua
674 4491 807 4556 visurus
837 4502 872 4555 et
904 4493 1094 4574 agniturus,
1118 4512 1158 4556 ac
1190 4491 1442 4574 paenitentiam

317 4581 466 4660 acturus,
497 4596 534 4650 et
568 4587 648 4651 dein
682 4597 962 4670 perseveraturus
995 4607 1100 4669 usque
1131 4586 1175 4651 ad
1206 4585 1308 4650 finem
1338 4586 1443 4650 vitae.

312 4679 423 4770 ¹Quod
442 4682 492 4745 ita
511 4682 568 4758 sit,
588 4701 649 4764 per
668 4682 813 4746 multam
836 4682 1089 4764 experientiam
1113 4703 1218 4765 usque
1238 4681 1282 4746 ad
1302 4682 1446 4765 plenam
