3434 5364
447 695 499 746 ns
521 694 658 746 olvruo
681 693 827 759 anona,
854 694 947 746 rans
973 692 1087 744 v.-rr.
1109 681 1181 764 398.
1312 678 1370 764 185

248 868 362 932 culum
383 866 681 932 confirmationum
700 887 854 932 amorum
873 867 1021 933 illorum.
1066 867 1164 932 Haec
1183 868 1281 951 origo
1303 875 1371 948 est,

246 964 340 1048 quod
367 963 448 1027 bina
475 963 534 1028 illa
563 962 769 1040 habitacula,
794 963 955 1028 voluntas
982 973 1018 1028 et
1047 960 1257 1043 intellePtus,
1281 960 1372 1031 fa&

247 1060 319 1124 sint
348 1059 547 1123 habitacula
573 1059 699 1123 amoris
726 1057 910 1134 infernalis,
936 1069 972 1123 et
1004 1079 1065 1143 per
1092 1058 1371 1126 confirmationes

245 1176 310 1239 pro
329 1155 407 1230 illis,
428 1154 654 1237 cogitationis
673 1153 857 1230 infernalis,
878 1174 980 1237 quam
1004 1155 1037 1218 in
1057 1154 1188 1219 inferno
1207 1163 1371 1238 reputant

245 1271 310 1334 pro
330 1251 510 1336 sapientia.

310 1347 416 1429 396.
447 1343 549 1427 Quod
568 1363 665 1408 amor
688 1344 738 1406 sui
761 1353 797 1408 et
821 1364 918 1407 amor
936 1345 1054 1408 mundi
1072 1345 1142 1407 sint
1161 1364 1295 1409 amores
1317 1345 1371 1410 in·

244 1441 404 1514 iernales,
424 1450 461 1504 et
480 1440 571 1522 quod
594 1439 700 1503 bomo
719 1441 752 1502 in
771 1439 849 1502 illos
870 1440 1020 1522 potuerit
1040 1441 1166 1514 venire,
1187 1441 1290 1504 etsie
1310 1442 1370 1504 de·

244 1545 378 1602 struere
394 1536 610 1601 voluntatem
630 1545 666 1598 et
686 1533 899 1598 intellecium
916 1536 1006 1618 apud
1026 1557 1073 1611 se,
1091 1545 1145 1599 est
1162 1555 1275 1612 causa,
1292 1537 1372 1618 quia

244 1651 345 1695 amor
374 1633 425 1694 sui
454 1641 491 1695 et
520 1650 616 1695 amor
644 1632 761 1693 mundi
781 1652 827 1693 ex
861 1633 1035 1694 creatione
1066 1641 1147 1695 sunt
1178 1629 1370 1712 caelestes;

244 1734 327 1790 sunt
345 1729 435 1790 enim
453 1747 586 1791 amores
606 1726 772 1789 naturalis
789 1727 937 1789 hominis
952 1727 1181 1790 inservientes
1198 1726 1371 1792 amoribus

244 1820 491 1904 spiritualibus,
516 1822 604 1885 sicut
625 1821 850 1884 fundamenta
872 1824 1061 1886 inserviunt
1095 1843 1156 1906 pro
1187 1822 1369 1888 domibus:

245 1935 326 1979 nam
349 1917 455 1980 homo
474 1938 519 1981 ex
539 1934 654 1980 amore
674 1917 724 1978 sui
743 1926 779 1979 et
804 1917 921 1979 mundi
939 1916 1013 1980 vult
1032 1917 1120 1980 bene
1140 1938 1202 1980 suo
1221 1916 1369 1999 corpori,

244 2013 322 2077 vult
340 2014 468 2089 nutriri,
482 2012 611 2088 vestiri,
625 2011 793 2086 habitare,
809 2011 986 2075 consulere
999 2033 1079 2076 suae
1096 2014 1223 2090 domui,
1241 2013 1370 2078 ambire

243 2106 436 2172 sundiiones
459 2127 539 2171 usus
562 2128 676 2181 causa,
697 2109 802 2170 immo
825 2106 985 2170 honorari
1008 2110 1197 2172 secundum
1217 2109 1368 2190 dignita·

242 2211 318 2267 tem
341 2205 389 2267 rei
412 2221 514 2286 quam
537 2203 767 2274 administrat,
793 2211 937 2284 propter
959 2202 1202 2279 obedientiam,
1224 2214 1260 2268 et
1283 2224 1369 2287 quo·

243 2319 310 2382 que
340 2318 386 2362 ex
412 2297 567 2380 jucundis
591 2298 707 2360 mundi
734 2295 899 2361 delediari
932 2307 969 2362 et
998 2301 1162 2378 recreari;
1194 2300 1254 2363 sed
1282 2299 1369 2364 haec

243 2393 361 2458 omnia
379 2403 521 2477 propter
539 2392 652 2468 finem,
670 2394 727 2476 qui
746 2395 810 2456 erit
830 2412 931 2457 usus:
956 2413 1017 2476 per
1035 2393 1095 2457 illa
1111 2395 1201 2458 enim
1220 2395 1254 2458 in
1274 2404 1369 2460 statu

243 2500 300 2555 est
328 2492 455 2554 servire
483 2489 644 2565 Domino,
668 2497 705 2554 et
735 2491 861 2554 servire
884 2490 1067 2572 proxim03
1102 2498 1138 2553 at
1166 2509 1243 2553 cum
1273 2510 1370 2556 amor

243 2585 417 2650 serviendi
433 2585 583 2648 Domino
600 2594 636 2649 et
652 2585 823 2649 serviendi
835 2586 996 2668 proximo
1012 2594 1065 2649 est
1082 2583 1205 2660 nullus,
1220 2595 1254 2649 et
1272 2605 1370 2651 amor

243 2680 415 2745 serviendi
431 2680 495 2744 sibi
514 2701 560 2744 ex
576 2680 705 2744 mundo
721 2679 825 2756 solus,
843 2689 924 2743 tunc
941 2699 1038 2744 amor
1053 2680 1111 2745 ille
1131 2701 1151 2744 a
1170 2680 1312 2745 caelesti
1329 2680 1368 2747 fit

243 2775 431 2852 infernalis,
451 2796 531 2839 nam
550 2776 632 2839 facit
652 2785 689 2839 ut
711 2774 817 2840 homo
835 2775 1019 2858 immergat
1038 2795 1134 2839 suam
1154 2787 1307 2841 mentem
1330 2785 1369 2842 et

243 2892 344 2936 suum
363 2873 513 2936 animum
532 2892 594 2935 suo
612 2871 760 2953 proprio,
780 2870 872 2954 quod
892 2871 926 2933 in
945 2891 982 2936 se
1001 2881 1055 2936 est
1075 2891 1178 2935 omne
1198 2872 1334 2937 malum.

307 2979 408 3049 397.
438 2965 470 3028 N
474 2985 537 3029 unc
555 2985 598 3028 ne
614 2965 720 3029 homo
735 2986 795 3048 per
810 2963 1025 3030 intelledium
1043 2967 1088 3030 sit
1103 2966 1137 3030 in
1155 2967 1263 3043 caelo,
1277 2969 1367 3033 sicut

243 3070 374 3146 potest,
400 3070 435 3124 et
459 3081 519 3143 per
540 3060 761 3125 voluntatem
788 3063 821 3124 in
845 3061 988 3137 inferno,
1009 3071 1045 3126 et
1076 3081 1119 3125 ne
1141 3063 1189 3125 sic
1213 3073 1367 3128 mentem

242 3159 388 3223 divisam
403 3157 543 3234 habeat,
563 3159 644 3223 ideo
663 3167 743 3241 post
763 3168 911 3223 mortem
930 3178 1033 3222 omne
1050 3148 1258 3235 intelledius,
1275 3161 1366 3242 quod

243 3273 346 3334 supra
369 3272 521 3316 amorem
545 3255 717 3336 proprium
747 3253 818 3335 ejus
848 3264 913 3329 est,
937 3261 1141 3317 removetur.
1186 3252 1289 3318 Unde
1315 3253 1365 3334 fit,

240 3348 335 3430 quod
358 3348 523 3412 voluntas
553 3358 589 3413 et
620 3347 816 3414 intelledtus
839 3349 930 3432 apud
953 3368 1073 3413 omnes
1097 3348 1239 3411 tandem
1263 3369 1365 3414 unum

240 3452 370 3524 agant;
395 3445 484 3526 apud
503 3442 581 3507 illos
601 3445 656 3528 qui
675 3445 708 3507 in
725 3444 824 3507 caelo
840 3452 920 3507 sunt
936 3443 1098 3507 voluntas
1114 3452 1209 3512 amat
1225 3444 1364 3524 bonum,

239 3549 279 3601 et
300 3535 497 3602 intellectus
517 3540 653 3621 cogitat
672 3559 810 3617 verum;
835 3539 924 3621 apud
944 3538 1022 3602 illos
1041 3547 1156 3602 autem
1176 3540 1233 3622 qui
1256 3541 1288 3603 in
1312 3541 1364 3604 in·

240 3632 338 3695 ierno
368 3642 459 3708 sunt,
484 3633 645 3698 voluntas
668 3644 762 3697 amat
786 3633 924 3708 malum,
949 3642 985 3697 et
1007 3631 1204 3697 intelledius
1231 3636 1365 3717 cogitat

239 3726 375 3791 salsum.
422 3725 586 3792 Similiter
608 3728 690 3793 facit
713 3728 818 3792 homo
845 3731 878 3792 in
903 3730 1041 3803 mundo,
1067 3731 1203 3811 quando
1231 3751 1276 3793 ex
1304 3752 1365 3794 suo

134 3848 137 3854 ·
238 3823 361 3905 spiritu
379 3824 522 3905 cogitat,
540 3825 630 3907 quod
647 3823 685 3888 fit
705 3844 782 3888 cum
798 3823 891 3888 solus
906 3835 972 3900 est,
990 3826 1131 3888 tametsi
1148 3826 1247 3888 multi
1263 3826 1365 3889 aliter

238 3936 319 3980 cum
342 3918 376 3980 in
400 3937 543 4000 corpore
562 3928 654 3994 sunt,
675 3920 766 4002 quod
790 3917 829 3983 fit
851 3939 929 3996 cum
953 3940 1022 3983 non
1041 3919 1106 3983 soli
1125 3931 1214 3983 sunt.
1262 3917 1364 4001 Quod

239 4020 324 4076 tunc
343 4012 456 4088 aliter,
476 4022 530 4077 est
551 4015 630 4097 quia
647 4012 864 4079 intellectum
884 4034 981 4079 suum
1001 4014 1141 4079 elevant
1161 4035 1262 4097 supra
1285 4036 1363 4097 pro·

238 4107 350 4190 prium
381 4108 572 4173 voluntatis
602 4130 683 4174 suae
713 4131 772 4174 seu
801 4111 938 4193 spiritus
968 4111 1018 4174 sui
1051 4129 1212 4174 amorem.
1265 4109 1362 4174 Haec

235 4199 335 4268 dieta
353 4213 445 4282 sunt,
463 4214 500 4268 ut
516 4206 643 4268 sciatur
659 4206 749 4289 quod
765 4206 927 4270 voluntas
944 4214 979 4270 et
996 4203 1193 4270 intelledius
1210 4206 1278 4269 duo
1293 4205 1362 4269 dis·

237 4295 350 4363 tinEia
369 4301 451 4374 sint,
471 4311 507 4364 et
528 4300 619 4384 quod
639 4310 756 4365 tamen
781 4310 898 4366 creata
917 4302 986 4366 sint
1006 4309 1044 4365 ut
1065 4319 1169 4363 unum
1188 4308 1306 4381 agant,
1327 4310 1363 4365 et

234 4394 331 4476 quod
349 4395 391 4457 ad
412 4415 514 4458 unum
535 4395 718 4477 agendum,
736 4396 764 4459 si
784 4417 851 4459 non
871 4397 972 4478 prius,
990 4416 1097 4478 usque
1116 4403 1196 4476 post
1214 4403 1361 4456 mortem

235 4489 434 4570 adigantur.

302 4584 404 4665 398.
437 4585 535 4649 Nunc
560 4588 637 4669 quia
661 4606 757 4649 amor
780 4596 815 4649 et
839 4587 1020 4668 sapientia,
1041 4594 1077 4649 et
1101 4585 1180 4649 inde
1199 4583 1362 4647 voluntas

233 4690 276 4744 et
292 4677 490 4744 intellectus
507 4692 586 4745 sunt
603 4702 689 4764 quae
706 4692 874 4744 vocantur
890 4683 1013 4757 anima,
1031 4691 1067 4745 et
1086 4681 1120 4744 in
1140 4678 1362 4764 sequentibus
