3268 5380
360 707 409 757 ns
433 707 566 757 mvnto
590 707 847 770 resonemus
871 709 999 758 1v.-—u.
1017 711 1087 778 315.
1221 713 1278 780 ¹37

167 875 304 954 tabilis;
331 887 366 939 et
389 875 517 938 formae
536 897 653 940 usuum
673 879 768 960 regni
786 877 950 943 animalis.
997 877 1142 944 Formae
1161 900 1279 944 usuum

167 972 264 1053 regni
287 971 457 1034 mineralis
480 991 548 1034 non
571 972 715 1036 describi
738 983 893 1054 possunt,
914 976 991 1056 quia
1013 975 1057 1038 ad
1081 976 1187 1038 visum
1211 995 1279 1039 non

165 1075 344 1148 apparent.
390 1065 521 1128 Primae
533 1065 661 1128 formae
674 1077 752 1130 sunt
765 1067 977 1132 substantiae
994 1079 1029 1132 et
1047 1071 1220 1146 materiae,
1234 1091 1280 1134 ex

165 1163 287 1244 quibus
303 1171 426 1238 terrae,
444 1163 477 1223 in
494 1163 561 1224 suis
579 1163 745 1240 minimis;
769 1163 940 1226 secundae
957 1165 1085 1228 formae
1101 1175 1180 1228 sunt
1197 1185 1279 1229 con-

165 1257 389 1338 gregationes
405 1277 450 1319 ex
467 1256 543 1330 illis,
564 1277 650 1338 quae
666 1255 817 1320 infinitae
836 1259 1014 1322 varietatis
1033 1271 1133 1337 sunt;
1158 1261 1280 1324 tertiae

165 1350 294 1415 formae
310 1362 390 1415 sunt
406 1373 450 1414 ex
467 1352 717 1433 vegetabilibus
733 1353 893 1435 collapsis
913 1355 946 1417 in
966 1354 1150 1436 pulverem,
1168 1375 1279 1437 exque

163 1446 367 1510 animalibus
384 1445 584 1524 exstinGtis;
609 1457 644 1510 et
660 1468 705 1510 ex
721 1449 1019 1530 evaporationibus
1035 1459 1070 1512 et
1086 1448 1279 1512 exhalatio·

165 1541 263 1604 nibus
286 1542 457 1605 continuis
475 1540 620 1615 illorum,
642 1547 727 1623 quae
751 1562 787 1606 se
808 1544 941 1606 addunt
964 1545 1074 1618 terris,
1095 1553 1130 1606 et
1153 1543 1279 1606 faciunt

164 1633 305 1699 humum
324 1636 467 1699 illarum.
514 1635 590 1698 Hae
609 1638 710 1699 trium
730 1637 895 1718 graduum
911 1639 1040 1702 formae
1057 1639 1154 1719 regni
1173 1635 1292 1700 mine·'

162 1731 242 1794 ralis
259 1733 295 1793 in
312 1733 459 1813 imagine
476 1731 625 1794 referunt
642 1735 850 1795 creationem
867 1735 900 1795 in
920 1755 972 1808 eo,
990 1733 1116 1816 quoda
1133 1733 1204 1795 sole
1221 1752 1280 1814 per

160 1826 426 1908 atmosphaeras
444 1837 479 1889 et
500 1846 613 1889 earum
631 1827 780 1890 calorem
799 1837 835 1890 et
854 1827 962 1891 lucem
980 1827 1138 1892 adluatae
1154 1828 1278 1910 produ-

161 1931 243 1984 cant
268 1941 348 1984 usus
379 1922 410 1983 in
440 1921 566 1994 formis,
587 1922 652 2003 qui·
673 1920 757 1984 fines
784 1923 967 1986 creationis
989 1924 1135 1986 luerunt.
1182 1921 1278 1984 Haec

161 2015 282 2098 imago
301 2017 482 2080 creationis
502 2016 533 2078 in
551 2015 733 2078 conatibus
752 2035 878 2092 earum,
901 2016 959 2099 (de
978 2018 1098 2100 quibus
1116 2037 1227 2098 supra,
1247 2036 1279 2080 n.

161 2112 251 2196 310‚)
274 2112 453 2176 recondita
473 2112 570 2176 latet.

223 2221 324 2291 314.
354 2206 393 2269 ln
412 2206 527 2270 formis
543 2225 661 2270 usuum
678 2207 774 2288 regni
789 2207 993 2289 vegetabilis
1006 2218 1148 2290 apparet
1164 2209 1280 2289 imago

159 2303 348 2366 creationis
367 2303 401 2365 in
420 2323 472 2376 eo,
493 2301 584 2384 quod
607 2323 627 2366 a
650 2303 717 2366 suis
737 2304 851 2385 primis
870 2304 1059 2384 procedant
1082 2304 1124 2366 ad
1149 2324 1209 2365 sua
1228 2301 1278 2365 ul·

160 2397 256 2472 tima,
273 2407 310 2460 et
329 2398 373 2460 ab
392 2398 519 2461 ultimis
538 2398 581 2461 ad
605 2399 722 2479 prima.
767 2398 878 2462 Prima
893 2398 1024 2462 illarum
1042 2409 1121 2462 sunt
1137 2399 1277 2472 semina,

160 2492 286 2557 ultima
308 2491 441 2556 illarum
465 2502 544 2556 sunt
568 2492 683 2556 caules
705 2494 859 2556 investiti
882 2494 978 2566 libro,
1002 2503 1038 2556 et
1062 2513 1122 2575 per
1145 2495 1277 2568 librum,

157 2587 216 2670 qui
236 2595 293 2650 est
313 2587 469 2651 ultimum
488 2585 645 2662 caulium,
662 2587 810 2650 tendunt
826 2589 869 2651 ad
889 2589 1030 2662 semina,
1045 2608 1130 2670 quae
1150 2598 1186 2651 ut
1205 2587 1277 2650 dic·

159 2692 233 2748 turn
246 2693 314 2757 est,
328 2693 407 2746 sunt
419 2682 553 2746 illarum
566 2683 683 2763 prima.
724 2681 848 2747 Caules
861 2685 1013 2746 investiti
1026 2683 1121 2746 libris
1131 2682 1279 2745 referunt

159 2779 322 2843 tellurem
346 2779 545 2842 investitam
569 2778 717 2852 terrine
747 2777 867 2859 quibus
894 2781 1024 2841 creatio
1054 2787 1090 2841 et
1119 2777 1279 2841 formatio

157 2877 313 2938 omniurn
330 2893 449 2936 usuum
464 2873 596 2936 existit.
639 2869 739 2952 Quod
759 2892 818 2953 per
834 2872 948 2946 libros,
967 2872 1117 2955 philyras
1133 2881 1168 2935 et
1188 2872 1277 2934 tuni-

156 2988 216 3033 cas
246 2969 333 3032 fiant
363 2969 613 3050 vegetationes,
644 2967 808 3030 enitendo
838 2988 898 3049 per
926 2963 1101 3032 involucra
1127 2968 1277 3031 radicum

157 3065 365 3127 continuata
379 3064 505 3126 circum
518 3062 634 3126 caules
646 3072 681 3125 et
697 3081 810 3126 ramos
826 3064 859 3126 in
873 3063 1088 3126 initiamenta
1099 3059 1276 3139 fructuum,

157 3168 195 3223 et
229 3158 389 3222 similiter
421 3177 481 3239 per
512 3154 638 3221 studius
671 3157 705 3220 in
738 3158 879 3232 semina,
911 3157 1026 3220 multis
1060 3166 1179 3220 notum
1213 3167 1277 3220 est.

159 3255 286 3337 Imago
305 3255 489 3316 creationis
512 3253 546 3316 in
563 3271 683 3316 usuum
702 3252 819 3316 formis
838 3263 957 3316 exstat
981 3255 1014 3316 in
1038 3255 1277 3335 progressione

156 3349 375 3414 formationis
394 3347 528 3412 illorum
552 3367 572 3410 a
595 3349 710 3429 primis
728 3348 771 3412 ad
795 3347 927 3422 ultima,
948 3357 983 3410 et
1012 3349 1057 3410 ab
1080 3347 1207 3409 ultimis
1232 3347 1276 3409 ad

157 3447 291 3528 prima;
322 3453 396 3507 turn
419 3442 510 3524 quod
540 3443 573 3504 in
603 3443 696 3505 omni
719 3443 958 3525 progressione
980 3443 1025 3505 sit
1055 3441 1130 3504 finis
1153 3441 1276 3522 produ·

156 3540 261 3604 cendi
280 3535 406 3601 fructus
428 3556 467 3600 ac
493 3537 634 3612 semina,
654 3557 740 3620 quae
762 3548 841 3601 sunt
865 3557 954 3600 usus.
1000 3535 1055 3600 Ex
1076 3534 1277 3618 supradictis

157 3645 271 3717 patet,
303 3632 394 3715 quod
425 3631 621 3720 progressio
651 3633 832 3695 creationis
862 3632 1011 3696 universi
1036 3631 1137 3695 suerit
1166 3651 1186 3695 a
1215 3653 1277 3696 suo

157 3727 285 3802 Primo,
306 3729 362 3810 qui
392 3736 447 3791 est
477 3725 646 3790 Dominus
675 3723 805 3790 cinctus
835 3725 927 3798 Sole.
954 3727 998 3790 ad
1029 3726 1161 3801 ultima,
1190 3747 1276 3809 quae

155 3834 238 3888 sunt
258 3834 381 3898 terrae,
401 3831 436 3888 et
459 3822 504 3885 ab
525 3821 579 3884 his
598 3839 658 3902 per
675 3841 755 3883 usus
774 3821 817 3884 ad
836 3841 932 3886 suurn
952 3821 1098 3885 Primum
1120 3841 1180 3884 seu
1203 3821 1275 3886 Do·

155 3919 309 3994 minum;
332 3926 405 3981 turn
425 3916 516 3998 quod
535 3915 619 3979 fines
638 3915 746 3978 totius
763 3917 944 3980 creationis
959 3916 1083 3980 luerint
1101 3935 1190 3978 usus.

220 4025 320 4096 315.
346 4009 529 4076 Sciendum
547 4020 611 4086 est,
633 4011 724 4092 quod
744 4011 847 4086 calor,
868 4011 928 4075 lux
952 4021 987 4074 et
1011 4010 1275 4090 atmosphaerae

153 4107 277 4172 mundi
301 4105 465 4170 naturalis
488 4125 623 4187 prorsus
646 4104 729 4168 nihil
751 4104 876 4171 faciant
905 4105 949 4170 ad
978 4105 1162 4186 imaginem
1185 4104 1275 4170 hanc

153 4201 355 4275 creationis,
383 4199 443 4263 sed
473 4197 583 4264 solum
613 4197 717 4274 calor,
745 4198 804 4262 lux
831 4209 867 4264 et
899 4198 1163 4280 atmosphaerae
1186 4196 1275 4262 Solis

153 4295 278 4360 mundi
297 4294 503 4377 spiritualis;
532 4293 617 4357 haec
640 4313 755 4357 securn
774 4294 957 4376 imaginem
976 4292 1070 4357 illam
1093 4292 1214 4368 lerunt,
1234 4312 1274 4357 ac

154 4392 255 4457 illam
277 4391 394 4455 formis
416 4410 535 4455 usuum
557 4391 654 4472 regni
677 4391 883 4473 vegetabilis
902 4391 1033 4454 indunt.
1079 4389 1193 4465 Calor,
1213 4389 1274 4454 lux

153 4496 192 4552 et
217 4484 484 4568 atmosphaerae
503 4486 621 4549 mundi
644 4485 808 4550 naturalis
827 4485 936 4548 solum
956 4486 1086 4548 semina
1104 4485 1272 4567 aperiunt,

155 4578 403 4664 produdtiones
426 4579 559 4644 illorum
583 4581 617 4644 in
640 4581 851 4663 expansione
871 4589 1004 4655 tenent,
1028 4589 1063 4645 et
1086 4579 1153 4643 illis
1175 4581 1272 4645 indu·

153 4685 241 4740 cunt
261 4676 432 4752 materias,
449 4696 535 4758 quae
553 4674 662 4758 figunt
679 4674 755 4738 illas
770 4698 777 4754 ;
801 4674 861 4738 sed
880 4674 965 4738 haec
985 4695 1053 4739 non
1070 4695 1130 4758 per
1148 4677 1235 4740 vires
1253 4696 1273 4739 e
