3434 5364
567 672 618 722 DE
642 671 778 721 Dllen
803 671 1156 722 PRovtuENT1A.—N.
1180 677 1227 738 14.
1420 677 1455 725 11

327 844 378 912 tia
397 843 470 909 dari
490 863 591 928 quam
611 864 657 906 ex
674 863 736 906 suo
756 842 855 918 Esse,
873 841 964 927 quod
984 852 1037 906 est
1056 865 1163 920 amor,
1183 843 1263 908 inde
1287 853 1341 910 est
1364 847 1457 929 quod

327 961 432 1006 unum
452 941 543 1003 sint:
568 938 727 1002 similiter
745 938 871 1001 bonum
892 948 927 1002 et
947 959 1074 1003 verum.
1121 940 1221 1003 Nunc
1241 942 1319 1024 quia
1339 961 1456 1006 verum

327 1045 383 1100 est
402 1057 448 1099 ex
467 1035 570 1108 bono,
592 1035 681 1097 sicut
701 1035 872 1116 sapientia
890 1044 944 1098 est
964 1055 1009 1098 ex
1029 1054 1156 1111 amore,
1177 1037 1257 1100 ideo
1276 1048 1457 1120 utrumque

327 1130 429 1195 simul
448 1141 622 1213 sumptum
643 1139 788 1194 vocatur
807 1149 904 1194 amor
927 1150 986 1194 seu
1011 1131 1149 1204 bonum,
1171 1141 1225 1195 est
1249 1133 1340 1195 enirn
1361 1153 1458 1196 amor

328 1225 362 1289 in
389 1247 450 1291 sua
472 1227 581 1290 forma
611 1227 792 1308 sapientia,
818 1235 853 1289 et
879 1235 932 1290 est
956 1227 1084 1290 bonurn
1117 1228 1151 1290 in
1180 1247 1241 1290 sua
1265 1228 1374 1291 forma
1396 1250 1457 1292 ve-

327 1342 422 1401 rum;
447 1343 493 1387 ex
512 1323 621 1386 forma
641 1333 677 1386 et
699 1320 799 1405 [non]
820 1323 957 1386 aliunde
977 1333 1030 1387 est
1051 1342 1153 1386 omne
1170 1322 1281 1406 quale.
1327 1324 1384 1388 Ex
1404 1324 1457 1388 his

328 1437 418 1481 nunc
438 1429 600 1483 constare
620 1426 750 1502 potest,
773 1418 865 1500 quod
892 1418 1020 1482 bonurn
1040 1439 1083 1483 ne
1101 1419 1207 1483 hilum
1232 1420 1309 1502 plus
1328 1422 1456 1485 bonurn

328 1515 385 1589 sit,
399 1534 501 1598 quarn
518 1526 685 1598 quantum
706 1524 760 1578 est
777 1514 908 1576 unitum
928 1535 991 1577 suo
1007 1535 1101 1589 vero,
1116 1524 1151 1579 et
1171 1517 1261 1598 quod
1278 1536 1396 1580 verum
1413 1536 1459 1581 ne

327 1610 434 1675 hilum
451 1612 528 1694 plus
545 1631 661 1675 verum
680 1611 724 1674 sit
741 1629 842 1693 quarn
859 1621 1025 1692 quantum
1042 1613 1174 1675 unitum
1191 1621 1246 1676 est
1264 1633 1326 1677 suo
1341 1611 1444 1676 bono.

393 1721 460 1791 14.
485 1705 561 1790 (vi.)
588 1705 686 1785 Quod
700 1705 817 1768 bonum
836 1705 963 1768 amoris
988 1726 1050 1767 non
1070 1707 1199 1770 unitum
1221 1728 1302 1770 vero
1321 1708 1455 1790 sapien·

328 1801 397 1865 tiae
412 1823 475 1865 non
493 1802 541 1866 sit
557 1801 676 1865 bonum
695 1802 729 1865 in
758 1821 803 1874 se,
824 1799 887 1864 sed
900 1800 992 1882 quod
1005 1803 1055 1864 sit
1075 1811 1245 1882 apparens
1263 1802 1380 1866 bonum
1390 1826 1404 1876 ,·
1426 1813 1460 1867 et

328 1899 420 1983 quod
435 1921 551 1964 verum
572 1900 760 1982 sapientiae
774 1919 837 1960 non
861 1899 990 1962 unitum
1007 1897 1088 1960 bono
1110 1901 1239 1964 amoris
1253 1921 1316 1962 non
1333 1901 1380 1965 sit
1401 1921 1455 1964 ve-

328 2016 404 2059 rum
437 1995 473 2058 in
505 2016 550 2072 se,
579 1995 643 2058 sed
667 1993 759 2077 quod
780 1994 828 2058 sit
851 2003 1024 2075 apparens
1050 1995 1361 2061 verum—Veritas
1389 2007 1455 2072 est,

328 2091 420 2174 quod
438 2111 507 2155 non
521 2091 661 2174 aliquod
678 2091 807 2154 bonurn
825 2091 926 2153 detur
942 2089 1033 2172 quod
1052 2090 1086 2152 in
1107 2111 1144 2154 se
1163 2090 1291 2155 bonum
1309 2103 1374 2167 est,
1392 2093 1457 2156 nisi

328 2188 462 2251 unitum
481 2188 526 2251 sit
545 2207 607 2250 suo
626 2207 718 2261 vem,
737 2205 800 2250 nec
820 2183 960 2269 aliquod
980 2205 1096 2248 verum
1116 2187 1208 2268 quod
1229 2189 1261 2249 in
1282 2209 1318 2250 se
1338 2204 1455 2252 verum

328 2293 394 2358 est,
419 2284 483 2347 nisi
510 2284 643 2346 unitum
674 2283 720 2346 sit
754 2302 817 2345 suo
849 2283 953 2346 bono.
999 2280 1172 2344 Attamen
1204 2283 1305 2348 datur
1327 2283 1455 2348 bonum

327 2389 525 2462 separatum
546 2401 566 2442 a
584 2399 677 2454 vero,
695 2388 732 2441 et
750 2397 869 2441 verum
885 2387 1085 2459 separatum
1106 2397 1126 2440 a
1145 2378 1248 2454 bono.
1296 2379 1373 2443 Hoc
1394 2381 1454 2442 da·

326 2483 383 2538 tur
397 2477 488 2559 apud
507 2475 707 2557 hypocritas
727 2482 763 2537 et
782 2483 1030 2547 assentatores,
1048 2474 1138 2556 apud
1159 2476 1268 2538 malos
1285 2495 1455 2558 quoscun-

327 2591 404 2653 que,
418 2582 454 2636 et
470 2572 560 2655 apud
578 2571 656 2633 illos
673 2571 728 2652 qui
744 2570 778 2632 in
794 2569 887 2632 bono
900 2569 1048 2633 naturali
1066 2578 1100 2632 et
1117 2569 1150 2631 in
1168 2570 1263 2633 nullo
1280 2571 1373 2635 bono
1385 2571 1454 2653 spi·

326 2666 443 2730 rituali
461 2677 550 2731 sunt.
596 2666 745 2728 Possunt
776 2665 811 2728 hi
840 2676 876 2728 et
905 2664 954 2728 illi
984 2663 1243 2728 sacerebonum
1275 2666 1454 2742 ecclesiae,
1542 2701 1545 2710 ·

328 2764 472 2846 patriae,
496 2762 670 2836 societati,
695 2761 842 2837 concivi,
870 2761 1001 2842 egenis,
1026 2761 1243 2844 pauperibus,
1274 2762 1385 2825 viduis
1419 2771 1456 2827 et

327 2858 478 2941 pupillis,
499 2866 535 2922 et
558 2876 693 2940 quoque
712 2865 859 2941 possunt
877 2878 958 2921 vera
977 2855 1185 2939 intelligere,
1206 2878 1251 2920 ex
1275 2854 1457 2922 intellectu

310 2953 386 3017 illa
405 2955 572 3036 cogitare,
593 2975 639 3016 ex
659 2953 876 3035 cogitatione
895 2953 955 3022 illa
973 2953 1065 3036 loqui
1085 2963 1121 3017 et
1145 2954 1292 3032 docere;
1316 2955 1377 3017 sed
1401 2963 1456 3019 ta·

328 3069 407 3113 men
426 3051 519 3113 bona
542 3058 578 3112 et
601 3068 682 3112 vera
701 3048 771 3123 illa,
794 3067 862 3111 non
891 3059 971 3113 sunt
995 3049 1148 3124 interius,
1168 3051 1219 3112 ita
1244 3069 1312 3112 non
1342 3051 1376 3113 in
1406 3071 1455 3126 se,

327 3145 420 3209 bona
443 3155 479 3209 et
502 3166 583 3209 vera
602 3145 692 3226 apud
716 3143 805 3219 illos,
826 3145 887 3207 sed
911 3155 991 3208 sunt
1011 3147 1164 3208 exterius
1187 3146 1279 3209 bona
1302 3156 1337 3211 et
1360 3167 1453 3222 vera,

326 3241 375 3305 ita
392 3241 502 3304 solum
516 3240 720 3323 apparentia
734 3261 741 3317 ;
765 3249 844 3303 sunt
860 3241 950 3303 enim
967 3239 1078 3303 solum
1092 3237 1233 3323 propter
1249 3263 1285 3304 se
1301 3250 1338 3304 et
1356 3261 1454 3304 mun·

327 3339 419 3414 dum,
440 3348 476 3401 et
496 3357 566 3399 non
586 3348 727 3418 propter
746 3336 856 3418 ipsum
876 3336 1004 3399 bonum
1029 3345 1065 3398 et
1089 3337 1199 3418 ipsum
1220 3358 1349 3412 verum,
1370 3358 1451 3402 con·

326 3443 512 3516 sequenter
531 3453 600 3496 non
620 3454 665 3496 ex
685 3433 778 3496 bono
797 3440 832 3494 et
851 3452 956 3509 ver0;
980 3452 1085 3514 quare
1105 3443 1185 3495 sunt
1205 3432 1311 3495 solius
1328 3435 1396 3497 oris
1418 3445 1453 3497 et

326 3532 490 3611 corporis,
505 3541 541 3593 et
562 3549 631 3593 non
651 3529 784 3593 cordis:
812 3538 869 3602 [2.]
889 3537 924 3590 et
945 3531 1136 3608 comparari
1152 3541 1297 3610 possunt
1316 3550 1399 3593 auro
1417 3541 1454 3594 et

326 3636 474 3708 argento
491 3623 632 3690 indutio
649 3627 780 3702 scoriis,
798 3633 856 3689 aut
875 3625 963 3707 putri
983 3622 1090 3706 ligno,
1109 3633 1167 3688 aut
1187 3622 1288 3703 fimo;
1313 3645 1353 3688 ac
1373 3646 1454 3689 vera

327 3724 508 3787 enuntiata
525 3722 717 3804 comparari
736 3731 882 3806 possunt
898 3730 1005 3783 vento
1020 3721 1257 3802 respirationis
1277 3721 1333 3804 qui
1352 3722 1451 3785 dissi·

327 3831 438 3902 patur,
459 3829 518 3883 aut
542 3818 608 3882 luci
631 3818 746 3882 fatuae
764 3839 851 3903 quae
874 3818 1062 3893 evanescit,
1083 3837 1171 3899 quae
1194 3838 1300 3900 usque
1319 3819 1452 3882 extrin-

327 3935 425 3978 secus
449 3923 618 3997 apparent
646 3915 734 3977 sicut
758 3914 925 3998 genuina:
957 3913 1017 3976 sed
1048 3921 1216 3995 apparent
1247 3912 1333 3976 talia
1362 3913 1452 3995 apud

326 4010 415 4082 illos
430 4021 465 4073 at
483 4021 629 4094 possunt
646 4031 752 4093 usque
764 4009 866 4074 aliter
879 4008 968 4091 apud
982 4009 1164 4072 audientes
1180 4017 1215 4071 et
1232 4009 1451 4090 recipientes,

327 4109 383 4190 qui
407 4107 473 4170 hoc
498 4127 566 4170 non
587 4107 721 4185 sciunt;
746 4105 1007 4188 unumquemvis
1026 4107 1117 4168 enirn
1141 4101 1247 4167 afficit
1267 4113 1452 4169 externum

327 4201 516 4265 secundum
537 4203 709 4265 internum
729 4219 847 4278 suum;
872 4201 978 4265 intrat
997 4201 1087 4263 enim
1107 4217 1237 4272 verum,
1255 4219 1274 4263 e
1297 4219 1452 4282 quocun·

327 4317 392 4380 que
409 4319 468 4361 ore
485 4299 529 4361 sit
546 4298 775 4372 enuntiatum,
793 4297 826 4359 in
844 4297 986 4361 alterius
1002 4295 1169 4371 auditum,
1187 4303 1224 4358 et
1242 4295 1414 4378 excipitur
1433 4317 1454 4360 a

327 4404 445 4458 mente
465 4394 652 4457 secundum
670 4392 741 4475 ejus
761 4401 889 4456 statum
910 4402 945 4456 et
965 4391 1076 4476 quale.
1122 4390 1226 4474 Apud
1246 4389 1324 4455 illos
1343 4391 1454 4475 quiin

327 4489 475 4554 naturali
494 4490 587 4552 bono
606 4498 686 4552 sunt
706 4509 750 4552 ex
770 4487 991 4562 hereditario,
1012 4498 1048 4552 et
1072 4487 1104 4549 in
1125 4485 1222 4550 nullo
1241 4486 1334 4552 bono
1353 4488 1453 4572 spiri-

325 4585 422 4661 tuali,
441 4605 550 4669 paene
570 4585 689 4648 similis
707 4605 763 4648 res
782 4592 857 4662 est;
882 4585 1053 4646 internum
1073 4583 1164 4646 enim
1184 4583 1295 4648 omnis
1311 4583 1394 4649 boni
1417 4595 1453 4648 et

326 4683 439 4744 omnis
458 4681 529 4743 veri
549 4691 601 4743 est
623 4678 812 4762 spirituale,
831 4689 866 4743 et
885 4677 951 4742 hoc
964 4677 1049 4741 salsa
1066 4688 1102 4742 et
1121 4677 1212 4742 mala
1229 4678 1392 4760 discutit;
1416 4690 1453 4744 at
