3358 5384
323 684 367 745 60
677 687 880 740 SAPIENTIA
902 686 1098 739 ANGELICA

324 885 429 948 quare
453 863 559 928 etiam
575 857 740 937 ¹¹¹dicitur,
764 860 857 943 quod
878 857 1102 923 subsistentia
1124 859 1170 923 sit
1194 867 1358 941 perpetua
1382 878 1448 922 ex·

322 963 477 1026 istentia.
523 958 559 1026 Si
589 961 692 1023 etiam
718 957 847 1042 aliquid
875 957 1133 1022 subtraheretur
1161 977 1297 1040 prorsus
1321 977 1342 1019 a
1364 957 1450 1021 solis

324 1058 454 1124 influxu
473 1079 533 1141 per
549 1055 822 1140 atmosphaeras‚
839 1055 906 1119 hoc
929 1054 1024 1119 illico
1043 1054 1309 1133 dissolveretur;
1334 1065 1448 1118 atmo-

323 1156 492 1240 sphae'rae
514 1155 618 1231 enim,
638 1175 726 1238 quae
749 1163 829 1217 sunt
852 1154 1005 1236 puriores
1029 1162 1065 1216 et
1089 1155 1251 1234 puriores,
1272 1162 1308 1216 et
1331 1174 1352 1216 a
1374 1153 1449 1217 sole

323 1251 485 1318 abluatae
510 1254 544 1317 in
575 1252 744 1337 potentia,
769 1252 885 1315 omnia
918 1252 951 1314 in
982 1259 1074 1314 nexd
1102 1251 1295 1314 continent.
1348 1250 1447 1314 Nunc

323 1353 403 1435 quia
418 1351 643 1415 subsistentia
662 1350 808 1413 universi
824 1361 860 1412 et
879 1349 1029 1412 omniurn
1046 1347 1117 1430 ejus
1136 1357 1190 1412 est
1209 1369 1229 1411 a
1248 1347 1332 1422 sole,
1350 1357 1449 1430 patet

323 1450 415 1532 quod
432 1448 485 1513 sol
498 1445 570 1512 ‘'¹sit
586 1449 731 1532 primum
745 1448 929 1512 creationis
946 1467 966 1510 a
981 1467 1058 1530 quo.
1098 1445 1243 1523 Dicitur,
1256 1467 1276 1509 a
1289 1446 1373 1522 sole,
1387 1447 1447 1509 sed

323 1546 531 1629 intelligitur
549 1567 569 1610 a
588 1545 739 1611 Domino
754 1565 814 1630 per
831 1544 952 1620 solem,
969 1563 1048 1608 nam
1068 1543 1120 1608 sol
1133 1545 1239 1608 etiam
1259 1565 1279 1607 a
1299 1544 1448 1608 Domino

324 1652 380 1708 est
398 1652 544 1708 creatus.

388 1755 486 1824 153.
521 1739 611 1807 Sunt
628 1741 700 1805 bini
718 1740 823 1818 soles,
843 1760 905 1822 per
926 1759 1012 1824 quos
1031 1739 1146 1804 omnia
1165 1759 1186 1803 a
1204 1739 1355 1804 Domino
1374 1759 1446 1804 cre·

324 1847 383 1902 ata
401 1849 504 1919 sunt;
529 1839 588 1904 Sol
606 1839 723 1903 mundi
739 1839 904 1922 spiritulia
920 1848 956 1903 et
972 1837 1024 1902 sol
1042 1838 1159 1900 mundi
1176 1837 1353 1902 naturalis.
1386 1836 1449 1902 Per

325 1933 442 2001 Solem
463 1937 580 2000 mundi
599 1936 783 2020 spiritualis
798 1958 819 2000 a
838 1935 988 2001 Domino
1006 1946 1087 2000 sunt
1103 1936 1218 1999 omnia
1234 1945 1360 2010 creata,
1379 1954 1446 1998 non

325 2043 442 2098 autern
462 2055 522 2116 per
544 2034 654 2098 solem
673 2034 791 2098 mundi
814 2034 992 2110 naturalis,
1012 2053 1092 2098 nam
1116 2032 1171 2098 hic
1190 2033 1242 2097 sol
1266 2043 1319 2098 est
1344 2033 1448 2116 longe

325 2130 412 2196 infra
430 2131 525 2196 illum
545 2130 681 2213 Solem;
705 2143 759 2196 est
777 2134 811 2196 in
829 2133 941 2196 media
959 2132 1144 2209 distantia;
1169 2152 1269 2213 supra
1285 2131 1380 2195 illum
1396 2139 1448 2196 est

326 2230 471 2293 mundus
488 2231 683 2312 spiritualis,
701 2241 736 2295 et
751 2230 838 2295 infra
855 2230 951 2294 illum
971 2239 1024 2294 est
1041 2231 1187 2293 mundus
1203 2229 1388 2309 naturalis3
1413 2238 1450 2293 et

325 2329 378 2392 sol
402 2329 519 2392 mundi
543 2329 708 2392 naturalis
731 2339 867 2394 creatus
890 2337 953 2405 est,
978 2339 1015 2392 ut
1039 2328 1328 2392 succenturiatam
1347 2346 1448 2410 opem

325 2425 433 2505 ferat3
458 2427 501 2490 de
521 2447 587 2510 qua
607 2447 672 2511 ope
691 2430 725 2491 in
745 2428 969 2510 sequentibus
989 2427 1132 2489 dicetur.

390 2537 487 2605 154·
519 2522 621 2605 Quod
635 2527 828 2589 universum
841 2534 877 2589 et
895 2527 1009 2589 omnia
1022 2524 1092 2606 ejus
1104 2524 1218 2587 medio
1232 2522 1312 2588 Sole
1332 2523 1449 2587 mundi

326 2621 511 2704 spiritualis
528 2643 547 2684 a
567 2622 717 2687 Domino
736 2633 853 2686 creata
871 2623 951 2698 sint,
972 2632 1026 2686 est
1049 2623 1127 2706 quia
1146 2620 1205 2685 ille
1225 2619 1284 2685 Sol
1304 2631 1359 2685 est
1382 2621 1450 2705 pri·

327 2737 418 2781 mum
449 2721 641 2798 procedens
664 2720 779 2782 Divini
804 2720 942 2785 Amoris
965 2732 1001 2784 et
1021 2719 1166 2783 Divinae
1186 2719 1396 2802 Sapientiae,
1413 2727 1449 2783 et

326 2837 372 2881 ex
392 2814 518 2878 Divino
542 2817 672 2881 Amore
696 2828 731 2882 et
755 2838 800 2881 ex
826 2818 951 2882 Divina
975 2817 1151 2900 Sapientia
1169 2828 1248 2881 sunt
1267 2817 1393 2894 omnia,
1411 2825 1449 2882 ut

327 2934 428 2995 supra
460 2910 507 2994 (n.
531 2915 648 2998 52-82)
674 2917 951 2980 demonstratum
976 2926 1041 2981 est.
1093 2913 1181 2979 Sunt
1208 2916 1273 2979 tria
1297 2936 1384 2998 quae
1413 2917 1448 2979 in

327 3015 420 3076 omni
434 3021 563 3088 creato,
578 3023 649 3076 tam
666 3016 817 3078 maximo
828 3011 956 3098 mquam
973 3015 1114 3078 minimo
1126 3022 1206 3077 sunt
1219 3033 1227 3092 ;
1247 3012 1333 3090 finis,
1347 3033 1451 3078 causa

326 3120 363 3174 et
383 3108 531 3174 effeetus.
577 3109 750 3187 Creatum‚
768 3113 801 3176 in
818 3133 885 3195 quo
902 3113 960 3176 illa
976 3113 1041 3176 tria
1057 3132 1126 3175 non
1143 3122 1234 3188 sunt,
1254 3132 1323 3176 non
1338 3112 1448 3176 datur.

329 3206 427 3271 Haec
439 3209 504 3272 tria
516 3209 549 3272 in
563 3211 717 3274 maximo
729 3231 788 3274 seu
802 3213 835 3274 in
848 3211 1007 3274 universo
1017 3211 1051 3273 in
1063 3209 1129 3276 hoc
1141 3210 1260 3274 ordine
1273 3210 1429 3274 existunt
1440 3229 1449 3286 ;

327 3307 360 3370 in
377 3305 471 3380 Sole,
491 3308 547 3390 qui
567 3317 621 3371 est
638 3309 782 3389 primum
801 3309 992 3391 procedens
1009 3307 1123 3372 Divini
1142 3307 1283 3372 Amoris
1299 3319 1334 3371 et
1355 3307 1450 3370 Divi-

327 3425 391 3469 nae
411 3403 619 3486 Sapientiae,
637 3415 690 3469 est
705 3405 779 3470 finis
796 3407 968 3486 omnium;
991 3407 1024 3472 in
1042 3407 1170 3471 mundo
1186 3405 1351 3489 spirituali
1370 3413 1450 3469 sunt

328 3521 452 3566 causae
464 3503 629 3580 omnium;
649 3513 685 3567 et
698 3503 730 3566 in
743 3505 870 3568 mundo
881 3504 1026 3567 naturali
1037 3514 1116 3566 sunt
1128 3501 1266 3567 effeetus
1277 3503 1426 3567 omnium
1439 3523 1448 3570 z

328 3601 503 3682 quomodo
523 3611 638 3663 autern
656 3600 742 3665 haec
763 3603 829 3665 tria
847 3602 881 3664 in
902 3602 1018 3683 primis
1041 3612 1076 3665 et
1100 3602 1134 3664 in
1158 3601 1288 3665 ultimis
1307 3611 1397 3676 sunt,
1415 3601 1448 3663 in

327 3697 552 3779 sequentibus
575 3699 717 3762 dicetur.
771 3697 869 3763 Nunc
894 3701 971 3783 quia
998 3719 1066 3762 non
1096 3700 1198 3762 datur
1225 3709 1388 3773 creatum,
1415 3699 1448 3760 in

327 3815 397 3878 quo
416 3794 476 3857 illa
495 3795 561 3858 tria
584 3815 652 3859 non
672 3807 762 3872 sunt,
783 3797 935 3879 sequitur
954 3797 1043 3880 quod
1068 3799 1261 3860 universum
1281 3806 1316 3860 et
1336 3795 1450 3859 omnia

327 3891 450 3974 ejus,a
473 3892 624 3958 Domino
647 3914 707 3976 per
730 3894 858 3970 Solem,
879 3894 934 3958 ubi
957 3905 1011 3959 est
1033 3894 1108 3958 finis
1133 3895 1294 3969 omnium,
1315 3903 1450 3958 creatus

327 3990 408 4055 sint.

392 4101 488 4171 155·
518 4088 600 4174 Ipsa
616 4092 746 4155 creatio
766 4111 834 4154 non
855 4099 974 4173 potest
993 4090 1038 4154 ad
1054 4100 1194 4173 captum
1214 4088 1314 4164 trahi,
1334 4075 1451 4151 sinon

328 4205 350 4250 a
365 4188 581 4269 cogitatione
599 4199 842 4253 removeantur
859 4189 1008 4270 spatium
1028 4197 1063 4252 et
1082 4198 1239 4270 tempus3
1264 4197 1301 4251 at
1320 4187 1348 4250 si
1363 4186 1449 4250 haec

329 4295 562 4362 removentur,
584 4285 829 4367 comprehendi
852 4295 978 4369 potest.
1024 4285 1193 4361 Remove,
1210 4287 1238 4348 si
1261 4293 1370 4367 potes,
1392 4291 1452 4347 aut

327 4391 496 4466 quantum
513 4393 624 4466 potes,
642 4394 679 4448 et
695 4393 776 4449 tene
793 4393 946 4448 mentem
966 4385 999 4447 in
1016 4384 1093 4448 idea
1108 4379 1284 4448 abstratta
1300 4403 1319 4447 a
1339 4383 1453 4464 spatio

327 4490 367 4545 et
398 4491 566 4564 tempore,
590 4502 631 4545 ac
662 4483 828 4566 percipies
858 4482 1047 4545 maximum
1075 4481 1178 4564 spatii
1208 4490 1244 4545 et
1275 4479 1453 4543 minimum

328 4579 434 4660 spatii
454 4579 538 4644 nihil
562 4579 714 4658 differre;
750 4589 786 4644 et
809 4588 890 4643 tunc
915 4599 985 4642 non
1004 4589 1104 4661 potes
1126 4578 1253 4642 habere
1276 4577 1340 4641 nisi
1359 4577 1454 4641 simi-

328 4675 400 4740 lem
416 4677 529 4742 ideam
546 4677 589 4742 de
605 4678 779 4742 creatione
796 4677 954 4752 universi,
968 4695 1071 4761 quam
1087 4677 1130 4740 de
1143 4676 1319 4741 creatione
1336 4674 1456 4756 singu·
