3434 5364
303 673 323 736 8
652 683 857 737 samsurm
881 682 1079 733 nuoamcn

302 857 392 920 sicut
409 855 514 934 calor,
534 865 571 921 et
590 855 716 920 Divina
733 853 911 939 Sapientia
929 855 1018 919 sicut
1037 853 1109 918 lux.
1157 851 1217 936 (3.)
1243 850 1432 935 Recipiun-

302 959 358 1015 tur
373 949 433 1014 illa
450 952 494 1016 ab
509 951 643 1034 angelis
656 952 794 1035 quidem
811 961 849 1015 ut
866 951 945 1026 duo,
957 950 1019 1014 sed
1035 950 1198 1013 uniuntur
1210 948 1299 1031 apud
1317 947 1394 1010 illos
1411 967 1432 1010 a

302 1044 477 1112 Domino:
505 1045 616 1109 simile
634 1045 672 1109 lit
692 1046 782 1128 apud
801 1043 958 1108 homines
977 1044 1157 1108 ecclesiae.
1204 1041 1265 1126 (4.)
1297 1041 1357 1106 Ab
1378 1043 1431 1105 in-

301 1138 395 1203 fluxu
407 1141 533 1204 amoris
550 1150 586 1204 et
603 1141 794 1222 sapientiae
810 1161 831 1202 a
847 1139 998 1202 Domino
1014 1150 1052 1202 ut
1069 1158 1171 1202 unum
1182 1138 1272 1220 apud
1286 1137 1433 1220 angelos

301 1235 389 1300 caeli
405 1247 441 1300 et
458 1236 549 1318 apud
566 1236 724 1301 homines
738 1235 918 1310 ecelesiae,
932 1244 969 1299 et
985 1256 1005 1298 a
1021 1236 1221 1316 receptione
1234 1234 1371 1297 illorum
1388 1235 1434 1296 ab

301 1331 436 1412 angelis
456 1343 491 1394 et
515 1331 721 1408 hominibus,
745 1343 800 1396 est
820 1332 912 1414 quod
939 1330 1109 1395 Dominus
1135 1331 1169 1393 in
1189 1329 1309 1393 Verbo
1335 1329 1431 1392 dica·

302 1434 357 1489 tur
381 1424 536 1509 Sponsus
560 1437 596 1491 et
621 1427 778 1502 Maritus,
799 1447 838 1490 ae
860 1426 992 1491 caelum
1011 1437 1048 1490 et
1071 1425 1220 1490 ecelesia
1239 1424 1375 1507 Sponsa
1395 1435 1430 1488 et

302 1519 413 1585 Uxor.
461 1521 522 1606 (5.)
548 1521 726 1606 Quantum
746 1524 862 1606 itaque
886 1523 1021 1587 caelum
1044 1531 1081 1586 et
1105 1521 1253 1586 ecclesia
1276 1522 1311 1584 in
1334 1541 1430 1584 com-

302 1619 406 1694 muni,
421 1638 460 1683 ac
477 1619 623 1701 angelus
640 1619 727 1683 caeli
743 1629 779 1683 et
796 1618 901 1682 homo
913 1617 1081 1683 ecclesiae
1100 1618 1134 1681 in
1154 1617 1362 1700 particulari,
1377 1628 1431 1680 est

301 1713 336 1778 in
349 1715 475 1779 unione
488 1716 557 1791 illa,
572 1737 632 1781 seu
648 1717 683 1779 in
699 1715 859 1797 conjugio
871 1716 953 1778 boni
970 1725 1006 1779 et
1022 1715 1104 1790 veri,
1117 1725 1254 1779 tantum
1268 1715 1383 1796 imago
1396 1724 1431 1776 et

301 1809 491 1875 similitudo
503 1811 643 1875 Domini
659 1822 759 1890 sunt;
779 1813 940 1895 quoniam
953 1811 1012 1875 illa
1025 1812 1095 1875 duo
1110 1812 1144 1874 in
1161 1809 1311 1874 Domino
1328 1830 1433 1873 unum

302 1916 394 1981 sunt,
409 1907 514 1971 immo
527 1919 607 1972 sunt
625 1909 803 1972 Dominus.
839 1905 900 1990 (6.)
926 1907 1037 1972 Amor
1050 1918 1085 1972 et
1100 1907 1271 1991 sapientia
1287 1908 1319 1970 in
1334 1906 1434 1969 caelo

302 2009 339 2065 et
358 2001 393 2063 in
412 2001 560 2065 ecclesia
575 2003 609 2065 in
629 2003 866 2078 communiae
884 2003 918 2066 in
937 2002 1065 2084 angelo
1082 2003 1169 2067 caeli
1188 2002 1273 2066 etin
1291 2001 1433 2064 homine

302 2095 472 2159 ecclesiae
498 2117 601 2161 unum
628 2109 720 2172 sunt,
741 2098 881 2180 quando
904 2096 1068 2161 voluntas
1092 2107 1128 2162 et
1155 2093 1362 2168 intellectus,
1381 2096 1432 2158 ita

303 2192 442 2273 quando
465 2192 593 2256 bonum
619 2203 654 2256 et
674 2213 792 2257 verum
817 2212 920 2256 unum
947 2191 1098 2271 iaciunt3
1127 2212 1187 2256 seu
1210 2190 1302 2274 quod
1326 2190 1429 2265 idem,

303 2287 442 2368 quando
466 2288 616 2353 charitas
640 2299 676 2352 et
699 2287 783 2351 fides
806 2306 911 2350 unum
934 2279 1084 2365 faciunt;
1107 2307 1168 2350 seu
1198 2285 1290 2368 quod
1317 2285 1429 2350 adhuc

302 2380 406 2458 idem,
427 2385 566 2466 quando
585 2381 742 2447 doctrina
764 2403 810 2447 ex
827 2381 946 2446 Verbo
970 2393 1005 2447 et
1029 2384 1102 2447 vita
1126 2382 1315 2446 secundum
1335 2381 1430 2444 illam

304 2497 408 2541 unum
428 2479 566 2543 iaciunt.
615 2477 677 2562 (7.)
702 2477 889 2560 Quomodo
904 2488 1022 2542 autem
1035 2479 1103 2542 duo
1115 2476 1288 2541 illaunum
1302 2477 1430 2543 iaciunt

303 2573 336 2636 in
354 2573 493 2638 homine
510 2577 592 2639 etin
610 2575 769 2638 omnibus
786 2571 868 2654 ejus,
880 2585 1060 2638 ostensum
1077 2583 1131 2638 est
1147 2575 1181 2637 in
1194 2571 1430 2637 transactione

302 2668 354 2732 De
375 2669 500 2732 Divino
521 2669 649 2734 Amore
668 2680 702 2734 et
730 2669 860 2734 Divim
883 2668 1069 2750 Sapientia,
1090 2670 1125 2733 in
1160 2668 1262 2733 Parte
1286 2667 1428 2750 Quinta,

304 2764 360 2827 ubi
380 2762 493 2828 actum
513 2776 567 2828 est
589 2766 632 2830 de
652 2764 837 2830 Creatione
860 2765 1019 2840 hominis,
1040 2774 1077 2829 et
1096 2765 1262 2847 imprimis
1280 2765 1325 2829 de
1344 2765 1429 2829 Cor·

302 2861 551 2942 respondentia
570 2862 762 2925 voluntatis
784 2871 821 2925 et
844 2857 1043 2925 intellectus
1062 2879 1140 2924 cum
1163 2861 1268 2924 corde
1291 2871 1327 2924 et
1354 2860 1429 2943 pul-

303 2973 405 3018 mone
424 2955 459 3038 (a
477 2977 508 3019 n.
529 2954 618 3039 ¹¹¹358
637 2958 680 3020 ad
696 2955 787 3040 432).

366 3065 411 3131 9.
442 3050 628 3133 Quomodo
648 3061 765 3116 autem
784 3051 844 3117 illa
860 3071 964 3117 unum
983 3051 1114 3117 iaciunt
1130 3051 1164 3116 in
1183 3051 1251 3116 illis
1267 3072 1354 3135 quae
1377 3053 1429 3115 in·

300 3144 352 3212 ira
375 3167 435 3211 seu
459 3158 561 3212 extra
579 3148 755 3212 hominem
774 3156 867 3225 sunt,
884 3159 957 3213 tam
984 3149 1019 3211 in
1046 3146 1114 3211 illis
1141 3167 1229 3230 quae
1258 3148 1293 3211 in
1319 3169 1431 3229 regno

301 3243 453 3317 animali,
478 3263 581 3326 quam
611 3245 646 3307 in
675 3263 785 3326 regno
808 3241 998 3325 vegetabili
1026 3253 1117 3319 sunt,
1142 3243 1177 3306 in
1205 3243 1430 3326 sequentibus

301 3339 431 3421 passim
448 3339 603 3418 dicetur;
627 3339 749 3422 quibus
765 3338 850 3404 haec
867 3340 932 3403 tria
948 3338 1203 3420 praemittenda
1218 3346 1319 3416 sunt;
1342 3335 1428 3399 Pri·

301 3455 401 3510 mum,
423 3433 526 3517 Quod
550 3436 584 3499 in
607 3438 767 3500 universo
789 3444 825 3500 et
853 3435 887 3498 in
917 3434 1075 3498 omnibus
1104 3442 1141 3497 et
1172 3430 1315 3514 singulis
1346 3432 1428 3513 ejus,

301 3549 390 3612 quae
410 3541 528 3595 creata
544 3541 624 3594 sunt
643 3552 664 3595 a
681 3529 843 3606 Domino,
860 3529 961 3594 fuerit
981 3527 1177 3611 conjugium
1193 3529 1275 3592 boni
1294 3538 1330 3592 et
1348 3528 1429 3593 veri.

303 3624 498 3702 Secundum,
513 3625 616 3709 Quod
633 3627 667 3690 id
683 3626 879 3709 conjugium
891 3637 971 3710 post
984 3625 1196 3690 creationem
1209 3625 1300 3707 apud
1317 3623 1428 3688 homi-

302 3739 382 3783 nem
401 3732 599 3802 separatum
618 3722 671 3784 sit.
722 3719 881 3798 Tertium,
901 3720 1003 3804 Quod
1024 3721 1170 3785 Divinae
1187 3719 1429 3784 Providentiae

300 3816 358 3891 sit,
379 3823 416 3879 ut
433 3817 525 3900 quod
544 3826 743 3900 separatum
762 3826 828 3892 est,
845 3837 948 3881 unum
964 3815 1035 3892 fiat,
1053 3827 1089 3881 et
1107 3817 1155 3880 sic
1175 3826 1213 3879 ut
1233 3814 1429 3897 conjugium

300 3911 382 3976 boni
399 3920 435 3976 et
451 3913 521 3976 veri
537 3923 756 3977 restauretur.
804 3911 900 3976 Haec
918 3913 985 3977 tria
1000 3911 1117 3976 multis
1130 3909 1333 3976 confirmata
1349 3921 1430 3975 sunt

301 4006 336 4070 in
350 4005 584 4073 transadtione
596 4006 648 4072 De
658 4007 782 4072 Divino
793 4007 920 4071 Amore
933 4017 966 4071 et
979 4005 1109 4072 Divina
1123 4006 1310 4089 Sapientia,
1324 4026 1429 4089 quare

302 4105 442 4170 ulterius
459 4105 659 4170 confirmare
677 4105 748 4182 illa,
769 4125 838 4169 non
862 4125 948 4189 opus
972 4115 1036 4171 est.
1082 4103 1234 4189 Quisque
1253 4105 1359 4169 etiam
1383 4123 1429 4167 ex

300 4201 436 4266 ratione
454 4201 572 4267 videre
591 4211 721 4285 potest,
738 4203 829 4285 quod
848 4202 929 4266 dum
948 4201 1145 4284 conjugium
1165 4201 1301 4266 boniet
1320 4201 1430 4265 veria

301 4297 478 4362 creatione
496 4297 607 4363 iuerat
626 4299 660 4362 in
679 4299 772 4362 omni
791 4307 921 4373 creato,
941 4307 977 4363 et
1001 4299 1082 4361 dum
1099 4296 1166 4362 hoc
1186 4306 1311 4381 postea
1328 4317 1430 4378 sepa·

301 4403 415 4457 ratum
438 4403 505 4470 est,
526 4394 695 4459 Dominus
713 4393 877 4458 continue
897 4404 1068 4476 operetur,
1089 4401 1126 4457 ut
1151 4393 1236 4457 illud
1255 4404 1429 4458 restaure-

301 4497 375 4567 tur;
396 4500 656 4572 consequenter,
671 4488 762 4572 quod
775 4489 982 4553 restauratio
994 4487 1076 4571 ejus,
1091 4497 1127 4552 et
1139 4489 1220 4553 inde
1233 4486 1429 4570 conjunctio

302 4582 449 4648 universi
475 4584 584 4649 creati
613 4602 689 4649 cum
718 4583 868 4648 Domino
898 4605 958 4668 per
986 4585 1175 4663 hominem,
1203 4585 1249 4649 sit
1280 4583 1429 4648 Divinae

302 4677 554 4744 Providentiae.
