3448 5374
323 657 383 740 176
674 673 877 726 serranus
898 675 1093 728 nunaucn

320 846 403 912 deat
423 846 622 929 sapientiae,
642 857 697 912 est
719 847 797 930 quia
819 869 840 912 a
863 847 939 912 luce
962 847 1053 913 Solis
1072 849 1118 914 ibi
1137 850 1229 915 ducit
1249 853 1444 936 originem

321 948 357 1004 et
373 939 452 1023 quia
464 939 767 1022 correspondentia
783 948 837 1003 est
853 941 978 1004 amoris
990 960 1068 1005 cum
1080 942 1194 1018 corde,
1208 944 1287 1007 inde
1300 948 1444 1027 sanguis

322 1051 391 1096 non
411 1040 528 1114 potest
548 1052 616 1096 non
636 1032 766 1106 rubere,
787 1042 822 1096 et
844 1033 995 1096 indicare
1015 1033 1185 1116 originem
1204 1055 1311 1099 suam.
1356 1037 1444 1102 Inde

321 1133 375 1187 est
392 1124 482 1208 quod
503 1124 657 1188 incaelis
677 1125 732 1187 ubi
748 1145 844 1187 amor
862 1125 894 1187 in
915 1123 1100 1189 Dominum
1117 1137 1250 1208 regnat,
1268 1126 1329 1191 lux
1344 1127 1441 1192 flam-

322 1235 399 1279 mea
422 1217 477 1291 sit,
501 1226 538 1280 et
561 1216 677 1298 angeli
699 1216 744 1280 ibi
766 1216 876 1280 induti
899 1225 979 1280 sunt
1003 1217 1156 1281 vestibus
1180 1221 1374 1300 purpureis;
1406 1232 1442 1284 et

321 1309 354 1371 in
378 1309 483 1371 caelis
506 1308 562 1371 ubi
585 1311 755 1391 sapientia
778 1318 912 1390 regnat,
932 1308 992 1372 lux
1017 1309 1164 1373 candida
1187 1311 1243 1386 sit,
1268 1320 1305 1375 et
1326 1312 1444 1394 angeli

203 1453 205 1458 ,
321 1401 366 1463 ibi
386 1401 496 1464 induti
516 1411 597 1464 sunt
616 1402 768 1464 vestibus
787 1401 874 1464 albis
893 1401 1052 1482 byssinis.

384 1492 482 1575 381.
512 1490 599 1555 Sunt
621 1492 707 1556 caeli
729 1494 762 1555 in
781 1493 851 1555 duo
868 1511 976 1574 regna
995 1489 1156 1568 distincti,
1177 1512 1320 1577 quorum
1340 1515 1445 1559 unum

322 1595 466 1648 vocatur
500 1585 662 1658 caeleste,
692 1584 839 1648 alterum
869 1584 1065 1666 spirituale;
1100 1585 1133 1648 in
1163 1604 1272 1666 regno
1301 1587 1446 1651 caelesti

322 1688 446 1758 regnat
470 1696 567 1741 amor
589 1677 623 1739 in
652 1675 849 1750 Dominum,
870 1685 905 1738 et
935 1677 968 1738 in
998 1695 1106 1758 regno
1130 1677 1297 1758 spirituali
1320 1689 1446 1760 regnat

323 1770 492 1850 sapientia
510 1771 555 1832 eri
579 1768 640 1831 illo
658 1788 784 1831 amore.
831 1766 920 1831 Illud
941 1787 1096 1848 regnum,
1118 1769 1173 1831 ubi
1192 1779 1316 1851 regnat
1335 1789 1446 1846 amor,

323 1870 466 1924 vocatur
486 1861 680 1923 cardiacum
700 1859 805 1937 caeli;
829 1868 865 1922 et
888 1859 971 1922 illud
991 1880 1144 1941 regnum,
1166 1861 1222 1924 ubi
1241 1872 1364 1942 regnat
1389 1883 1443 1926 sa-

324 1953 463 2034 pientia,
488 1960 633 2014 vocatur
659 1951 891 2033 pulmonicum
916 1951 1012 2014 caeli.
1059 1950 1241 2015 Sciendum
1266 1964 1331 2029 est,
1353 1953 1448 2036 quod

325 2046 517 2108 universum
548 2042 681 2107 caelum
709 2043 902 2124 angelicum
940 2044 972 2106 in
1007 2063 1069 2107 suo
1103 2044 1288 2127 complexu
1322 2045 1445 2110 reserat

325 2156 429 2200 unum
458 2134 643 2210 hominem,
668 2145 704 2198 et
734 2155 848 2199 coram
875 2133 1025 2199 Domino
1055 2145 1220 2218 appareat
1248 2137 1335 2200 sicut
1360 2158 1450 2201 unus

325 2228 452 2305 homo;
480 2247 583 2310 quare
604 2247 662 2290 cor
685 2226 755 2308 ejus
774 2225 855 2289 facit
875 2247 977 2290 unum
1002 2247 1156 2310 regnum,
1177 2239 1213 2292 et
1237 2228 1355 2309 pulmo
1376 2229 1451 2310 ejus

324 2323 406 2386 lacit
425 2320 591 2384 alterum:
616 2331 669 2383 est
688 2319 778 2382 enim
798 2329 912 2381 motus
929 2320 1104 2382 cardiacus
1124 2329 1158 2382 et
1179 2320 1393 2401 pulmonicus
1412 2322 1447 2384 in

325 2413 499 2478 communi
521 2413 554 2474 in
579 2421 657 2475 toto
677 2411 785 2484 caelo,
807 2420 842 2473 et
872 2411 951 2473 inde
981 2412 1014 2473 in
1044 2412 1237 2492 particulari
1268 2413 1301 2475 in
1327 2414 1452 2496 quovis

326 2507 474 2588 angelo;
503 2513 537 2567 et
556 2505 745 2567 communis
765 2512 880 2565 motus
899 2503 1076 2566 cardiacus
1099 2513 1134 2566 et
1159 2504 1373 2584 pulmonicus
1392 2515 1448 2568 est

326 2621 346 2662 a
369 2598 444 2663 solo
464 2596 624 2667 Domino,
645 2596 722 2678 quia
745 2594 788 2657 ab
812 2594 891 2676 Ipso
911 2594 986 2657 solo
1005 2605 1059 2658 est
1078 2615 1174 2657 amor
1196 2608 1232 2659 et
1256 2598 1449 2678 sapientia:

326 2692 361 2755 in
381 2688 461 2754 Sole
481 2689 570 2751 enim
591 2688 646 2750 ubi
666 2697 720 2750 est
740 2687 909 2750 Dominus
933 2698 968 2749 et
992 2689 1046 2768 qui
1066 2698 1119 2751 est
1143 2708 1162 2751 a
1186 2686 1347 2764 Domino,
1367 2696 1450 2751 sunt

327 2784 396 2845 duo
419 2782 467 2844 illi
492 2791 617 2854 motuS,
638 2789 673 2842 et
698 2779 776 2842 inde
800 2779 833 2840 in
857 2778 955 2842 caelo
977 2779 1136 2861 angelico
1159 2789 1195 2843 et
1222 2782 1255 2843 in
1279 2781 1448 2842 universo.

327 2863 430 2957 Quod
449 2873 499 2936 ita
517 2872 573 2946 sit,
593 2870 755 2934 abstrahe
775 2871 897 2951 spatia,
918 2881 954 2933 et
973 2872 1091 2953 cogita
1110 2873 1450 2954 omnipraesentiam,

327 2977 364 3031 et
384 2963 649 3030 confirmaberis.
695 2962 796 3043 Quod
816 2961 903 3025 caeli
922 2961 1072 3026 distincti
1092 2965 1161 3026 sint
1185 2965 1218 3026 in
1242 2965 1311 3027 duo
1329 2983 1449 3044 regna,

328 3058 481 3123 caeleste
494 3064 529 3119 et
546 3053 732 3136 spirituale,
748 3054 905 3117 videatur
922 3055 955 3116 in
973 3075 1076 3136 opere
1088 3053 1139 3116 De
1154 3053 1183 3119 C
1183 3054 1253 3118 uelo
1264 3065 1297 3119 et
1310 3054 1454 3136 Inferno

330 3149 377 3234 (n.
397 3147 537 3231 26-28):
563 3158 598 3211 et
618 3147 708 3230 quod
726 3148 919 3210 universum
938 3146 1070 3210 caelum
1087 3147 1281 3228 angelicum
1299 3147 1334 3211 in
1353 3165 1451 3211 com·

328 3243 434 3328 plexu
452 3241 575 3304 referat
595 3258 697 3302 unum
717 3239 891 3302 hominem
914 3237 962 3322 (n.
986 3240 1088 3320 59-87
1107 3237 1179 3322 ibi).

391 3333 489 3416 382.
521 3330 595 3415 (iv.)
630 3329 728 3410 Quod
742 3330 925 3394 r'ntellelius
942 3330 1197 3412 correspondeat
1202 3328 1363 3413 pulmoni,
1383 3329 1454 3394 hoc

328 3427 479 3511 sequitur
492 3447 537 3488 ex
550 3421 649 3489 dietis
663 3424 705 3486 de
719 3423 1025 3506 correspondentia
1036 3422 1226 3485 voluntatis
1239 3442 1314 3486 cum
1326 3422 1455 3502 corde·,

328 3529 409 3584 sunt
428 3519 519 3581 enim
542 3517 610 3580 duo
632 3537 719 3598 quae
739 3526 888 3596 regnant
919 3516 953 3577 in
981 3514 1150 3597 spirituali
1169 3513 1307 3578 homine
1329 3535 1389 3578 seu
1416 3515 1453 3578 in

330 3621 458 3683 mente,
479 3609 640 3671 voluntas
659 3617 695 3671 et
715 3605 932 3684 intelledtus;
957 3616 992 3670 et
1013 3617 1091 3669 sunt
1111 3605 1179 3668 duo
1198 3626 1284 3688 quae
1302 3615 1455 3688 regnant

328 3705 363 3768 in
380 3700 524 3765 naturali
540 3700 678 3764 homine
694 3720 754 3762 seu
772 3701 804 3762 in
823 3719 976 3781 corpore,
995 3718 1054 3762 cor
1070 3709 1106 3760 et
1125 3697 1262 3780 pulmo;
1286 3706 1322 3761 et
1338 3717 1449 3762 corre·

329 3793 537 3878 spondentia
555 3802 609 3854 est
633 3793 783 3855 omnium
804 3793 930 3854 mentis
955 3810 1030 3854 cum
1050 3789 1209 3853 omnibus
1229 3792 1392 3873 corporis,
1413 3799 1455 3854 ut

330 3909 431 3973 supra
451 3883 578 3950 did‘tum
598 3897 672 3950 est:
697 3887 776 3950 inde
793 3888 956 3968 sequitur,
974 3887 1053 3948 dum
1071 3883 1232 3948 voluntas
1249 3903 1454 3968 correspon-

330 3986 391 4049 det
421 3984 527 4059 cordi,
557 3978 756 4046 intellectus
788 3980 1058 4063 correspondeat
1090 3978 1252 4062 pulmoni.
1299 3976 1456 4064 Quisque

329 4083 435 4148 etiam
454 4079 543 4160 apud
563 4098 600 4142 se
619 4086 735 4161 potest
755 4077 1030 4140 animadvertere
1049 4074 1139 4157 quod
1159 4069 1357 4139 intelleetus
1376 4093 1455 4139 cor·

330 4176 541 4260 respondeat
570 4172 733 4258 pulmoni,
757 4181 830 4236 tam
860 4192 905 4235 ex
936 4169 1150 4252 cogitatione
1180 4188 1252 4246 sua,
1275 4187 1378 4252 quam
1407 4189 1455 4232 ex

330 4274 469 4359 loquela
488 4293 558 4337 sua.
602 4269 661 4334 Ex
676 4267 897 4353 cogitatione:
925 4286 993 4330 non
1017 4274 1138 4349 potest
1158 4265 1338 4349 quisquam
1357 4263 1453 4346 cogi·

331 4380 407 4434 tare
420 4370 483 4432 nisi
497 4366 705 4450 pulmonaris
719 4365 856 4448 spiritus
869 4370 1048 4426 concurrat
1061 4369 1098 4424 et
1114 4360 1302 4425 concordet
1317 4378 1326 4438 ;
1350 4378 1457 4442 quare

333 4484 410 4530 cum
430 4465 537 4528 tacite
557 4463 690 4544 cogitat
709 4461 815 4524 tacite
835 4459 990 4541 respirat,
1011 4456 1039 4520 si
1061 4454 1132 4519 alte
1153 4457 1287 4538 cogitat
1305 4452 1377 4520 alte
1400 4475 1455 4518 re·

333 4562 461 4642 spirat;
484 4559 628 4622 retrahit
645 4565 679 4620 et
695 4555 851 4628 remittit,
866 4553 1061 4635 comprimit
1077 4562 1113 4616 et
1130 4551 1243 4614 elevat
1257 4549 1456 4634 pulmonem

333 4655 521 4719 secundum
546 4653 805 4734 cogitationem.
832 4651 879 4712 ita
902 4649 1087 4712 secundum
1113 4646 1276 4708 influxum
1302 4643 1457 4708 affedlio-
