3268 5380
354 705 412 766 118
701 707 900 756 SAPIENTIA
927 710 1118 760 ANGELlCA

348 883 492 952 scendit,
511 881 715 944 clauduntur
734 880 858 962 gradus
877 881 1067 962 superiores
1087 881 1142 962 qui
1158 881 1306 944 tendunt
1323 883 1367 945 ad
1386 904 1462 946 cae·

349 973 427 1035 lum.
473 972 586 1038 Causa
601 985 665 1046 est,
687 974 763 1054 quia
782 973 815 1034 in
839 969 1012 1035 reaciione
1031 981 1120 1035 sunt.
1165 971 1251 1035 Tres
1269 973 1319 1035 illi
1339 975 1463 1055 gradus

347 1067 538 1146 superiores
558 1075 593 1128 et
610 1065 784 1128 inferiores
803 1083 872 1126 non
892 1065 1002 1146 aperti
1026 1073 1106 1126 sunt
1131 1083 1194 1126 nec
1219 1064 1324 1128 clausi
1348 1068 1382 1128 in
1400 1067 1460 1129 ho-

347 1159 438 1219 mine
461 1177 582 1220 recens
605 1167 712 1233 nato;
747 1167 800 1218 est
826 1156 917 1218 eninr
941 1166 1022 1218 tunc
1047 1157 1081 1218 in
1104 1157 1301 1238 ignorantia
1324 1158 1461 1222 boniet

345 1251 427 1322 veri,
440 1269 479 1312 ac
499 1250 578 1313 mali
598 1259 633 1312 et
652 1248 747 1324 salsi;
771 1248 831 1310 sed
844 1248 933 1309 sicut
951 1248 985 1311 in
1005 1247 1064 1310 illa
1082 1267 1118 1311 se
1136 1249 1256 1322 mittit,
1270 1249 1320 1311 ita
1337 1252 1464 1330 gradus

345 1344 541 1423 aperiuntur
564 1352 599 1404 et
622 1341 827 1403 clauduntur
844 1339 900 1403 vel
923 1339 967 1401 ab
990 1359 1056 1402 una
1079 1351 1177 1422 parte
1196 1339 1251 1404 vel
1273 1341 1318 1403 ab
1341 1341 1460 1405 altera.

346 1431 431 1495 Cum
455 1434 652 1515 aperiuntur
668 1452 782 1494 versus
806 1430 983 1504 infernum,
1003 1440 1083 1494 tunc
1107 1450 1303 1514 supremum
1327 1453 1388 1495 seu
1411 1435 1460 1496 in·

344 1525 465 1587 timum
496 1524 608 1587 locum
638 1525 778 1586 sortitur
801 1541 896 1586 arnor
918 1543 1068 1605 regnans
1089 1525 1145 1606 qui
1170 1534 1224 1588 est
1247 1524 1460 1602 voluntatis3

343 1616 491 1679 alterurn
515 1637 574 1678 seu
596 1616 744 1678 medium
769 1615 881 1678 locum
905 1617 1048 1678 sortitur
1070 1617 1240 1697 cogitatio
1262 1615 1351 1690 salsi,
1376 1637 1462 1698 quae

343 1705 539 1770 intellectus
563 1717 615 1770 est
635 1729 680 1768 ex
704 1706 763 1770 illo
786 1726 924 1784 amore3
956 1726 995 1769 ac
1015 1707 1166 1770 infimum
1188 1708 1300 1770 locum
1317 1709 1461 1772 sortitur

342 1800 541 1863 conclusum
557 1800 680 1862 amoris
697 1819 757 1880 per
773 1800 1034 1878 cogitationem,
1049 1820 1108 1862 seu
1124 1799 1315 1863 voluntatis
1334 1820 1395 1882 per
1409 1801 1459 1862 in·

342 1889 532 1954 telledtum.
577 1890 643 1953 Est
668 1892 772 1953 etiam
796 1890 905 1952 simile
928 1889 982 1953 hic
1006 1892 1093 1953 sicut
1117 1901 1172 1953 est
1197 1910 1273 1954 curn
1297 1892 1462 1972 gradibus

341 1983 544 2055 altitudinis,
563 1982 606 2043 de
625 1983 745 2063 quibus
761 1983 862 2062 prius,
882 1981 973 2062 quod
990 1984 1023 2045 in
1039 1983 1158 2045 ordine
1175 1984 1245 2045 sint
1264 1983 1352 2046 sicut
1373 1981 1459 2058 finis,

340 2093 453 2146 causa,
474 2084 509 2136 et
525 2071 672 2146 effectus,
690 2084 748 2136 aut
764 2075 851 2136 sicut
867 2073 941 2136 finis
960 2074 1095 2155 primus,
1112 2075 1245 2137 medius
1261 2085 1296 2137 et
1312 2075 1457 2137 ultimus.

340 2164 535 2228 Descensus
554 2165 673 2228 horum
697 2165 862 2246 graduum
885 2176 938 2228 est
958 2184 1075 2228 versus
1093 2184 1236 2247 corpus;
1259 2166 1338 2228 inde
1353 2165 1402 2228 illi
1424 2167 1456 2228 in

339 2257 507 2320 descensu
530 2266 758 2332 crassescunt,
778 2266 814 2319 et
838 2255 921 2320 liunt
942 2256 1139 2320 materiales
1157 2267 1194 2319 et
1215 2259 1379 2339 corporei.
1423 2256 1457 2321 Si

339 2370 420 2412 vera
438 2369 484 2413 ex
502 2349 620 2412 Verbo
640 2351 672 2411 in
691 2351 844 2412 secundo
859 2349 967 2430 gradu
986 2348 1030 2410 ad
1049 2349 1264 2411 formandum
1282 2348 1376 2412 illurn
1396 2352 1454 2412 ad·

341 2443 537 2514 sciscuntur,
562 2451 644 2503 tunc
668 2439 727 2503 illa
749 2461 833 2504 vera
854 2461 899 2504 ex
928 2441 1036 2522 primo
1059 2442 1177 2522 gradu,
1203 2441 1259 2522 qui
1283 2450 1337 2503 est
1362 2461 1458 2504 amor

339 2533 431 2606 mali,
452 2523 683 2606 falsificantur{
704 2551 744 2595 ac
764 2532 848 2594 fiunt
871 2531 1037 2595 famulitia
1056 2542 1091 2595 et
1107 2534 1301 2614 mancipia;
1326 2552 1371 2593 ex
1390 2551 1458 2614 quo

338 2634 496 2688 constare
515 2633 641 2705 potest,
659 2624 772 2705 qualia
790 2623 875 2687 fiunt
892 2645 971 2686 vera
990 2623 1155 2686 ecclesiae
1174 2645 1218 2704 erp
1234 2622 1352 2686 Verbo
1367 2624 1455 2705 apud

337 2714 415 2778 illos
428 2716 483 2796 qui
499 2716 532 2777 in
550 2735 667 2778 amore
682 2715 763 2779 mali
779 2725 869 2790 sunt,
884 2737 942 2778 seu
955 2735 1096 2797 quorum
1110 2735 1207 2778 mens
1224 2714 1391 2778 naturalis
1403 2723 1455 2778 est

338 2808 371 2869 in
382 2806 489 2868 forma
502 2806 666 2869 infernum
681 2828 688 2882 ;
706 2808 797 2889 quod
810 2809 888 2888 quia
900 2808 1086 2870 inserviunt
1098 2807 1237 2868 diabolo
1252 2828 1313 2888 pro
1324 2809 1456 2884 mediis,

339 2897 578 2979 profanentur;
603 2916 698 2961 arnor
717 2901 807 2962 enim
827 2898 906 2961 mali
929 2917 1078 2978 regnans
1100 2899 1133 2960 in
1158 2898 1305 2962 naturali
1325 2910 1452 2974 mente,

339 2999 496 3071 quaeest
515 2989 690 3064 infernum,
711 3001 765 3053 est
784 2988 970 3066 Diabolus;
988 2999 1025 3051 ut
1044 3009 1146 3071 supra
1164 2988 1376 3052 dictumest.

402 3092 495 3161 275.
527 3079 602 3162 (iii.)
630 3078 726 3156 Quod
740 3091 808 3144 tres
820 3081 956 3162 gradus
971 3081 1092 3143 mentis
1110 3081 1294 3155 naturalis,
1312 3091 1457 3163 quaeest

329 3171 447 3252 farma
462 3182 494 3234 et
511 3172 620 3254 imago
635 3171 770 3251 inferni,
787 3171 933 3252 appositi
944 3171 1013 3234 sint
1029 3171 1139 3234 tribus
1150 3170 1320 3252 gradibus
1336 3172 1453 3234 mentis

337 3263 539 3343 spiritualis,
553 3285 636 3344 quae
646 3263 817 3342 estfarma
829 3272 860 3325 et
870 3262 980 3343 imago
991 3261 1227 3343 caeli-Quod
1242 3274 1316 3326 tres
1328 3265 1455 3344 gradus

338 3358 462 3417 mentis
479 3357 557 3428 sint,
577 3356 632 3436 qui
652 3356 809 3417 dicuntur
826 3354 1001 3426 naturalis,
1019 3355 1203 3434 spiritualis
1222 3365 1258 3417 et
1280 3354 1451 3425 caelestis,

337 3457 373 3509 et
389 3448 479 3528 quod
497 3466 592 3509 mens
612 3447 760 3509 humana
777 3467 822 3508 ex
841 3446 907 3508 illis
923 3446 1084 3526 gradibus
1103 3447 1300 3508 consistens
1319 3443 1452 3527 spebiet

336 3558 453 3600 versus
477 3537 620 3610 caelum,
645 3549 681 3600 et
711 3535 955 3601 circumflectat
978 3558 1014 3599 se
1037 3537 1128 3610 illuc,
1149 3556 1250 3619 supra
1275 3546 1452 3599 ostensum

336 3639 409 3706 est;
434 3630 512 3691 inde
531 3631 636 3692 videri
654 3639 781 3710 potest,
800 3629 890 3709 quod
911 3648 1006 3690 mens
1026 3628 1200 3701 naturalis,
1219 3628 1300 3690 dum
1318 3626 1451 3707 spebiat

337 3721 506 3794 deorsum,
527 3730 562 3782 et
582 3742 618 3783 se
641 3717 875 3782 circumfledtit
895 3739 1012 3782 versus
1031 3719 1208 3789 infernum,
1229 3719 1389 3782 similiter
1406 3739 1451 3782 ex

336 3812 444 3874 tribus
460 3813 622 3893 gradibus
638 3812 817 3885 consistat,
836 3822 872 3874 et
889 3812 978 3892 quod
993 3812 1100 3893 quivis
1116 3813 1242 3892 gradus
1256 3810 1329 3891 ejus
1345 3831 1450 3893 oppo-

336 3904 423 3965 situs
448 3905 492 3965 sit
516 3904 634 3984 gradui
664 3903 790 3964 mentis
822 3923 909 3984 quae
934 3912 988 3965 est
1016 3902 1157 3965 caelum.
1203 3900 1305 3982 Quod
1336 3903 1385 3965 ita
1407 3902 1451 3964 sit

336 3996 448 4077 patuit
466 3995 546 4056 mihi
563 3995 741 4057 manifeste
757 4015 802 4055 ex
819 3993 884 4056 illis
901 4015 987 4075 quae
1000 3995 1072 4055 visa
1088 4004 1167 4056 sunt
1184 3995 1216 4056 in
1235 3995 1366 4056 mundo
1383 3994 1450 4074 spi·

335 4087 470 4164 rituali;
506 4107 592 4168 quae
616 4097 705 4157 sunt,
726 4087 816 4167 quod
841 4097 910 4149 tres
933 4085 1018 4148 caeli
1038 4086 1116 4157 sint,
1137 4095 1172 4148 et
1193 4085 1241 4147 illi
1261 4087 1450 4149 secundum

336 4189 406 4241 tres
423 4179 547 4260 gradus
571 4177 762 4240 altitudinis
782 4175 944 4248 distincti,
963 4186 998 4239 et
1017 4177 1106 4259 quod
1131 4178 1196 4239 tria
1218 4177 1350 4239 inferna
1369 4177 1448 4248 sint,

335 4289 374 4334 ac
394 4270 452 4333 illa
472 4270 656 4332 secundum
677 4281 747 4332 tres
770 4270 895 4350 gradus
918 4269 1109 4334 altitudinis
1128 4289 1185 4330 seu
1205 4267 1451 4350 profunditatis

335 4362 440 4426 etiarn
459 4359 639 4438 distincta;
664 4371 699 4424 et
718 4362 808 4442 quod
828 4361 957 4423 inierna
977 4360 1079 4423 caelis
1098 4362 1130 4422 in
1151 4360 1307 4422 omnibus
1323 4369 1361 4422 et
1381 4360 1449 4421 sin·

334 4453 423 4534 gulis
442 4455 600 4534 opposita
623 4455 706 4514 sint:
743 4463 814 4514 tum
834 4453 923 4534 quod
944 4453 1107 4514 infernum
1126 4453 1229 4513 imum
1248 4451 1450 4532 oppositum

335 4545 379 4605 sit
403 4544 499 4606 caelo
522 4564 689 4625 supremo,
711 4545 799 4624 quod
824 4544 988 4606 infernum
1013 4545 1159 4605 medium
1184 4543 1381 4623 oppositum
1405 4542 1449 4604 sit

335 4634 432 4696 caelo
459 4635 582 4704 medio,
607 4645 641 4697 et
668 4637 757 4716 quod
789 4636 952 4696 infernum
984 4654 1151 4696 summurn
1180 4635 1376 4714 oppositum
1405 4635 1449 4695 sit

334 4725 432 4788 caelo
458 4725 590 4787 ultimo.
643 4725 758 4788 Simile
789 4739 841 4788 est
871 4745 945 4787 curn
975 4734 1091 4786 mente
1118 4724 1275 4797 naturali,
1303 4743 1389 4804 quae
1415 4723 1451 4786 in
