3418 5370
292 619 359 704 296
647 634 853 688 SAPIENTIA
875 635 1072 689 ANGsucA

289 802 410 870 dentia
425 826 494 870 non
507 806 597 872 foret
615 805 749 872 caelum
768 828 832 872 nec
849 809 1018 873 infernum
1038 808 1103 873 nisi
1118 808 1297 874 confusum
1309 808 1419 893 quod·

289 903 380 969 darn.
426 900 529 985 Quod
564 905 669 968 cuivis
703 927 783 970 suus
814 904 910 970 locus
941 927 961 970 a
994 906 1146 971 Domino
1181 928 1228 971 ex
1261 908 1421 991 praeviso

289 1003 445 1085 provisus
462 1003 515 1077 sit,
534 1003 690 1067 videatur
712 1023 815 1086 supra
837 1002 885 1086 (n.
902 1020 975 1080 202,
994 1003 1084 1088 203).
1131 1015 1188 1080 [8.]
1221 1003 1299 1069 Hoc
1323 1005 1419 1071 illus·

289 1103 371 1165 trari
402 1111 520 1183 potest
550 1121 611 1184 per
639 1101 727 1165 hanc
756 1103 1071 1186 comparationem:
1106 1102 1134 1166 si
1161 1101 1334 1184 jaculator
1359 1113 1419 1168 aut

289 1199 517 1282 sclopetarius
535 1198 730 1264 collimaret
753 1201 796 1264 ad
821 1220 974 1284 scopum,
994 1209 1031 1265 et
1054 1221 1075 1265 a
1093 1221 1202 1283 scopo
1220 1211 1301 1285 post
1323 1201 1419 1265 illum

288 1298 471 1362 duceretur
487 1298 578 1362 linea
593 1296 688 1362 reita
703 1297 747 1362 ad
764 1298 918 1362 milliaris
934 1299 1151 1374 distantiam,
1165 1299 1194 1362 si
1212 1300 1245 1363 in
1262 1299 1418 1364 collima-

288 1397 383 1462 tione
402 1397 578 1461 aberraret
596 1417 710 1479 ungue
727 1395 850 1470 solum,
872 1396 979 1461 telum
996 1397 1052 1460 vel
1071 1396 1234 1479 globulus
1252 1398 1296 1461 ad
1316 1389 1418 1462 fi'nem

288 1495 443 1559 milliaris
465 1495 671 1559 immensum
694 1495 873 1558 recederet
892 1515 913 1557 a
932 1493 1023 1558 linea
1039 1504 1120 1578 post
1138 1514 1282 1578 scopum
1305 1494 1418 1561 dufta.

288 1591 342 1657 Ita
357 1592 457 1669 foret,
478 1592 542 1656 nisi
558 1591 727 1656 Dominus
742 1593 836 1656 omni
855 1602 1046 1670 momento,
1066 1593 1172 1657 immo
1188 1594 1419 1658 minutissimo

287 1688 462 1773 spectaret
479 1700 659 1755 aeternum
678 1691 712 1754 in
731 1689 966 1773 praevidendo
982 1699 1018 1754 et
1041 1691 1257 1774 providendo
1273 1690 1420 1774 cujusvis

287 1786 402 1852 locum
425 1797 506 1873 post
528 1798 697 1868 mortem3
728 1788 789 1852 sed
823 1786 888 1851 hoc
913 1787 951 1851 fit
975 1809 995 1851 a
1018 1788 1182 1865 Domino,
1206 1789 1286 1873 quia
1314 1809 1418 1856 omne

286 1885 436 1952 futurum
452 1897 506 1952 est
525 1887 595 1971 Ipsi
612 1906 785 1970 praesens,
799 1895 836 1950 et
852 1905 955 1950 omne
967 1907 1132 1968 praesens
1147 1897 1202 1952 est
1218 1888 1288 1970 Ipsi
1303 1897 1418 1954 aeter·

287 2004 380 2050 num.
425 1984 528 2069 Quod
542 1987 666 2050 Divina
680 1984 900 2049 Providentia
912 1985 946 2047 in
960 1986 1053 2048 omni
1065 1986 1158 2069 quod
1173 1985 1269 2063 facit,
1283 1983 1419 2070 spectet

286 2081 459 2149 infinitum
474 2104 513 2148 ac
530 2094 720 2158 aeternum,
738 2083 897 2146 videatur
912 2102 1015 2165 supra
1032 2081 1080 2165 (n.
1096 2083 1213 2165 46-69‚
1227 2100 1301 2165 214,
1317 2084 1418 2171 seq.).

351 2197 452 2266 334.
482 2181 616 2245 Dicitur
628 2181 734 2244 etiam
746 2181 838 2264 quod
852 2181 1007 2262 operatio
1017 2181 1163 2246 Divinae
1176 2181 1420 2250 Providentiae

287 2289 421 2363 perstet
449 2279 483 2343 in
518 2289 709 2354 aeternum,
733 2279 896 2362 quoniam
925 2278 1038 2342 omnis
1068 2279 1215 2360 angelus
1244 2279 1419 2363 perficitur

287 2379 459 2462 sapientia
494 2379 528 2441 in
565 2387 767 2456 aeternum;
799 2385 836 2442 at
870 2377 1012 2460 quisque
1046 2377 1235 2440 secundum
1271 2378 1417 2460 gradum

287 2473 477 2540 afiedlionis
495 2476 577 2540 boni
600 2485 636 2539 et
659 2476 741 2551 veri,
765 2476 799 2538 in
822 2495 891 2558 quo
913 2474 976 2538 luit
1003 2494 1081 2538 cunr
1103 2474 1212 2538 abivit
1235 2495 1254 2540 e
1276 2475 1417 2540 mundo.

289 2573 355 2638 Hic
369 2575 496 2656 gradus
509 2586 562 2639 est
575 2575 631 2659 qui
646 2573 680 2637 in
693 2583 872 2637 aeternum
888 2571 1082 2656 perficitur;
1106 2572 1199 2657 quod
1214 2573 1306 2638 ultra
1320 2573 1418 2638 illum

289 2673 435 2754 gradum
458 2682 523 2747 est,
540 2671 606 2735 hoc
630 2681 734 2735 extra
756 2670 919 2752 angelum
944 2679 1010 2746 est,
1034 2679 1071 2734 et
1094 2690 1164 2734 non
1187 2670 1278 2735 intra
1298 2669 1418 2751 illum;

289 2778 325 2834 et
342 2771 376 2832 id
396 2771 487 2852 quod
507 2779 610 2834 extra
627 2768 724 2833 illum
743 2778 810 2844 est,
831 2787 899 2832 non
919 2777 1040 2851 potest
1063 2767 1180 2850 perfici
1203 2769 1294 2832 intra
1311 2767 1419 2834 illurn.

290 2866 369 2931 Hoc
385 2866 590 2947 intelligitur
602 2886 663 2949 per
1427 2857 1429 2860 ’

341 3011 521 3061 “Mansuram
541 3013 650 3071 bonam,
669 3026 799 3075 pressam,
818 3012 946 3076 agitatam
965 3020 992 3060 et
1010 3010 1249 3074 superfluentem,'’
1278 3026 1329 3062 uae
1346 3011 1420 3062 dabl·

422 3087 464 3126 tur
476 3079 504 3127 in
516 3079 605 3127 sinum
618 3079 734 3138 illorum,
747 3079 792 3142 qui
807 3078 947 3128 remittunt
961 3085 988 3126 et
1001 3076 1068 3127 dant
1079 3077 1140 3127 aliis
1158 3076 1232 3140 (Luc.
1250 3079 1296 3128 vri.
1313 3087 1354 3139 37.
1362 3077 1420 3140 38);

288 3238 356 3308 hoc
380 3250 443 3316 est,
460 3241 516 3324 qui
538 3243 574 3305 in
593 3240 685 3305 bono
703 3241 885 3306 charitatis
901 3251 994 3305 sunt.

353 3352 454 3421 335.
485 3334 549 3419 (ii.)
583 3335 680 3415 Quod
690 3335 840 3418 operatio
850 3335 999 3400 Divinae
1015 3334 1257 3400 Providentiae
1272 3333 1422 3398 continue

292 3435 365 3522 fiat
374 3443 441 3516 per
453 3435 563 3498 media
577 3455 621 3497 ex
632 3445 725 3516 pura
740 3432 1118 3499 misericordia—Sunt
1140 3432 1255 3497 media
1269 3442 1307 3496 et
1325 3432 1420 3496 rnodi

291 3531 438 3598 Divinae
468 3531 717 3597 Providentiae.
763 3530 879 3594 Media
909 3540 1001 3606 sunt,
1025 3552 1071 3596 ex
1098 3529 1221 3613 quibus
1249 3528 1356 3593 homo
1381 3527 1420 3594 fit

236 3711 239 3720 Ι
290 3631 407 3706 homo,
421 3649 461 3694 ac
471 3629 645 3713 perficitur
657 3629 771 3712 quoad
783 3627 1000 3694 intelleiium
1008 3637 1044 3692 et
1056 3626 1170 3712 quoad
1180 3625 1399 3692 voluntatem
1413 3647 1420 3705 ;

291 3729 387 3792 modi
409 3737 502 3804 sunt,
520 3747 582 3811 per
603 3747 689 3810 quos
705 3726 766 3790 illa
777 3725 874 3790 fiunt.
920 3725 1037 3790 Media
1053 3745 1099 3790 ex
1118 3725 1240 3810 quibus
1257 3724 1364 3789 homo
1382 3723 1421 3788 fit

291 3826 408 3901 homo,
425 3844 466 3889 ac
485 3823 657 3909 perficitur
675 3824 789 3909 quoad
812 3820 1041 3900 intellectum,
1060 3823 1235 3888 communi
1253 3844 1340 3887 voce
1359 3842 1421 3885 vo·

292 3933 415 3988 cantur
437 3943 529 3999 vera,
553 3943 639 4006 quae
660 3919 747 3986 fiunt
769 3922 869 3987 ideae
891 3923 925 3986 in
948 3922 1178 4004 cogitatione,
1202 3929 1239 3986 et
1263 3921 1422 3985 dicuntur

291 4042 348 4088 res
377 4022 411 4086 in
441 4022 618 4097 memoria,
647 4030 685 4086 et
714 4021 747 4085 in
777 4041 815 4086 se
845 4028 927 4085 sunt
962 4020 1193 4103 cognitiones,
1227 4040 1274 4084 ex
1301 4018 1422 4102 quibus

292 4119 469 4184 scientiae.
514 4116 639 4183 Omnia
650 4117 710 4182 illa
722 4119 836 4182 media
847 4119 882 4182 in
895 4138 933 4182 se
945 4113 1104 4199 spectata
1115 4125 1197 4182 sunt
1209 4116 1421 4200 spiritualia;

292 4217 355 4284 sed
378 4217 458 4301 quia
479 4225 560 4280 sunt
586 4217 621 4280 in
644 4215 868 4292 naturalibus,
892 4235 938 4280 ex
961 4214 1098 4279 indusio
1120 4234 1182 4280 seu
1204 4215 1337 4279 vestitu
1359 4234 1422 4278 suo

292 4324 462 4398 apparent
491 4315 580 4379 sicut
606 4314 788 4390 naturalia,
824 4323 860 4378 et
887 4313 1057 4397 quaedam
1090 4313 1182 4378 sicut
1218 4311 1421 4376 materialia.

294 4411 411 4477 Media
429 4412 489 4476 illa
506 4411 639 4477 infinita
656 4420 737 4475 sunt
755 4429 910 4486 numero,
924 4430 964 4474 ac
981 4408 1115 4474 infinita
1132 4418 1215 4476 sunt
1227 4409 1420 4488 varietate;

294 4520 376 4576 sunt
399 4509 567 4592 simplicia
588 4519 624 4576 et
647 4510 842 4591 composita
860 4509 973 4573 rninus
995 4517 1032 4574 et
1050 4509 1173 4592 magis,
1191 4515 1230 4573 et
1253 4515 1335 4572 sunt
1357 4507 1421 4570 im·

295 4605 447 4695 perledta
465 4617 501 4673 et
516 4605 667 4691 perfetta
683 4607 794 4671 minus
809 4615 846 4672 et
861 4606 981 4690 magis.
1026 4603 1115 4672 Sunt
1136 4605 1251 4672 media
1272 4624 1336 4688 pro
1352 4602 1420 4669 ior·
