3418 5368
338 648 398 731 176
689 658 894 710 SAPIENTIA
916 659 1114 712 ANGELICA

334 855 415 900 vera
431 844 468 899 et
484 833 563 898 dein
576 833 754 911 recedant,
768 843 804 898 et
819 833 867 897 sic
884 832 968 898 fiant
984 834 1136 917 profani:
1161 841 1303 920 propter
1314 833 1465 900 eandem

335 949 475 995 causam
499 929 668 992 Dominus
687 929 822 993 locutus
846 939 900 994 est
919 951 980 1014 per
1002 929 1196 1014 parabolas,
1213 941 1251 994 ut
1276 929 1354 1013 Ipse
1377 931 1467 996 dicit

337 1024 477 1108 (Mattlr.
497 1025 569 1088 xiii.
591 1023 654 1110 13).
700 1022 802 1107 Quod
824 1025 964 1108 Jadaeis
988 1026 1199 1108 prohibitum
1222 1025 1321 1090 suerit
1344 1045 1465 1090 come·

334 1123 416 1186 dere
432 1121 681 1206 pinguedinem
696 1131 733 1184 et
749 1123 953 1204 sanguinem
972 1120 1091 1206 (Levt't.
1107 1123 1151 1186 iii.
1172 1137 1229 1206 17;
1252 1123 1308 1186 vii.
1325 1137 1378 1203 23,
1392 1120 1465 1207 25),

334 1215 552 1302 significabat
568 1237 611 1281 ne
624 1217 845 1299 profanarent
862 1215 992 1293 sandia,
1009 1223 1029 1250 “
1041 1215 1239 1302 pinguedo”
1249 1217 1340 1281 enim
1354 1217 1462 1298 signi·

334 1314 461 1378 ficabat
491 1313 654 1377 Divinum
677 1312 822 1390 Bonum,
847 1323 883 1378 et
907 1315 1076 1397 “sanguis
1087 1314 1101 1336 ’'
1129 1314 1291 1377 Divinum
1319 1311 1464 1376 Verum.

335 1409 438 1494 Quod
455 1409 564 1473 semel
581 1429 766 1473 conversus
781 1412 815 1472 in
832 1410 926 1474 bono
941 1421 977 1473 et
994 1431 1075 1473 vero
1094 1429 1335 1492 permansurus
1351 1408 1397 1472 sit
1416 1407 1464 1472 ad

334 1506 437 1570 finem
457 1507 562 1581 vitae,
579 1505 683 1569 docet
703 1504 871 1568 Dominus
888 1504 979 1590 apud
994 1504 1230 1569 Matthaeum:

383 1685 464 1744 Jesus
487 1685 562 1744 dixit,
584 1684 733 1749 “Quisquis
759 1684 974 1746 perseveraverit
996 1683 1032 1733 ed
1054 1685 1143 1744 tinem,
1167 1681 1337 1734 salvabitur”
1356 1679 1393 1746 (x.
1413 1692 1463 1744 ²²3

467 1753 566 1816 pariter
577 1751 665 1802 Marc.
678 1751 731 1800 xiii.
746 1753 793 1814 ¹³)-

397 1925 491 1995 ψ.
524 1912 598 1996 (iv.)
633 1911 730 1991 Quot
754 1911 826 1976 ideo
851 1911 1016 1976 Domtitus
1041 1932 1105 1975 non
1130 1911 1273 1977 interius
1299 1912 1466 1977 immittat

333 2010 496 2076 bominem
518 2011 553 2074 in
576 2031 658 2073 vera
680 2009 865 2091 sapientiae
885 2020 918 2073 et
940 2009 1044 2073 simul
1067 2010 1101 2073 in
1124 2008 1208 2072 bona
1230 2009 1368 2086 anrort's,
1392 2007 1468 2074 nisi

332 2115 494 2190 quantum
511 2105 606 2168 homo
624 2106 659 2168 t'n
677 2104 748 2168 illis
766 2114 878 2186 potest
892 2105 1002 2168 teneri
1016 2125 1119 2188 usque
1133 2104 1182 2168 ad
1194 2104 1302 2188 finem
1317 2105 1462 2168 vitae.-

332 2201 392 2266 Ad
412 2203 477 2266 hoc
498 2201 807 2266 demonstrandum
831 2200 992 2270 distindte
1014 2203 1304 2287 progrediendum
1327 2212 1393 2278 est,
1413 2223 1460 2268 ex

332 2299 421 2363 binis
451 2299 582 2376 causis;
617 2318 684 2362 una
709 2299 788 2381 quia
817 2297 964 2362 interest
992 2299 1096 2363 saluti
1125 2298 1319 2378 humanae;
1349 2297 1462 2364 altera

332 2396 410 2480 quia
428 2416 474 2460 ex
491 2396 691 2479 cognitione
709 2393 808 2476 hujus
824 2393 911 2476 legis
930 2395 1059 2477 pendet
1078 2397 1231 2478 cognitio
1249 2395 1365 2479 legum
1382 2416 1459 2478 per·

332 2492 515 2566 missionis,
547 2490 589 2555 de
622 2490 745 2575 quibus
775 2490 810 2553 in
843 2491 1001 2572 sequenti
1033 2490 1261 2573 paragrapho.
1307 2490 1461 2558 Interest

331 2587 423 2650 enim
439 2585 542 2650 saluti
557 2586 748 2663 humanae;
772 2604 863 2660 nam,
877 2597 915 2649 ut
932 2587 1022 2667 prius
1038 2581 1167 2650 didium
1182 2596 1248 2661 est,
1262 2586 1318 2669 qui
1335 2583 1461 2650 Divina

332 2682 441 2748 Verbi
456 2694 492 2749 et
508 2685 588 2749 inde
604 2681 773 2748 ecclesiae
790 2682 935 2770 primum
951 2682 1122 2763 agnoscit,
1140 2691 1176 2746 et
1193 2691 1317 2763 postea
1331 2681 1376 2744 ab
1390 2680 1461 2744 illis

331 2780 473 2856 recedit,
490 2778 611 2846 sandta
633 2782 834 2864 gravissime
850 2780 1019 2863 profanat.
1058 2778 1110 2846 Ut
1131 2781 1248 2863 itaque
1272 2779 1339 2843 hoc
1360 2800 1463 2844 arca·-

332 2895 412 2940 num
429 2876 574 2941 Divinae
591 2876 831 2941 Providentiae
845 2877 1042 2958 detegatur,
1056 2896 1162 2960 usque
1178 2886 1216 2940 ut
1231 2875 1337 2940 homo
1352 2875 1458 2940 ratio·

332 2971 418 3034 nalis
438 2973 471 3035 in
490 2992 551 3036 sua
570 2972 647 3037 luce
669 2972 704 3036 id
723 2972 839 3037 videre
863 2973 986 3055 possit,
1007 2970 1237 3038 evolvendum
1256 2981 1312 3035 est
1335 2971 1368 3034 in
1392 2970 1459 3035 hac

331 3067 418 3131 serie
431 3065 548 3151 2—(1.)
581 3065 684 3150 Quod
704 3069 738 3131 in
755 3068 975 3133 interioribus
991 3068 1081 3151 apud
1101 3067 1275 3132 hominem
1293 3086 1361 3131 non
1378 3087 1458 3149 pos·

331 3164 376 3226 sit
396 3163 525 3228 malum
544 3173 579 3228 et
597 3163 698 3229 simui
720 3164 849 3228 bonurn
873 3182 960 3240 esse,
980 3162 1060 3227 inde
1083 3182 1146 3227 nec
1170 3161 1292 3226 salsum
1316 3160 1399 3225 mali
1421 3172 1460 3228 et

331 3259 433 3324 simul
463 3279 581 3325 verum
610 3261 703 3325 boni.
756 3258 818 3342 (2.)
854 3257 956 3342 Quod
989 3279 1009 3323 a
1043 3258 1194 3323 Domino
1227 3259 1261 3322 in
1294 3259 1459 3326 interiora

331 3355 480 3420 hominis
513 3377 581 3421 non
609 3356 720 3440 possit
749 3354 861 3419 inferri
893 3356 1021 3419 bonum
1054 3374 1094 3419 ac
1125 3371 1242 3418 verum
1271 3355 1365 3430 boni,
1395 3354 1460 3420 nisi

331 3461 498 3534 quantum
518 3453 563 3517 ibi
581 3463 753 3517 remotum
773 3462 827 3516 est
847 3450 975 3515 malum
998 3470 1038 3515 ac
1057 3449 1180 3532 salsum
1197 3450 1287 3516 mali.
1335 3449 1397 3535 (3.)
1422 3449 1458 3516 Si

247 3565 248 3568 ’
330 3556 459 3620 bonum
489 3575 566 3621 cum
596 3577 658 3621 suo
681 3577 764 3622 vero
787 3557 833 3621 ibi
855 3555 1037 3621 inferretur
1060 3553 1151 3636 prius
1173 3563 1233 3619 aut
1254 3553 1330 3636 plus
1353 3572 1457 3636 quam

331 3662 500 3716 remotum
532 3662 586 3717 est
618 3653 746 3717 malum
777 3672 853 3716 cum
881 3673 943 3715 suo
972 3648 1070 3727 falso,
1098 3649 1204 3713 homo
1230 3650 1410 3714 recederet
1437 3671 1459 3714 a

330 3748 434 3822 bono,
456 3768 494 3812 ac
514 3748 640 3813 rediret
664 3750 708 3812 ad
731 3767 828 3812 suum
849 3745 986 3811 malum.
1035 3744 1096 3828 (4.)
1129 3742 1232 3826 Quod
1251 3765 1328 3809 cum
1350 3744 1458 3809 homo

330 3845 363 3908 in
384 3844 477 3908 malo
495 3855 561 3919 est,
581 3841 774 3910 intelledtui
796 3842 867 3925 ejus
891 3842 1025 3926 possint
1044 3839 1157 3905 inferri
1179 3841 1289 3905 multa
1307 3861 1399 3914 vera,
1420 3850 1458 3907 et

329 3939 416 4003 haec
429 3940 464 4003 in
477 3941 642 4006 memoria
654 3939 804 4013 recondi,
818 3950 855 4003 et
870 3949 990 4003 tamen
1003 3957 1071 4001 non
1085 3936 1265 4020 profanari.
1305 3935 1366 4019 (5.)
1387 3934 1457 4000 Sed

330 4034 421 4120 quod
452 4035 620 4100 Dominus
650 4057 711 4119 per
743 4033 904 4100 Divinam
937 4052 1034 4097 suam
1064 4031 1319 4097 Providentiam
1353 4049 1457 4114 quam

330 4131 483 4196 maxime
501 4132 699 4216 prospiciat,
720 4152 763 4195 ne
786 4130 876 4214 prius
896 4139 932 4193 et
955 4127 1031 4212 plus
1054 4128 1135 4193 inde
1153 4129 1337 4210 recipiatur
1355 4148 1375 4190 a
1393 4147 1455 4190 vo·

329 4225 478 4302 luntate,
499 4247 601 4310 quam
624 4237 790 4310 quantum
808 4225 914 4290 homo
936 4224 1025 4288 sicut
1047 4245 1069 4286 a
1090 4244 1128 4288 se
1150 4232 1305 4287 removet
1328 4221 1457 4286 malum

329 4322 364 4386 in
395 4333 545 4406 externo
574 4323 723 4387 homine.
775 4320 836 4404 (6.)
872 4319 974 4403 Quod
1005 4320 1033 4384 si
1064 4321 1156 4401 prius
1186 4330 1222 4383 et
1253 4318 1340 4401 plus,
1372 4325 1455 4382 tunc

329 4416 492 4484 voluntas
515 4419 727 4483 adulteraret
749 4419 889 4490 bonum,
907 4428 943 4482 et
962 4413 1159 4481 intelledtus
1182 4414 1377 4479 falsificaret
1395 4434 1455 4477 ve·

330 4533 415 4587 rum,
429 4515 689 4578 commiscendo
701 4513 762 4578 itta
775 4531 851 4577 cum
866 4513 964 4576 malis
977 4524 1013 4577 et
1029 4531 1107 4576 cum
1124 4511 1228 4574 salsis.
1266 4507 1327 4593 (7.)
1352 4506 1456 4591 Quod

329 4607 410 4671 ideo
440 4609 608 4692 Dominus
635 4629 704 4673 non
734 4609 876 4674 interius
907 4609 1074 4672 immittat
1103 4606 1279 4670 hominem
1309 4605 1342 4669 in
1373 4625 1457 4668 vera
