3268 5380
408 714 457 764 DE
481 713 614 765 DIVINO
636 714 780 778 AMORE,
802 715 895 766 PARS
918 714 1049 766 1v.-N.
1070 719 1141 783 344.
1278 715 1334 786 151

218 885 299 948 mali
328 893 418 958 sunt,
438 883 487 947 ita
513 893 592 947 sunt
622 884 787 967 contigua
814 886 923 949 terris.
970 885 1085 950 Homo
1108 887 1197 950 enim
1220 883 1333 971 quoad

219 999 296 1041 suas
315 975 513 1042 affediiones
532 989 567 1042 et
584 980 803 1060 cupiditates
821 989 856 1044 et
875 981 954 1044 inde
973 981 1214 1063 cogitationes,
1232 992 1268 1046 et
1287 1001 1334 1048 ex

219 1073 271 1135 his
294 1083 329 1136 et
353 1071 419 1135 illis
437 1074 550 1155 quoad
567 1094 646 1137 suos
665 1071 770 1152 aetus,
789 1076 844 1157 qui
863 1086 941 1138 sunt
962 1075 1042 1139 boni
1064 1085 1123 1139 aut
1144 1075 1223 1140 mali
1243 1097 1333 1155 usus,

219 1177 272 1232 est
291 1167 346 1230 vel
368 1169 401 1230 in
426 1169 540 1231 medio
557 1170 757 1251 angelorum
773 1169 870 1244 caeli,
891 1168 946 1232 vel
970 1171 1002 1233 in
1023 1171 1137 1234 medio
1156 1172 1334 1252 spirituum
1397 1239 1402 1248 ,

218 1263 359 1340 inierni;
386 1273 421 1326 et
444 1264 522 1345 quia
545 1262 628 1325 talia
646 1284 732 1347 quae
751 1285 851 1346 super
873 1266 971 1328 terris
990 1267 1094 1328 etiam
1118 1266 1152 1329 in
1174 1265 1278 1330 caelis
1298 1275 1336 1332 et

219 1357 354 1420 infernis
368 1368 459 1432 sunt,
474 1360 625 1440 sequitur
637 1358 728 1440 quod
744 1359 890 1422 influxus
904 1360 982 1423 inde
999 1361 1195 1424 immediate
1208 1361 1333 1443 produ·

219 1462 275 1514 cat
299 1453 392 1527 talia,
414 1453 550 1535 quando
573 1454 756 1536 temperies
779 1454 942 1536 adspirat.
988 1453 1074 1519 Sunt
1097 1455 1188 1519 enim
1207 1457 1331 1534 omnia,

219 1567 304 1630 quae
327 1548 359 1610 in
385 1549 512 1611 mundo
534 1549 711 1630 spirituali,
737 1559 808 1612 tam
833 1551 864 1611 in
889 1549 985 1612 caelo
1008 1570 1108 1633 quam
1132 1552 1165 1614 in
1189 1552 1331 1630 inferno,

218 1653 397 1723 apparent,
425 1645 750 1725 correspondentiae
782 1642 997 1708 affectionum
1028 1655 1063 1708 et
1094 1647 1331 1729 cupiditatum,

219 1755 298 1799 nam
322 1738 367 1800 ibi
392 1739 579 1801 secundum
600 1738 676 1800 illas
695 1740 861 1802 existunt.
904 1737 1017 1820 Quare
1041 1760 1118 1803 cum
1137 1739 1333 1806 affectiones

219 1852 257 1894 ac
275 1833 490 1914 cupiditates
504 1854 589 1916 quae
605 1833 638 1895 in
655 1854 692 1896 se
712 1833 906 1914 spirituales
919 1843 1007 1908 sunt,
1020 1833 1196 1898 offendunt
1212 1837 1332 1900 homo·

218 1946 329 2008 genea
347 1948 405 1989 seu
425 1929 726 2010 correspondentia
751 1929 784 1990 in
805 1930 913 2002 terris,
931 1928 1030 1992 adest
1050 1931 1226 2011 spirituale
1243 1932 1333 2014 quod

218 2022 279 2085 dat
307 2025 467 2094 animam,
492 2033 527 2086 et
550 2023 727 2087 materiale
747 2024 837 2105 quod
862 2024 921 2086 dat
945 2044 1086 2106 corpus:
1117 2027 1208 2089 inest
1228 2028 1331 2089 etiam

218 2119 312 2180 omni
324 2117 491 2199 spirituali
507 2130 650 2181 conatus
663 2118 825 2181 induendi
838 2138 874 2180 se
887 2138 1039 2201 corpore.
1086 2118 1187 2201 Quod
1205 2121 1332 2184 inserna

219 2213 287 2276 sint
315 2215 440 2276 circum
466 2213 652 2286 hominem,
673 2222 709 2275 et
740 2213 819 2275 inde
849 2214 1013 2296 contigua
1040 2216 1150 2288 terris,
1171 2225 1224 2278 est
1255 2216 1333 2297 quia

218 2309 362 2371 mundus
381 2306 565 2388 spiritualis
585 2327 654 2370 non
674 2316 728 2370 est
755 2308 788 2370 in
819 2308 943 2390 spatio,
964 2308 1024 2370 sed
1044 2318 1097 2372 est
1121 2309 1176 2372 ubi
1199 2307 1332 2374 affectio

217 2402 500 2484 correspondens.

280 2513 380 2582 344.
413 2497 540 2561 Audivi
565 2498 664 2561 binos
687 2496 860 2578 praesides
888 2496 1072 2562 Societatis
1103 2497 1331 2579 Anglicanae,

218 2591 268 2657 Sr.
289 2590 414 2656 Sloan*
433 2602 469 2657 et
488 2591 537 2656 Sr.
558 2591 675 2662 Fock†
697 2593 730 2654 in
755 2591 883 2656 mundo
906 2592 1071 2674 spirituali
1094 2593 1183 2657 inter
1202 2613 1237 2656 se
1261 2593 1331 2656 col·

217 2687 399 2770 loquentes
422 2688 464 2750 de
488 2688 677 2750 existentia
693 2689 860 2750 seminum
880 2697 914 2749 et
943 2706 1094 2763 ovorum,
1116 2696 1152 2750 et
1183 2689 1226 2752 de
1253 2709 1331 2771 pro·

218 2779 433 2846 dudilonibus
449 2803 493 2845 ex
509 2782 587 2855 illis,
601 2783 635 2845 in
652 2783 760 2845 terris.
806 2781 898 2843 Prior
910 2780 1090 2861 adscripsit
1107 2781 1165 2844 illa
1178 2791 1330 2858 naturae,

218 2887 255 2940 et
277 2875 396 2959 [dixit]
416 2878 507 2960 quod
524 2877 572 2940 illi
596 2897 615 2940 a
646 2877 820 2940 creatione
839 2877 948 2938 indita
967 2877 1011 2938 sit
1031 2878 1189 2956 potentia
1216 2887 1251 2940 et
1281 2879 1332 2945 vis

218 2973 332 3036 medio
358 2971 439 3035 solis
462 2971 577 3036 calore
606 2971 817 3054 producendi
844 2970 935 3033 talia.
980 2970 1083 3035 Alter
1110 2973 1211 3046 dixit,
1240 2973 1330 3054 quod

217 3067 278 3131 illa
295 3069 345 3129 vis
360 3069 524 3131 continua
539 3067 582 3130 sit
599 3087 619 3128 a
635 3066 711 3129 Deo
728 3065 891 3130 Creatore
910 3067 943 3127 in
964 3075 1109 3128 natura..
1144 3065 1193 3130 Ut
1213 3067 1253 3129 lis
1274 3067 1333 3130 illa

217 3163 440 3236 dirimeretur,
460 3163 532 3224 visa
562 3171 616 3224 est
647 3159 697 3225 Sr.
721 3159 825 3224 Sloan
849 3161 921 3223 avis
945 3160 1105 3240 pulchra;
1139 3170 1175 3223 et
1204 3159 1331 3224 dictum

218 3256 266 3321 illi
286 3266 351 3330 est,
371 3266 408 3319 ut
428 3258 588 3320 lustraret
608 3256 713 3328 illam,
734 3275 813 3318 num
836 3258 869 3319 in
888 3256 1002 3336 aliquo
1025 3256 1165 3319 minimo
1185 3255 1331 3319 differret

218 3351 360 3415 asimili
384 3372 446 3416 ave
477 3353 645 3414 interra:
681 3351 823 3414 tenebat
847 3351 940 3413 illam
964 3369 1076 3424 manu,
1098 3348 1277 3423 lustrabat,
1296 3360 1331 3413 et
1383 3414 1387 3422 ,

219 3448 307 3511 dixit
331 3448 420 3529 quod
452 3466 518 3510 non
544 3455 635 3509 esset
659 3446 859 3522 discrimen;
884 3445 1014 3507 sciebat
1038 3445 1128 3506 enim
1152 3445 1242 3526 quod
1274 3444 1332 3507 illa

218 3563 285 3606 non
305 3553 396 3605 esset
415 3542 506 3605 aliud
526 3561 627 3624 quarn
647 3538 779 3603 affe6tio
796 3540 968 3620 cujusdam
986 3539 1098 3620 angeli
1118 3551 1218 3602 extra
1236 3539 1329 3602 illum

219 3647 479 3718 repraesentata
498 3638 584 3699 sicut
604 3637 686 3708 avis,
707 3645 742 3697 et
762 3634 851 3716 quod
876 3642 1098 3696 evanesceret
1118 3654 1177 3696 seu
1197 3635 1330 3696 desine·

217 3742 270 3796 ret
290 3752 365 3795 cum
385 3730 562 3795 affectione
578 3730 658 3811 ejus,
677 3729 766 3812 quod
787 3730 891 3791 etiam
908 3725 1032 3791 latium
1050 3738 1113 3791 est.
1159 3727 1208 3792 Sr.
1226 3727 1329 3792 Sloan

217 3847 262 3890 ex
285 3826 349 3890 hac
369 3821 582 3909 experientia
600 3821 778 3888 convidlus
795 3835 859 3896 est,
880 3824 970 3906 quod
991 3833 1114 3887 natura
1132 3823 1215 3886 nihil
1236 3842 1329 3904 pror-

217 3943 274 3985 sus
293 3921 461 3984 conferret
481 3923 524 3984 ad
544 3917 785 4002 produdtiones
801 3919 1046 4000 vegetabilium
1066 3927 1102 3981 et
1121 3918 1327 3993 animalium,

216 4017 277 4080 sed
293 4016 402 4079 solum
421 4015 453 4078 id
473 4015 562 4098 quo‘d
581 4035 600 4077 e
619 4013 786 4096 spirituali
805 4014 933 4075 mundo
949 4013 1056 4075 influit
1075 4014 1108 4076 in
1129 4012 1329 4074 naturalem.

217 4111 327 4186 Dixit,
348 4113 375 4174 si
404 4111 462 4174 illa
485 4111 556 4172 avis
583 4111 616 4172 in
647 4109 794 4171 minimis
813 4110 881 4170 suis
912 4108 999 4171 soret
1018 4107 1159 4188 impleta
1179 4107 1330 4169 materiis

217 4207 561 4290 correspondentibus
577 4226 622 4269 ex
638 4203 772 4279 tellure,
791 4214 826 4266 et
845 4204 892 4266 sic
912 4203 1031 4278 srxata,
1049 4203 1138 4284 quod
1155 4201 1241 4264 soret
1259 4204 1330 4265 avis

216 4303 413 4384 perdurans,
427 4304 514 4364 sicut
528 4311 606 4365 sunt
618 4320 699 4362 aves
715 4299 749 4362 in
766 4299 863 4363 terris
878 4319 886 4376 ;
910 4307 945 4361 et
962 4299 1050 4380 quod
1065 4296 1175 4359 simile
1192 4297 1236 4358 sit
1253 4315 1328 4358 cum

215 4398 282 4462 illis
299 4413 383 4480 quae
400 4399 443 4461 ab
458 4397 587 4460 inferno
602 4404 691 4459 sunt.
736 4393 882 4458 Addidit
899 4393 1055 4466 dicendo,
1067 4393 1157 4474 quod
1174 4393 1200 4455 si
1217 4392 1329 4453 novis-

216 4503 271 4558 set
294 4495 352 4556 illa
381 4512 467 4576 quae
491 4511 578 4554 nunc
603 4491 698 4554 novit
729 4489 771 4552 de
799 4489 927 4552 mundo
957 4487 1131 4569 spirituali,
1157 4506 1223 4548 non
1256 4485 1330 4566 plus

347 4692 361 4720 ⁰
372 4693 410 4740 Sir
421 4694 491 4738 Hans
501 4692 679 4740 bionna-Ed.
897 4687 1013 4733 iMrutin
1025 4687 1199 4734 Polites-Ed.
