3424 5368
326 697 385 762 132
672 697 878 750 SAPIENTIA
902 701 1103 753 ANGELICA

320 878 360 934 et
383 889 527 934 occasus
546 870 629 935 solis
651 882 688 935 et
711 873 791 937 inde
810 871 943 941 calores
966 883 1003 940 et
1026 875 1121 942 luces
1143 893 1262 945 essent
1286 895 1452 950 constan·

322 975 387 1029 tes.
436 965 648 1032 Harmoniae
659 978 740 1032 sunt
756 969 910 1035 infinitae
925 975 1117 1051 varietatis,
1131 976 1191 1039 sed
1208 997 1277 1042 non
1290 979 1453 1045 darentur

322 1063 387 1126 nisi
410 1064 677 1146 atmosphaerae
701 1067 734 1129 in
760 1067 828 1130 suis
847 1067 992 1150 legibus,
1012 1079 1048 1132 et
1071 1091 1170 1134 aures
1194 1073 1227 1136 in
1251 1094 1312 1138 sua
1330 1076 1451 1154 forma,

321 1170 439 1223 essent
459 1171 673 1226 constantes.
718 1161 918 1226 Varietates
937 1167 1040 1240 visus,
1062 1187 1149 1248 quac
1167 1169 1273 1233 etiam
1295 1182 1375 1235 sunt
1399 1175 1450 1236 in-

322 1255 452 1332 finitae,
470 1276 539 1321 non
556 1257 732 1334 darentur,
750 1260 813 1321 nisi
833 1260 955 1324 aether
972 1261 1006 1324 in
1026 1263 1095 1324 suis
1112 1261 1259 1346 legibus,
1276 1276 1314 1330 et
1331 1268 1452 1331 oculus

322 1353 357 1416 in
381 1373 442 1416 sua
465 1353 583 1430 forma,
603 1365 810 1419 constantes
829 1365 965 1434 essent3
996 1358 1124 1438 pariter
1142 1359 1287 1437 colores,
1308 1363 1371 1426 nisi
1390 1363 1449 1427 lux

322 1461 417 1512 esset
447 1461 623 1514 constans.
671 1448 789 1515 Simile
817 1463 872 1514 est
896 1471 972 1515 cum
997 1454 1281 1535 cogitationibus,
1306 1456 1452 1540 loquelis

321 1553 357 1608 ct
373 1543 575 1622 adlionibus,
589 1567 675 1630 quae
692 1548 796 1610 etiam
814 1545 966 1610 infinitae
983 1551 1162 1612 varietatis
1179 1561 1271 1626 sunt,
1281 1572 1369 1635 quae
1385 1575 1448 1618 nec

322 1640 488 1705 darentur
504 1643 567 1706 nisi
582 1643 747 1724 organica
762 1643 915 1724 corporis
932 1654 1049 1707 essent
1068 1647 1277 1710 constantia.
1325 1646 1450 1713 Nonne

321 1737 447 1800 domus
463 1739 528 1802 erit
544 1747 718 1813 constans,
731 1746 767 1801 ut
782 1739 876 1801 varia
892 1739 974 1801 inibi
990 1739 1034 1802 ab
1050 1739 1190 1804 homine
1206 1739 1275 1804 fieri
1291 1745 1450 1825 possint?

317 1830 488 1896 Similiter
503 1833 683 1915 templum,
701 1843 738 1897 ut
755 1833 835 1896 inibi
854 1833 937 1896 varii
954 1833 1077 1908 cultus,
1095 1855 1283 1912 sermones,
1301 1839 1450 1902 instruc·

314 1929 446 2002 tiones,
467 1937 502 1992 ct
524 1929 667 2011 pietatis
689 1929 947 2002 meditationes,
967 1931 1121 1994 existere
1141 1931 1298 2014 possint?
1342 1933 1397 1997 lta
1414 1936 1449 1998 in

312 2025 471 2106 reliquis.
517 2031 574 2091 [3.]
607 2022 709 2106 Quod
729 2025 820 2105 ipsas
839 2025 1028 2088 varietates
1046 2027 1186 2101 attinet,
1207 2028 1344 2109 quaein
1365 2048 1449 2092 con·

311 2120 505 2194 :stantibus
525 2121 626 2182 statis
649 2129 686 2185 et
709 2121 814 2183 certis
836 2119 934 2192 fiunt,
955 2118 1035 2182 illae
1053 2121 1184 2184 vadunt
1207 2123 1242 2184 in
1266 2121 1447 2198 infinitum,

312 2225 358 2281 ‘et
377 2235 444 2279 non
464 2213 565 2278 finem
586 2214 728 2291 habent,
749 2227 784 2278 et
809 2226 926 2278 tamen
952 2235 1118 2298 nusquam
1142 2216 1244 2280 datur
1265 2237 1333 2280 una
1353 2239 1448 2301 pror·

322 2333 379 2375 sus
398 2311 519 2374 eadem
536 2329 613 2374 cum
629 2311 742 2374 altera
760 2311 792 2372 in
813 2311 960 2374 universi
976 2311 1134 2373 omnibus
1153 2320 1189 2375 et
1209 2311 1363 2394 singulis,
1384 2333 1447 2379 nec

321 2409 395 2472 dari
421 2416 539 2490 potest
570 2409 602 2470 in
626 2406 828 2470 successivis
853 2405 887 2468 in
914 2417 1104 2469 aeternum.
1151 2403 1237 2488 Quis
1259 2409 1449 2473 varietates

318 2503 399 2567 illas
422 2505 455 2566 in
479 2501 647 2567 infinitum
672 2502 768 2565 acin
799 2511 977 2564 aeternum
1005 2501 1269 2584 progredientes
1294 2503 1447 2586 disponit

319 2609 360 2664 ut
378 2601 410 2663 in
431 2600 551 2664 ordine
575 2599 653 2672 sint,
674 2599 738 2662 nisi
761 2599 817 2680 qui
840 2597 971 2660 creavit
995 2598 1203 2672 constantia,
1224 2599 1269 2661 ob
1288 2597 1389 2664 finem
1410 2611 1447 2665 ut

316 2697 356 2759 ‘in
394 2694 459 2758 illis
493 2693 710 2757 existerent?
755 2692 803 2756 Et
832 2693 907 2775 quis
936 2701 1055 2775 potest
1085 2693 1269 2774 disponere
1299 2693 1447 2759 infinitas

322 2791 510 2854 varietates
533 2791 626 2860 vitae
658 2789 747 2872 apud
778 2789 946 2864 homines,
972 2807 1073 2872 quam
1098 2790 1154 2871 qui
1177 2798 1231 2852 est
1253 2790 1327 2871 ipsa
1349 2789 1445 2866 Vita,

315 2886 387 2950 thoe
425 2894 490 2960 est,
517 2887 591 2968 ipse
618 2885 728 2949 Amor
760 2895 796 2949 et
832 2885 907 2966 ipsa
945 2883 1144 2967 Sapientia?
1191 2883 1282 2947 Num
1316 2886 1447 2969 absque

316 2981 448 3045 Divina
466 2979 576 3064 Ipsius
593 2979 824 3054 Providentia,
841 3001 928 3063 quae
947 2981 992 3043 sit
1012 2981 1100 3043 sicut
1120 2980 1284 3043 continua
1303 2981 1445 3056 creatio,

316 3077 475 3143 infinitae
494 3074 690 3141 affettiones
713 3087 749 3141 et
773 3076 853 3140 inde
876 3077 1107 3158 cogitationes
1130 3075 1319 3151 hominum,
1338 3084 1374 3140 et
1397 3077 1445 3141 sic

317 3173 384 3256 ipsi
403 3173 570 3248 homines,
592 3171 724 3254 possint
748 3171 883 3253 disponi
907 3179 944 3235 ut
969 3189 1071 3233 unum
1095 3169 1223 3233 saciant
1237 3167 1444 3234 ?-affcctio·

322 3289 383 3334 nes
411 3277 447 3332 et
471 3267 551 3332 inde
577 3268 811 3349 cogitationes
834 3264 947 3329 malae
973 3283 1076 3328 unum
1104 3263 1278 3328 diabolum
1305 3265 1362 3348 qui
1390 3274 1445 3330 est

321 3365 500 3438 infernum,
520 3383 559 3427 ac
582 3361 781 3428 atsettiones
800 3370 836 3425 et
859 3361 938 3424 inde
958 3360 1192 3443 cogitationes
1211 3359 1323 3424 bonae
1342 3379 1444 3424 unum

320 3459 507 3525 Dominum
538 3461 571 3522 in
606 3457 729 3522 caelo?
785 3451 888 3538 Quod
918 3456 1112 3519 universum
1146 3453 1281 3517 caelum
1311 3454 1443 3538 angeli·

317 3576 397 3621 cum
415 3557 459 3620 sit
475 3556 509 3618 in
530 3549 718 3635 conspeEtu
737 3552 876 3616 Domini
893 3551 981 3615 sicut
1001 3569 1086 3613 unus
1104 3548 1236 3624 Homo,
1253 3549 1309 3632 qui
1328 3550 1444 3632 imago

316 3663 357 3718 et
382 3651 572 3716 similitudo
599 3650 720 3733 Ipsius,
744 3656 781 3712 et
808 3647 899 3731 quod
928 3646 1120 3710 universum
1145 3644 1313 3709 infernum
1340 3647 1384 3709 sit
1408 3645 1443 3710 in

316 3749 484 3834 opposito
523 3749 611 3812 sicut
645 3767 731 3812 unus
765 3742 871 3807 homo
905 3751 1108 3814 monstrum,
1140 3739 1323 3823 aliquoties
1353 3741 1443 3822 prius

315 3843 449 3911 dictum
476 3855 512 3911 et
545 3854 722 3909 ostensum
753 3849 816 3904 est.
862 3837 959 3902 Haec
991 3833 1200 3908 dictasunt,
1232 3835 1311 3918 quia
1340 3834 1443 3919 aliqui

317 3942 496 4009 naturales
514 3941 672 4006 homines
695 3936 798 4002 etiam
822 3955 867 3999 ex
892 3931 1133 3998 constantibus
1159 3940 1195 3995 et
1222 3930 1336 4007 statis,
1356 3952 1443 4015 quae

314 4048 401 4106 sunt
419 4039 646 4104 necessitates
670 4040 812 4118 propter
830 4028 933 4094 finem
952 4037 989 4092 ut
1008 4027 1103 4091 varia
1126 4026 1160 4089 in
1185 4024 1253 4090 illis
1273 4026 1441 4102 existant,

313 4143 525 4218 argumenta
543 4129 652 4198 delirii
676 4127 727 4193 sui
747 4147 810 4214 pro
828 4134 950 4190 natura
968 4131 1004 4189 et
1023 4143 1084 4207 pro
1103 4120 1242 4205 propria
1260 4119 1445 4206 prudentia

313 4239 474 4320 captant.
