3410 5382
484 661 535 712 ne
558 657 696 712 mvmn
721 655 1076 712 anovmsnrrn-n
1100 647 1168 729 176.
1331 663 1387 710 121

260 855 330 901 non
347 834 495 919 aliquem
511 833 621 898 visum
640 841 760 918 potest
778 834 941 916 recipere,
960 833 1023 897 nisi
1042 831 1272 897 discutiantur
1288 832 1389 897 salla·

260 932 335 996 ciae
352 951 439 1015 quae
456 931 674 1004 caecitatem,
688 938 724 994 et
739 929 826 994 salsa
840 951 927 1013 quae
944 929 1139 1011 caliginem,
1157 928 1388 1008 induxerunt;

261 1036 298 1092 et
324 1027 392 1091 hoc
417 1047 485 1090 non
513 1025 584 1089 fieri
611 1034 740 1109 potest,
764 1025 827 1089 nisi
854 1044 955 1109 quam
981 1044 1042 1108 per
1065 1024 1243 1100 veritates,
1267 1025 1390 1108 quibus

260 1124 422 1208 potentia
438 1121 645 1186 discutiendi
664 1120 751 1184 salsa
769 1122 870 1196 inest,
889 1121 968 1186 ideo
987 1120 1052 1184 hae
1071 1120 1277 1205 aperiendae
1297 1129 1388 1197 sunt,

262 1219 323 1283 sed
344 1228 382 1282 ut
401 1215 574 1293 distinete,
592 1218 657 1281 erit
677 1217 711 1280 in
731 1215 796 1281 hoc
817 1216 936 1281 ordine
947 1237 1001 1282 :-

439 1353 485 1422 (i.)
512 1350 599 1422 Quod
604 1353 636 1406 si
643 1350 727 1406 honio
732 1353 898 1422 perciperet
909 1357 938 1406 et
951 1353 1073 1406 sentiret
1083 1349 1218 1406 Doin'nae
1227 1351 1390 1406 Providen-

581 1425 643 1478 tiae
651 1426 854 1494 operationem,
863 1439 921 1476 non
930 1439 969 1477 ex
981 1423 1070 1478 libero
1079 1423 1235 1478 secundnm
1244 1425 1390 1476 rationem

581 1501 749 1580 ageret3nec
761 1494 881 1578 aliquod
888 1495 921 1546 ei
928 1497 1088 1564 appareret
1098 1497 1176 1548 seint
1185 1511 1223 1548 ex
1233 1509 1270 1548 se.
1298 1493 1390 1547 Simi-

581 1565 652 1619 leter
661 1583 688 1619 se
698 1569 865 1636 praesciret
876 1570 1001 1619 eventus.

429 1635 487 1708 (ii.)
513 1636 599 1708 Quod
615 1639 646 1690 si
656 1637 740 1690 homo
758 1636 913 1707 manifeste
929 1635 1044 1689 veiieret
1063 1635 1209 1690 Dein‘nom
1228 1634 1390 1689 Prooe'den·

581 1711 665 1768 teiam,
675 1707 803 1779 inferret
811 1721 840 1760 se
848 1706 953 1761 ordeni
963 1712 992 1760 et
1000 1709 1098 1761 tenori
1100 1709 1315 1778 progressiones
1320 1707 1390 1777 ejus,

581 1796 617 1833 ac
624 1783 806 1848 perverteret
816 1782 845 1832 et
857 1778 1018 1832 destrueret
1032 1777 1126 1832 etium.

421 1850 488 1920 (iii.)
513 1848 643 1920 Quodsi
654 1849 740 1903 homo
758 1849 913 1920 manifeste
928 1849 1043 1903 vtiteret
1061 1849 1208 1902 Divinam
1227 1848 1391 1903 Prove'den·

581 1923 665 1982 team,
681 1920 730 1973 vel
741 1925 862 1992 negaret
876 1920 979 1982 Deum,
991 1920 1165 1991 velsaceret
1173 1936 1204 1974 se
1215 1920 1319 1974 Deum.

424 1991 489 2062 (iv.)
515 1991 602 2061 Quod
613 1991 701 2046 detur
715 1991 831 2045 homini
846 1991 946 2046 vriiere
965 1991 1112 2044 Divinam
1131 1990 1356 2044 Providentiam
1370 2007 1391 2044 a

582 2068 665 2134 tergo
680 2068 709 2117 et
727 2077 783 2116 non
802 2079 821 2116 a
831 2063 939 2132 facie:
966 2068 1030 2117 tum
1045 2063 1079 2115 in
1092 2066 1176 2115 statu
1188 2062 1348 2132 spirituali
1362 2066 1392 2115 et

582 2148 640 2187 non
650 2134 686 2187 in
694 2138 776 2188 statu
789 2133 934 2190 naturali.

328 2283 425 2366 176·
457 2282 509 2366 (i.)
543 2281 640 2362 Quod
658 2282 694 2348 si
711 2280 807 2348 homo
824 2284 1012 2366 perciperet
1031 2295 1065 2349 et
1085 2284 1226 2349 sentiret
1244 2282 1392 2348 Divinae

264 2377 504 2443 Providentiae
518 2377 752 2460 operationem,
773 2397 836 2441 non
854 2400 897 2443 ex
912 2376 1017 2443 libero
1034 2379 1211 2444 seceendum
1229 2379 1392 2443 rationem

265 2483 389 2557 ageret,
415 2492 471 2535 nec
499 2472 633 2556 aliquid
656 2482 839 2555 appareret
866 2472 900 2536 ei
925 2473 1012 2538 sicut
1039 2477 1118 2558 q‘us.
1166 2471 1332 2537 Similiter
1360 2474 1393 2538 si

264 2569 359 2633 leomo
372 2568 562 2651 praesciret
582 2567 875 2651 evertere-Quod
899 2567 957 2632 lex
982 2566 1129 2632 Divinae
1153 2568 1391 2632 Providentiae

264 2667 321 2740 sit,
343 2673 380 2727 ut
398 2663 504 2728 homo
527 2683 572 2727 ex
595 2662 705 2728 libero
724 2663 912 2728 secundum
934 2663 1103 2726 rationem
1122 2671 1229 2746 agat3
1261 2674 1334 2727 tum
1354 2675 1391 2728 ut

265 2780 368 2824 omne
388 2758 480 2842 quod
500 2759 604 2823 homo
622 2758 708 2834 vult,
726 2759 870 2841 cogitat,
889 2758 1041 2841 loquitur
1059 2767 1095 2822 et
1114 2758 1206 2835 iacit,
1225 2768 1392 2842 appareat

265 2857 295 2918 ei
319 2855 408 2919 sicut
431 2874 452 2917 a
474 2873 531 2933 se;
568 2863 604 2918 et
628 2854 719 2937 quod
751 2853 880 2936 absque
903 2853 962 2917 illa
984 2856 1189 2937 apparentia
1212 2875 1280 2918 non
1304 2855 1392 2918 soret

264 2950 366 3014 alicui
389 2949 519 3014 homini
542 2968 652 3025 suum,
672 2958 731 3013 aut
750 2949 855 3013 homo
877 2970 970 3025 suus,
990 2950 1040 3014 ita
1060 2971 1128 3014 non
1148 2951 1179 3014 ei
1198 2951 1391 3034 proprium3

265 3056 300 3109 et
325 3046 372 3109 sic
405 3044 500 3109 nulla
522 3045 554 3109 ei
576 3045 771 3126 imputatio,
793 3046 866 3109 sine
889 3067 956 3130 qua
978 3046 1175 3111 indifferens
1197 3047 1296 3121 soret,
1321 3039 1392 3110 sive
1442 3081 1444 3088 ·

265 3142 394 3205 malum
419 3141 491 3204 sive
513 3140 641 3204 bonum
665 3140 806 3214 iaceret,
831 3151 867 3205 et
892 3143 963 3205 sive
991 3141 1093 3205 fidem
1118 3142 1194 3217 Dei,
1218 3143 1290 3205 sive
1314 3162 1391 3224 per-

266 3237 460 3300 suasionem
495 3236 625 3308 inierni,
656 3236 822 3315 haberet;
864 3236 970 3300 verbo
1004 3257 1072 3301 non
1108 3237 1197 3302 foret
1233 3238 1393 3309 homo,—

265 3352 368 3413 supra
387 3335 420 3395 in
441 3332 510 3394 suis
533 3331 686 3395 articulis
705 3333 747 3394 ad
767 3333 977 3395 evidentiam
997 3330 1194 3396 intelletius
1213 3343 1392 3396 ostensum

266 3439 331 3492 est.
377 3439 434 3502 [a]
467 3426 533 3491 Hic
558 3447 646 3490 nunc
671 3429 887 3496 ostendetur,
909 3428 999 3510 quod
1024 3427 1154 3492 homini
1178 3429 1271 3492 nulla
1291 3429 1392 3492 liber·

265 3532 322 3587 tas
351 3524 477 3605 agendi
509 3523 697 3586 secundum
727 3525 908 3596 rationem,
938 3543 976 3586 ac
1009 3524 1101 3588 nulla
1131 3525 1162 3588 ei
1192 3525 1393 3607 apparentia

267 3621 356 3682 sicut
375 3639 420 3682 ex
440 3639 487 3694 se,
509 3619 608 3693 soret,
630 3621 656 3682 si
678 3620 869 3701 perciperet
889 3629 924 3682 et
946 3621 1091 3684 sentiret
1111 3618 1257 3685 Divinae
1276 3619 1392 3684 Provi-

268 3715 407 3778 dentiae
430 3715 691 3796 operationem;
726 3717 888 3798 quoniam
920 3715 946 3777 si
975 3717 1164 3797 perciperet
1190 3724 1225 3779 et
1249 3717 1393 3780 sentiret

267 3810 373 3883 illam,
391 3809 496 3873 etiam
516 3810 698 3873 duceretur
716 3811 760 3874 ab
779 3810 848 3884 illa,
867 3830 945 3872 nam
967 3807 1135 3874 Dominus
1154 3831 1214 3893 per
1234 3810 1392 3874 Divinam

268 3925 364 3969 suam
389 3905 642 3971 Providentiam
667 3907 761 3970 ducit
787 3925 918 3982 omnes,
944 3917 978 3968 et
1001 3905 1108 3970 homo
1130 3926 1199 3970 non
1223 3927 1260 3970 se
1283 3909 1392 3989 ipsum

268 4003 331 4065 nisi
350 4012 568 4084 apparenter,
590 4013 627 4066 ut
646 4024 781 4086 quoque
802 4023 904 4084 supra
923 4013 1101 4068 ostensum
1121 4013 1185 4066 est.
1233 3999 1347 4082 Quare
1366 4003 1393 4065 si

268 4098 312 4161 ad
336 4098 449 4160 vivam
472 4099 729 4182 perceptionem
760 4109 796 4162 et
827 4098 1061 4162 sensationem
1093 4098 1287 4172 duceretur,
1307 4099 1394 4161 foret

268 4213 337 4257 non
368 4193 525 4258 conscius
548 4194 652 4271 vitae,
677 4204 713 4259 et
742 4205 824 4259 tunc
847 4195 907 4258 vix
939 4193 1039 4257 aliter
1065 4194 1109 4258 ad
1140 4193 1333 4258 sonandum
1358 4202 1393 4255 et

268 4290 441 4371 agendum
465 4311 567 4374 quam
591 4292 680 4355 sicut
704 4290 874 4375 sculptile,
899 4301 1070 4372 ageretur.
1115 4288 1150 4355 Si
1177 4310 1283 4373 usque
1310 4309 1393 4353 con·

267 4386 357 4448 scius
384 4388 475 4450 vitae
503 4386 602 4459 foret,
628 4396 710 4450 tunc
742 4406 810 4450 non
842 4384 942 4448 aliter
966 4385 1158 4459 duceretur,
1179 4403 1281 4468 quam
1305 4384 1394 4448 sicut

267 4478 400 4546 viniius
421 4483 563 4546 manicis
583 4492 617 4545 et
637 4480 778 4565 pedicis,
795 4490 855 4544 aut
874 4482 962 4544 sicut
982 4479 1175 4562 jumentum
1195 4488 1277 4544 ante
1296 4479 1393 4562 plau·

268 4587 386 4640 strum.
435 4575 520 4658 Quis
548 4597 615 4639 non
644 4577 749 4648 videt,
768 4577 858 4658 quod
882 4586 963 4639 tunc
989 4596 1056 4637 non
1083 4575 1223 4658 aliquod
1251 4576 1393 4640 liberum

269 4667 398 4738 homini
421 4673 530 4737 soret?
577 4672 621 4734 Et
645 4672 672 4734 si
696 4691 764 4736 non
785 4671 939 4745 liberum,
961 4691 1022 4734 nec
1047 4670 1161 4754 aliqua
1183 4673 1273 4735 ratio
1291 4671 1392 4746 foret,
