3352 5374
467 657 517 707 DE
540 657 675 708 DIVINO
695 656 839 722 AMORE,
861 658 953 709 PARS
977 658 1111 709 III.-N.
1133 662 1203 709 201.
1354 661 1397 730 79

273 830 363 890 enim
384 827 587 891 latitudinis.
633 827 680 891 Hi
703 828 829 911 gradus
853 831 897 893 ab
919 829 987 892 illis
1009 838 1146 894 tantum
1166 829 1336 906 differunt,
1358 839 1396 895 ut

274 924 355 986 nihil
376 943 557 987 commune
577 923 752 1004 habeant;
777 945 880 1009 quare
897 923 1059 990 distincte
1075 926 1285 1010 percipiendi
1304 935 1394 1003 sunt,

272 1039 311 1082 ac
332 1019 470 1081 minime
490 1018 732 1082 confundendi.

334 1129 437 1179 που.
468 1109 571 1194 Quod
590 1132 711 1177 omnes
727 1111 955 1195 periedliones
972 1125 1131 1180 crescant
1150 1123 1186 1178 et
1204 1115 1397 1179 ascendant

270 1228 347 1272 cum
366 1208 531 1290 gradibus
550 1219 585 1272 et
598 1209 786 1273 secundum
800 1210 888 1286 illos,
903 1222 957 1275 est
974 1212 1051 1294 quia
1068 1211 1183 1274 omnia
1196 1211 1395 1293 praedicata

270 1315 460 1388 sequuntur
486 1324 547 1368 sua
574 1304 737 1386 subjecta,
758 1327 797 1370 ac
828 1305 991 1389 perfedtio
1015 1318 1050 1370 et
1080 1304 1291 1389 imperfediio
1313 1315 1396 1370 sunt

270 1402 469 1483 praedicata
486 1401 699 1478 communia;
725 1402 966 1483 praedicantur
983 1403 1073 1466 enim
1091 1403 1234 1478 devita,
1252 1404 1295 1466 de
1314 1402 1394 1465 viri·

270 1496 344 1571 bus,
364 1508 400 1559 et
419 1497 462 1559 de
481 1497 607 1560 formis.

332 1591 501 1671 Perfhbiio
512 1592 602 1654 vitae
613 1602 665 1654 est
680 1590 842 1673 perfectio
856 1594 980 1656 amoris
990 1603 1026 1656 et
1040 1593 1228 1673 sapientiae
1243 1613 1250 1670 ;
1268 1602 1303 1656 et
1316 1593 1394 1676 quia

269 1686 429 1750 voluntas
453 1697 488 1749 et
512 1685 709 1750 intelledtus
733 1698 812 1752 sunt
836 1688 1054 1769 receptacula
1073 1688 1219 1763 illorum,
1240 1699 1293 1752 est
1317 1709 1392 1771 per·

267 1779 368 1846 festio
378 1784 470 1846 vitae
483 1785 588 1846 etiam
606 1781 769 1866 perfedtio
782 1783 972 1847 voluntatis
986 1795 1020 1848 et
1034 1781 1242 1859 intellectus,
1261 1794 1297 1847 et
1314 1784 1393 1847 inde

268 1875 484 1942 affectionum
505 1889 540 1941 et
564 1881 836 1961 cogitationum
865 1891 903 1942 et
926 1881 1005 1962 quia
1023 1880 1116 1942 calor
1135 1880 1320 1961 spiritualis
1339 1888 1393 1944 est

267 1974 450 2036 continens
463 1976 598 2049 amoris
613 1984 648 2037 et
661 1975 719 2037 lux
733 1974 918 2056 spiritualis
931 1985 984 2037 est
998 1977 1178 2039 continens
1192 1975 1391 2058 sapientiae,

268 2069 372 2132 etiam
387 2067 549 2149 persedtio
568 2069 689 2132 horum
702 2070 817 2133 reserri
835 2079 953 2151 potest
970 2071 1013 2132 ad
1030 2071 1274 2152 perfectionem
1289 2071 1391 2133 vitae.

329 2161 497 2243 Perfellio
515 2163 641 2228 virium
664 2175 717 2228 est
741 2161 903 2247 perfettio
923 2167 1074 2229 omnium
1094 2187 1180 2248 quae
1204 2185 1264 2246 per
1281 2167 1391 2229 vitam

266 2257 448 2323 adluantur
474 2268 511 2323 et
541 2270 733 2336 moventur,
761 2261 795 2324 in
826 2261 946 2345 quibus
973 2272 1090 2325 tamen
1121 2281 1190 2324 non
1221 2263 1293 2323 vita
1326 2270 1390 2324 est.

266 2353 371 2417 Tales
384 2356 472 2418 vires
489 2365 569 2418 sunt
586 2355 849 2437 atmosphaerae
863 2357 975 2440 quoad
990 2354 1229 2434 adtualitates3
1253 2364 1290 2420 et
1306 2377 1390 2440 quo·

265 2469 332 2532 que
363 2450 451 2514 tales
482 2453 570 2515 vires
594 2461 673 2514 sunt
697 2453 912 2516 substantiae
936 2453 1119 2533 organicae
1142 2453 1323 2515 interiores
1354 2462 1390 2516 et

265 2547 458 2610 exteriores
474 2548 563 2628 apud
580 2547 767 2623 hominem,
785 2557 858 2612 tum
875 2549 980 2610 etiam
997 2547 1085 2628 apud
1101 2547 1262 2610 animalia
1279 2548 1390 2611 omnis

266 2643 412 2722 generis.
457 2641 561 2705 Tales
578 2644 683 2707 etiam
702 2644 791 2706 vires
809 2654 888 2707 sunt
908 2645 1022 2706 omnia
1042 2643 1075 2704 in
1095 2643 1224 2706 mundo
1242 2643 1389 2707 naturali

265 2756 351 2819 quae
368 2758 388 2800 a
404 2738 477 2800 sole
493 2739 537 2801 ibi
554 2739 752 2802 immediate
765 2749 801 2802 et
814 2739 964 2803 mediate
979 2735 1175 2802 attivitates
1187 2741 1388 2803 sortiuntur.

328 2833 496 2913 Perfedio
509 2833 706 2913 formarum
729 2843 765 2896 et
792 2832 955 2915 perfeetio
978 2836 1096 2897 virium
1121 2853 1224 2897 unum
1246 2834 1387 2911 iaciunt,

266 2949 344 2993 nam
364 2929 480 3014 quales
500 2932 588 2993 vires
607 2941 698 3005 sunt,
720 2930 810 2994 tales
829 2941 909 2994 sunt
927 2930 1079 3007 lormae;
1104 2949 1180 2992 cum
1200 2929 1274 2993 sola
1292 2929 1388 2994 diffe-

265 3026 374 3087 rentia
398 3026 489 3107 quod
512 3026 640 3089 formae
670 3029 740 3090 sint
771 3026 997 3100 substantiae,
1022 3027 1110 3087 vires
1141 3034 1257 3088 autem
1281 3021 1389 3088 ¹¹¹sunt

265 3118 460 3184 adtivitates
476 3121 610 3184 illarum
628 3142 636 3200 ;
661 3142 764 3204 quare
779 3122 908 3186 similes
926 3121 1053 3202 gradus
1071 3119 1288 3203 perfeetionis
1307 3130 1387 3185 sunt

264 3217 426 3298 utrisque.
468 3215 613 3279 Formae
637 3237 723 3298 quae
748 3237 816 3280 non
840 3216 940 3278 simul
959 3217 1047 3279 vires
1070 3224 1161 3290 sunt,
1182 3217 1286 3279 etiam
1310 3234 1386 3296 per·

264 3310 373 3375 senae
393 3322 471 3374 sunt
491 3312 678 3374 secundum
698 3313 834 3393 gradus.

325 3420 422 3472 2⁰1.
453 3405 518 3469 Hic
532 3427 600 3469 non
614 3407 747 3470 dicetur
763 3408 805 3469 de
823 3403 1086 3487 perfedtionibus
1098 3407 1201 3481 vitae,
1216 3406 1334 3469 virium
1350 3415 1386 3469 et

264 3502 445 3564 formarum
470 3502 702 3564 crescentibus
722 3511 780 3565 aut
800 3501 1079 3565 decrescentibus
1103 3502 1289 3565 secundum
1306 3520 1384 3583 gra-

263 3599 325 3662 dus
342 3598 532 3661 latitudinis
549 3618 607 3661 seu
624 3598 816 3673 continuos,
831 3599 908 3680 quia
924 3598 958 3661 hi
975 3600 1100 3680 gradus
1117 3599 1149 3660 in
1167 3598 1295 3660 mundo
1312 3599 1385 3661 noti

262 3705 364 3772 sunt;
389 3693 451 3756 sed
470 3692 512 3756 de
530 3691 792 3774 perfeetionibus
808 3696 911 3768 vitae,
933 3695 1052 3755 virium
1072 3704 1107 3756 et
1125 3693 1308 3757 formarum
1330 3716 1384 3757 as·

260 3788 489 3852 cen'dentibus
505 3799 563 3851 aut
581 3789 871 3851 descendentibus
887 3791 1073 3852 secundum
1091 3788 1217 3871 gradus
1229 3790 1383 3852 altitudi-

262 3885 314 3947 nis
330 3905 388 3946 seu
408 3883 588 3957 discretos,
609 3885 686 3964 quia
703 3884 736 3947 hi
753 3885 879 3966 gradus
902 3886 935 3948 in
960 3885 1087 3947 mundo
1106 3904 1175 3947 non
1199 3887 1272 3947 noti
1292 3896 1383 3948 sunt.

262 3978 313 4043 At
333 3979 507 4062 quomodo
524 3977 750 4060 perfectiones
767 3980 952 4042 secundum
970 3980 1033 4043 hos
1050 3981 1177 4062 gradus
1192 3980 1384 4044 ascendunt

260 4095 302 4138 ac
333 4075 560 4148 descendunt,
594 4095 711 4156 parurn
746 4086 861 4157 potest
892 4078 1055 4157 cognosci
1082 4098 1103 4139 a
1132 4074 1319 4138 visibilibus
1349 4077 1382 4138 in

261 4167 389 4232 mundo
406 4169 564 4244 naturali,
582 4170 643 4232 sed
660 4169 750 4233 clare
769 4191 788 4231 a
805 4169 992 4233 visibilibus
1008 4171 1041 4232 in
1062 4169 1189 4233 mundo
1205 4167 1381 4251 spirituali.

261 4262 318 4328 Ex
331 4263 520 4328 visibilibus
536 4265 570 4329 in
588 4266 714 4329 mundo
731 4265 876 4329 naturali
889 4266 993 4328 modo
1010 4266 1196 4346 detegitur,
1210 4265 1300 4347 quod
1315 4285 1383 4348 quo

260 4359 402 4424 interius
414 4358 623 4442 spedtantur,
638 4383 679 4425 eo
693 4360 898 4424 mirabiliora
911 4372 1112 4426 occurrant:
1137 4371 1173 4423 ut
1191 4380 1252 4443 pro
1262 4380 1382 4424 exem·

259 4454 329 4536 plo,
349 4456 383 4518 in
407 4455 525 4531 oculis,
546 4457 580 4520 in
603 4457 748 4532 auribus,
767 4456 799 4519 in
820 4456 947 4538 lingua,
968 4458 1001 4519 in
1021 4455 1193 4532 musculis,
1214 4457 1246 4518 in
1267 4457 1381 4532 corde,

259 4549 432 4630 pulmone,
452 4550 590 4632 hepate,
606 4562 802 4633 pancreate,
815 4552 961 4624 renibus,
980 4563 1015 4614 et
1035 4552 1067 4613 in
1088 4552 1224 4634 reliquis
1243 4552 1381 4615 visceri·

260 4643 323 4707 bus
335 4666 343 4722 ;
368 4654 440 4709 tum
460 4646 493 4710 in
510 4647 705 4721 seminibus,
726 4645 887 4710 lrudtibus
904 4657 938 4709 et
958 4645 1117 4724 floribus3
1142 4657 1176 4709 et
1194 4666 1327 4729 quoque
1347 4647 1379 4709 in
