3410 5382
537 612 588 662 DE
612 612 751 662 DlVlNA
774 613 1127 664 PROVIDENTIA.-·N.
1145 613 1197 682 45.
1385 617 1429 684 ²9.

300 784 380 869 quia
391 803 494 850 omne
509 785 544 850 id
560 784 603 849 ad
620 786 712 870 quod
725 785 846 871 aliquis
859 787 1006 869 cogitur,
1022 807 1090 851 non
1103 798 1247 869 apparet
1264 798 1301 852 ut
1317 807 1426 866 suurn,

300 892 336 946 et
353 882 446 966 quod
463 901 531 946 non
548 892 691 964 apparet
709 893 746 946 ut
762 902 871 959 suum,
890 903 958 947 non
976 894 1094 967 potest
1112 883 1183 948 fieri
1198 885 1324 948 amoris
1343 883 1427 966 ejus,

300 987 335 1041 et
365 979 413 1042 sic
433 979 644 1061 appropriari
672 979 702 1042 ei
729 979 818 1043 sicut
834 1000 952 1043 suum:
981 1002 1085 1065 quare
1104 980 1211 1045 horno
1233 1001 1254 1044 a
1278 981 1428 1044 Domino

300 1073 435 1139 ducitur
451 1076 616 1138 continue
628 1075 662 1138 in
679 1074 798 1151 libero,
813 1085 848 1138 et
864 1096 1000 1160 quoque
1016 1076 1220 1141 reformatur
1233 1086 1268 1141 et
1282 1097 1427 1160 regene-

298 1179 392 1234 ratur
408 1171 442 1233 in
462 1169 581 1234 libero.
627 1167 694 1234 Sed
711 1172 754 1235 de
771 1169 835 1235 hac
854 1191 890 1235 re
906 1171 1004 1255 plura
1020 1173 1179 1236 dicentur
1197 1172 1231 1237 in
1250 1173 1427 1257 sequenti·

299 1265 384 1345 bus;
408 1265 522 1350 aliqua
537 1266 644 1330 etiam
664 1266 845 1331 videantur
864 1289 966 1351 supra
987 1268 1034 1350 (n.
1053 1267 1101 1351 4).

361 1376 434 1445 44.
465 1360 567 1444 Quod
590 1372 708 1426 autem
735 1361 851 1438 homo,
876 1386 944 1448 quo
971 1361 1165 1429 distinctius
1195 1365 1259 1430 sibi
1282 1376 1428 1448 apparet

298 1457 385 1521 sicut
413 1477 505 1534 suus,
530 1479 572 1522 eo
596 1459 791 1523 evidentius
810 1459 1068 1525 animadvertat
1089 1459 1181 1545 quod
1204 1461 1249 1525 sit
1273 1459 1424 1538 Domini,

297 1563 352 1618 est
382 1555 461 1638 quia
485 1576 552 1638 quo
575 1557 714 1637 propius
737 1555 957 1638 conjungitur
980 1554 1141 1632 Domino,
1165 1577 1208 1620 eo
1238 1556 1428 1637 sapientior

298 1648 369 1727 fiat,
390 1649 441 1733 (ut
464 1671 577 1733 supra,
591 1671 623 1714 n.
643 1651 757 1733 34-36‚
771 1661 951 1716 ostensum
971 1651 1053 1734 est.)
1073 1672 1112 1715 ac
1133 1652 1302 1734 sapientia
1320 1653 1426 1720 docet

297 1745 343 1821 id,
367 1755 404 1810 et
427 1767 563 1830 quoque
587 1748 834 1811 animadvertit
857 1747 902 1810 id.
949 1745 1080 1830 Angeli
1104 1747 1195 1810 tertii
1226 1747 1326 1824 caeli,
1346 1749 1426 1833 quia

296 1841 541 1924 sapientissimi
558 1843 760 1926 angelorum
777 1852 869 1919 sunt,
886 1843 991 1907 etiam
1008 1843 1201 1925 percipiunt
1220 1843 1265 1918 id,
1283 1853 1319 1907 et
1339 1866 1424 1927 quo·

296 1957 363 2019 que
383 1947 512 2002 vocant
542 1940 576 2002 id
606 1940 716 2020 ipsum
737 1938 901 2018 liberum;
934 1948 971 2002 at
1002 1938 1080 2001 duci
1110 1959 1130 2001 a
1160 1949 1271 2002 semet
1295 1949 1425 2006 vocant

297 2052 442 2096 servum.
489 2034 637 2099 Causam
654 2036 760 2100 etiam
777 2034 907 2108 dicunt,
926 2035 1017 2117 quod
1035 2033 1203 2098 Dominus
1220 2054 1290 2098 non
1306 2033 1425 2101 influat

296 2129 497 2194 immediate
520 2131 555 2193 in
578 2130 638 2193 illa
661 2151 747 2214 quae
771 2141 851 2193 sunt
874 2131 1108 2212 perceptionis
1132 2140 1168 2194 et
1200 2131 1425 2212 cogitationis

295 2224 431 2288 illorum
449 2247 494 2289 ex
511 2226 693 2309 sapientia,
711 2225 822 2289 sedin
842 2222 1041 2288 affectiones
1057 2228 1183 2289 amoris
1200 2227 1292 2301 boni,
1310 2236 1347 2289 et
1364 2247 1425 2309 per

295 2321 415 2384 basin
438 2321 507 2398 illa,
528 2332 564 2386 et
587 2322 679 2406 quod
702 2321 894 2404 percipiant
917 2319 1084 2385 influxum
1108 2323 1141 2385 in
1165 2319 1357 2396 affettione,
1378 2343 1423 2387 ex

295 2438 362 2501 qua
381 2418 449 2483 illis
468 2419 659 2503 sapientia;
683 2427 719 2482 et
738 2418 830 2501 quod
850 2417 929 2482 dein
950 2436 1053 2481 omne
1072 2417 1163 2501 quod
1187 2439 1233 2480 ex
1252 2418 1425 2499 sapientia

294 2514 464 2597 cogitant,
482 2523 649 2599 appareat
665 2515 754 2578 sicut
773 2536 794 2578 a
812 2534 860 2588 se,
880 2513 930 2577 ita
948 2513 1037 2578 sicut
1053 2531 1171 2592 suum;
1196 2521 1232 2578 et
1251 2513 1343 2597 quod
1363 2535 1425 2598 per

295 2611 361 2678 hoc
382 2613 441 2680 fiat
458 2611 654 2697 conjunctio
674 2616 859 2698 reciproca.

357 2721 430 2794 45·
460 2708 633 2792 Quoniam
654 2709 780 2773 Divina
797 2709 1018 2774 Providentia
1035 2707 1176 2772 Domini
1195 2729 1258 2792 pro
1274 2707 1340 2774 fine
1360 2709 1422 2774 ha-

294 2806 354 2870 bet
376 2805 512 2870 caelum
543 2829 589 2870 ex
619 2804 771 2870 humano
790 2825 928 2889 genere,
958 2805 1111 2886 sequitur
1141 2804 1232 2887 quod
1263 2824 1326 2888 pro
1356 2803 1423 2870 fine

294 2899 422 2966 habeat
442 2900 720 2985 conjunfitionem
740 2901 879 2966 humani
903 2901 1040 2984 generis
1064 2898 1189 2964 Secum
1216 2899 1275 2981 (de
1298 2922 1365 2984 qua
1389 2920 1421 2966 n.

293 2995 437 3078 28-31):
461 3007 547 3074 tum,
565 2999 655 3082 quod
676 3019 737 3082 pro
756 2997 823 3062 fine
842 2997 982 3072 habeat,
1001 3006 1038 3062 ut
1057 2994 1163 3060 homo
1179 2997 1317 3079 propius
1338 3016 1422 3062 con·

289 3091 454 3175 jungatur
478 3093 549 3176 lpsi
573 3091 633 3178 (de
656 3114 724 3177 quo
748 3113 779 3157 n.
802 3109 852 3174 32,
874 3091 941 3175 33),
967 3093 1014 3156 sic
1040 3092 1132 3156 enim
1156 3093 1188 3155 ei
1211 3091 1346 3156 caelum
1368 3093 1421 3155 in-

293 3191 420 3253 terius:
456 3199 493 3254 ut
524 3200 572 3265 et,
597 3189 689 3272 quod
713 3209 776 3270 pro
807 3187 872 3252 fine
896 3188 1036 3263 habeat,
1061 3197 1100 3251 ut
1131 3185 1236 3251 homo
1258 3208 1319 3271 per
1338 3207 1422 3252 con·

289 3282 501 3366 junctionem
514 3284 608 3348 illam
622 3284 683 3349 fiat
699 3285 887 3366 sapientior
901 3282 960 3364 (de
973 3303 1042 3366 quo
1058 3304 1090 3346 n.
1110 3281 1252 3364 34-36);
1276 3292 1313 3346 et
1330 3283 1422 3365 quod

293 3378 352 3445 fiat
372 3381 502 3446 felicior
524 3380 582 3464 (de
601 3402 669 3464 quo
688 3402 720 3445 n,
742 3380 872 3463 37-41)‚
894 3381 973 3462 quia
993 3377 1127 3443 caelum
1146 3388 1201 3442 est
1222 3378 1352 3443 homini
1374 3400 1422 3443 ex

292 3477 473 3560 sapientia,
487 3486 522 3541 et
540 3478 728 3541 secundum
744 3477 839 3540 illam
855 3497 863 3553 ;
887 3485 922 3539 et
942 3495 1002 3558 per
1020 3474 1116 3538 illam
1129 3474 1235 3538 etiam
1251 3473 1419 3539 felicitas:

292 3581 328 3635 et
348 3573 486 3636 demum
502 3572 595 3655 quod
614 3594 676 3655 pro
695 3571 761 3635 fine
777 3570 905 3635 habeat
925 3581 961 3633 ut
981 3568 1087 3633 homo
1103 3566 1298 3634 distinctius
1314 3589 1422 3652 appa·

291 3677 367 3730 reat
380 3668 444 3730 sibi
459 3669 549 3731 sicut
565 3687 655 3742 suus,
673 3678 710 3731 et
726 3687 832 3748 usque
848 3665 1041 3730 evidentius
1058 3664 1313 3729 animadvertat
1330 3663 1422 3748 quod

291 3763 337 3827 sit
357 3763 497 3826 Domini
518 3761 663 3845 (dequo
686 3784 719 3825 n.
741 3761 874 3844 42—44),
921 3759 1019 3824 Haec
1040 3762 1155 3824 omnia
1174 3772 1255 3824 sunt
1275 3759 1421 3825 Divinae

293 3856 532 3922 Providentiae
552 3858 704 3935 Domini,
725 3857 804 3940 quia
820 3856 906 3922 haec
926 3856 1042 3922 omnia
1060 3865 1141 3922 sunt
1160 3855 1307 3933 caelum,
1329 3855 1420 3940 quod

293 3973 356 4035 pro
375 3953 442 4019 fine
462 3961 533 4022 est.
