3426 5382
316 695 359 764 34
646 683 852 736 sumnum
876 681 1075 735 nuoucrcn

309 853 478 920 inhaeret.
523 853 581 920 Ex
603 855 656 920 his
679 866 790 940 patet,
815 855 907 941 quod
931 856 1079 940 cogitari
1102 856 1213 940 possit
1235 856 1278 921 de
1298 856 1375 923 Deo
1397 859 1448 924 ab

308 961 466 1029 aeterno,
483 960 521 1017 at
540 973 708 1037 nusquam
728 954 771 1019 de
791 965 916 1018 natura
935 955 979 1018 ab
997 963 1164 1034 aeterno;
1188 965 1446 1038 consequenter

309 1048 402 1131 quod
420 1049 564 1132 cogitari
584 1049 694 1132 possit
718 1049 762 1114 de
781 1051 959 1115 creatione
978 1051 1125 1115 universi
1144 1071 1165 1114 a
1183 1049 1270 1127 Deo,
1289 1061 1325 1114 et
1345 1072 1442 1135 pror·

308 1165 367 1210 sus
386 1166 457 1210 non
477 1145 607 1230 aliquid
623 1145 667 1210 de
684 1148 859 1211 creatione
876 1167 922 1211 ex
940 1157 1073 1224 natura,
1091 1157 1235 1212 naturae
1254 1148 1344 1212 enim
1360 1169 1441 1232 pro·

308 1243 382 1326 pria
406 1252 488 1306 sunt
512 1243 665 1324 spatium
684 1251 721 1307 et
743 1253 889 1327 tempus,
912 1243 1074 1309 Divinum
1098 1254 1215 1309 autem
1235 1254 1288 1308 est
1310 1245 1442 1329 absque

307 1337 387 1402 illis.
433 1335 536 1422 Quod
558 1338 721 1403 Divinum
741 1340 786 1403 sit
807 1340 937 1424 absque
954 1341 1069 1424 spatio
1085 1350 1121 1406 et
1136 1349 1304 1423 tempore,
1321 1341 1440 1404 videa-

306 1444 362 1498 tur
385 1437 419 1498 in
443 1433 678 1500 transactione
697 1433 749 1498 De
766 1435 892 1499 Divino
910 1437 1039 1500 Amore
1058 1445 1092 1500 et
1110 1436 1240 1500 Divina
1263 1435 1442 1518 Sapientia

309 1528 358 1613 (n.
378 1546 474 1614 7-10‚
492 1551 524 1595 n.
541 1531 659 1615 69—72,
679 1553 711 1596 n.
729 1533 845 1614 73-76‚
864 1544 900 1596 et
917 1531 1025 1616 alibi).

371 1640 440 1709 52.
473 1626 538 1712 (ii.)
575 1627 673 1707 Quod
688 1628 862 1713 Infinitum
878 1650 918 1692 ac
931 1627 1117 1692 Aeternum
1138 1627 1173 1691 in
1190 1625 1226 1691 s'e
1244 1647 1307 1690 non
1326 1627 1443 1709 possit

305 1721 410 1786 alim
431 1745 534 1807 quam
556 1725 710 1807 spectare
731 1725 901 1810 infinitum
923 1734 955 1788 et
977 1734 1148 1788 aeternum
1166 1745 1188 1786 a
1206 1744 1241 1787 se
1262 1723 1297 1786 in
1311 1723 1440 1808 finitis.

308 1818 373 1883 Per
388 1817 567 1885 Infinitum
591 1842 631 1886 ac
652 1821 845 1887 Aeternum
871 1822 905 1885 in
924 1842 961 1885 se
985 1819 1191 1901 intelligitur
1210 1821 1319 1901 ipsum
1341 1818 1438 1883 Divi·

307 1934 400 1990 num,
421 1925 459 1981 ut
484 1917 517 1980 in
542 1936 626 1981 mox
650 1917 883 2001 praecedente
905 1915 1053 1981 articulo
1076 1925 1255 1980 ostensum
1279 1926 1355 1994 est;
1378 1935 1442 1999 per

307 2008 405 2075 finita
421 2011 667 2094 intelliguntur
685 2014 801 2078 omnia
817 2024 935 2077 creata
951 2013 995 2076 ab
1019 2012 1111 2096 Ipso,
1129 2031 1168 2076 ac
1185 2011 1351 2092 imprimis
1373 2011 1438 2075 ho-

307 2107 429 2184 mines,
459 2109 598 2190 spiritus
629 2119 665 2173 et
696 2108 833 2192 angeli;
867 2118 903 2174 et
923 2129 984 2192 per
1014 2104 1171 2192 spetiare
1200 2104 1369 2171 infinitum
1400 2117 1439 2172 et

306 2214 486 2267 aeternum
512 2224 532 2267 a
555 2225 603 2280 se,
624 2212 679 2268 est
699 2202 857 2286 spetiare
876 2202 1050 2278 Divinum,
1071 2203 1137 2267 hoc
1157 2211 1221 2277 est,
1239 2200 1284 2266 Se
1306 2201 1437 2280 inillis,

307 2308 345 2363 ut
373 2295 509 2381 spetlat
537 2297 643 2363 homo
661 2299 848 2382 imaginem
873 2300 925 2363 sui
947 2300 980 2363 in
1007 2297 1164 2381 speculor
1193 2298 1285 2381 quod
1305 2297 1355 2361 ita
1379 2299 1437 2373 sit,

306 2395 459 2478 pluribus
479 2405 659 2459 ostensum
678 2405 732 2460 est
751 2396 786 2459 in
806 2393 1042 2460 transaftione
1057 2393 1110 2457 De
1126 2393 1251 2456 Divino
1265 2392 1394 2458 Amore
1407 2404 1442 2458 et

305 2490 435 2555 Divina
461 2489 646 2572 Sapientia,
672 2492 853 2574 praecipue
878 2491 934 2554 ubi
957 2491 1235 2554 demonstratum
1259 2499 1324 2564 est,
1345 2489 1437 2572 quod

306 2587 339 2648 in
365 2589 524 2650 universo
548 2595 667 2651 creato
691 2589 735 2652 sit
758 2587 876 2670 imago
900 2585 1060 2661 hominis,
1080 2595 1117 2650 et
1140 2585 1231 2669 quod
1251 2586 1297 2649 sit
1319 2585 1439 2666 imago

304 2681 430 2747 infiniti
454 2704 494 2748 ac
519 2684 651 2747 aeterni
673 2681 721 2766 (n.
742 2699 813 2766 317,
836 2683 925 2766 318),
946 2684 997 2748 ita
1019 2683 1137 2765 imago
1161 2681 1225 2745 Dei
1249 2680 1437 2757 Creatoris‚

305 2778 372 2842 hoc
389 2789 457 2853 est,
469 2778 609 2842 Domini
625 2779 671 2842 ab
685 2789 839 2844 aeterno.
885 2778 937 2843 At
953 2778 1132 2843 sciendum
1148 2786 1214 2852 est,
1231 2777 1324 2861 quod
1340 2776 1437 2842 Divi·

307 2894 388 2937 num
409 2876 442 2938 in
459 2895 496 2937 se
516 2875 561 2937 sit
581 2877 614 2937 in
633 2875 795 2950 Domino,
816 2874 878 2938 sed
897 2872 1061 2937 Divinum
1080 2893 1101 2937 a
1119 2893 1157 2937 se
1172 2873 1216 2936 sit
1235 2871 1397 2937 Divinum
1417 2893 1438 2937 a

306 2969 459 3033 Domino
475 2969 509 3032 in
526 2970 662 3032 creatio.

369 3079 440 3148 53·
471 3062 540 3129 Sed
560 3073 598 3129 ut
617 3063 684 3129 hoc
703 3063 839 3147 plenius
858 3063 1086 3146 intelligatur,
1105 3062 1346 3128 illustrandum
1370 3071 1436 3127 est.

306 3159 468 3224 Divinum
486 3181 555 3224 non
572 3169 691 3243 potest
707 3160 799 3224 aliud
816 3157 973 3243 speitare
989 3177 1091 3242 quam
1109 3159 1270 3222 Divinum
1285 3180 1293 3237 3
1314 3169 1350 3224 et
1367 3179 1438 3223 non

304 3265 424 3339 potest
439 3255 520 3319 alibi
536 3256 570 3320 id
589 3253 746 3339 speitare
763 3276 864 3337 quam
882 3257 916 3318 in
934 3256 1059 3319 creatis
1076 3275 1096 3318 a
1112 3275 1159 3318 se.
1206 3252 1308 3336 Quod
1325 3256 1375 3318 ita
1390 3255 1438 3319 sit

304 3353 447 3416 evidens
466 3363 521 3416 est
537 3373 583 3415 ex
603 3374 657 3428 e0,
676 3352 767 3436 quod
785 3372 888 3415 nemo
904 3351 1014 3435 possit
1033 3347 1190 3433 spetiare
1210 3350 1314 3414 aliurn
1333 3371 1437 3433 quam

303 3469 349 3511 ex
378 3469 441 3511 suo
472 3448 505 3511 in
535 3469 592 3526 se;
626 3446 685 3511 ille
712 3447 768 3530 qui
795 3459 891 3511 amat
919 3446 1079 3521 alterum,
1105 3443 1240 3530 spetiat
1266 3446 1362 3510 illum
1390 3469 1436 3512 ex

303 3563 422 3606 amore
446 3563 508 3605 suo
531 3543 565 3604 in
590 3563 638 3617 se,
659 3543 714 3626 qui
739 3543 877 3623 sapiens
900 3550 955 3605 est
979 3539 1115 3625 spetiat
1138 3541 1287 3607 alterum
1311 3563 1356 3606 ex
1380 3563 1435 3606 sa·

303 3637 437 3719 pientia
461 3637 578 3700 suain
603 3657 651 3699 se.
697 3635 826 3700 Videre
850 3637 988 3721 quidem
1013 3648 1132 3720 potest
1155 3637 1248 3720 quod
1272 3636 1362 3701 alter
1380 3637 1437 3701 vel

300 3742 397 3797 amet
420 3732 529 3808 illum,
549 3733 605 3796 vel
626 3753 694 3797 non
713 3743 808 3798 amet
828 3732 936 3810 illum,
958 3745 1031 3798 tum
1048 3734 1140 3818 quod
1159 3735 1213 3798 vel
1235 3736 1359 3817 sapiat,
1379 3734 1437 3799 vel

303 3850 372 3892 non
390 3827 503 3910 sapiat
519 3849 527 3907 ;
552 3828 611 3892 sed
629 3827 695 3892 hoc
712 3829 807 3894 videt
825 3849 1005 3894 examore
1022 3841 1058 3893 et
1075 3851 1120 3893 ex
1138 3831 1310 3913 sapientia
1324 3831 1358 3893 in
1375 3850 1412 3892 se
1427 3851 1436 3908 ;

301 3945 407 4009 quare
428 3932 566 3988 tantum
585 3923 762 4007 conjungit
778 3946 816 3989 se
832 3927 873 4000 ei,
892 3938 1057 4009 quantum
1075 3925 1165 3990 alter
1182 3935 1278 3991 amat
1294 3946 1331 3988 se
1347 3926 1436 3989 sicut

301 4023 375 4105 ipse
392 4028 487 4084 amat
501 4019 609 4098 illum,
624 4043 684 4085 seu
696 4032 862 4105 quantum
876 4021 966 4087 alter
979 4025 1068 4105 sapit
1083 4023 1171 4086 sicut
1184 4023 1270 4105 ipse,
1283 4023 1333 4086 ita
1345 4023 1436 4086 enim

301 4136 407 4181 unum
431 4115 571 4180 iaciunt.
624 4130 681 4194 [2.]
715 4116 833 4182 Simile
857 4129 911 4182 est
939 4138 1016 4182 cum
1041 4117 1167 4182 Divino
1191 4120 1225 4182 in
1249 4139 1309 4198 se;
1340 4118 1436 4182 Divi·

301 4234 384 4278 num
404 4215 497 4277 enim
513 4216 548 4278 in
569 4237 605 4279 se
630 4235 700 4279 non
718 4227 836 4300 potest
860 4237 906 4280 ex
930 4216 1009 4291 alio,
1030 4226 1067 4280 ut
1084 4237 1129 4281 ex
1148 4214 1298 4290 homine,
1316 4213 1437 4296 spiritu

298 4329 341 4374 ac
359 4311 498 4394 angelo,
518 4310 674 4396 speetare
694 4311 761 4392 Se;
787 4333 867 4378 nam
889 4312 973 4377 nihil
999 4311 1114 4376 Divini
1133 4311 1167 4376 in
1188 4333 1225 4375 se
1245 4309 1311 4374 illis
1330 4320 1397 4388 est,
1415 4329 1439 4374 a

298 4428 392 4492 quo;
418 4421 454 4475 et
471 4408 629 4495 spet'tare
648 4412 809 4477 Divinum
826 4433 871 4477 ex
891 4411 960 4475 alio
979 4411 1013 4474 in
1033 4431 1101 4495 quo
1121 4408 1205 4474 nihil
1227 4406 1354 4485 Divini‚
1370 4415 1437 4484 est,

297 4505 391 4571 soret
413 4507 572 4594 spectare
592 4509 756 4575 Divinum
779 4531 825 4575 ex
850 4506 945 4573 nullo
965 4505 1103 4583 Divino,
1123 4505 1216 4590 quod
1232 4524 1304 4570 non
1322 4504 1436 4569 datur.

299 4606 389 4673 Inde
405 4617 471 4686 est,
493 4606 585 4693 quod
609 4606 778 4672 Dominus
796 4606 846 4671 ita
861 4599 1062 4687 conjunt'tus
1079 4602 1124 4668 sit
1141 4601 1283 4677 homini,
1301 4597 1438 4685 spiritui

298 4715 338 4772 et
355 4703 494 4788 angelo,
513 4713 550 4768 ut
565 4723 669 4768 omne
685 4704 776 4788 quod
798 4723 835 4768 se
853 4701 957 4766 refert
977 4701 1021 4765 ad
1042 4699 1216 4774 Divinum,
1235 4718 1305 4763 non
1326 4697 1371 4762 sit
1391 4695 1439 4762 ab
