3424 5368
499 667 550 718 DE
573 669 710 719 DIVlNA
733 669 1087 722 PROWDENM-N.
1107 675 1180 741 251.
1340 677 1400 746 193

272 839 512 904 tabernacula.
562 837 664 922 Quod
692 842 791 906 multi
818 844 889 908 sint
912 862 1047 907 amores
1070 845 1122 908 sui
1145 854 1180 909 et
1204 845 1334 923 mundi,
1358 866 1398 912 ae

270 939 372 1019 pauci
390 957 526 1001 amores
545 937 622 1013 Dei,
641 940 748 1004 etiam
767 940 872 1006 docet
891 939 1060 1005 Dominus
1078 941 1131 1006 his
1150 944 1286 1008 verbis:

323 1089 412 1140 “Lata
428 1099 506 1153 porta
519 1101 546 1140 et
561 1092 682 1154 spatiosa
696 1093 742 1142 via
755 1101 804 1152 est,
817 1108 884 1157 quae
898 1095 972 1144 ducit
985 1095 1019 1144 ad
1034 1095 1182 1154 interitum,
1197 1075 1224 1145 et
1242 1097 1320 1146 multi
1335 1107 1403 1147 sunt

403 1157 448 1220 qui
461 1157 564 1206 intrant
576 1172 624 1219 per
636 1158 709 1208 iilam
722 1175 728 1208 :
747 1159 796 1209 sed
808 1169 926 1222 angusta
935 1170 962 1208 et
973 1157 1068 1210 stridis
1079 1163 1124 1209 vis
1136 1172 1185 1219 est,
1199 1176 1267 1225 quae
1278 1163 1351 1214 ducit
1363 1164 1401 1213 ad

403 1223 495 1282 vitam,
508 1232 535 1272 et
548 1224 624 1286 pauci
637 1233 701 1274 sunt
712 1225 757 1289 qui
768 1225 912 1276 inveniunt
923 1225 997 1275 illam
1007 1225 1020 1246 ”
1034 1226 1141 1288 (Matri.
1154 1228 1199 1276 vii.
1213 1240 1251 1288 13,
1266 1228 1314 1290 14).

272 1379 374 1462 Quod
394 1369 584 1464 dignitates
603 1393 638 1448 et
656 1404 741 1467 opes
763 1385 833 1450 sint
851 1383 907 1450 vel
931 1383 1191 1450 maledietiones
1209 1386 1266 1450 vel
1288 1387 1399 1451 bene·

271 1474 451 1554 didiioneS,
471 1489 507 1543 et
526 1480 616 1563 apud
632 1500 730 1563 quos,
747 1480 905 1545 videatur
922 1502 1026 1565 supra
1043 1480 1090 1564 (n.
1109 1480 1197 1566 217).

334 1591 426 1660 251.
458 1576 532 1661 (iii.)
567 1578 664 1657 Quod
677 1579 782 1644 cultor
799 1580 857 1644 sui
867 1589 901 1644 et
916 1579 1022 1645 cultor
1038 1591 1182 1645 naturae
1198 1592 1313 1645 contra
1329 1582 1396 1646 Di-

269 1678 384 1743 vinam
400 1679 656 1745 Providentiam
674 1703 710 1745 se
724 1681 904 1766 confirmet,
923 1703 996 1746 cum
1013 1683 1138 1765 cogitat
1153 1675 1396 1766 quodperniit·

269 1783 387 1838 tantur
410 1775 506 1850 bella,
530 1786 562 1839 et
584 1787 660 1840 tunc
681 1769 729 1840 tot
750 1777 920 1842 hominum
946 1799 1048 1854 neces,
1071 1799 1111 1842 ac
1136 1789 1234 1861 opum
1258 1779 1396 1844 allorum

267 1869 655 1951 depraedationes-Ex
679 1873 805 1936 Divina
824 1874 1045 1938 Providentia
1065 1894 1134 1938 non
1154 1884 1219 1951 est,
1241 1885 1278 1938 ut
1302 1874 1395 1939 bella

268 1967 435 2040 existant,
455 1969 533 2052 quia
557 1969 653 2033 unita
676 1979 757 2033 sunt
781 1989 858 2033 cum
882 1969 1086 2047 homicidiis,
1112 1970 1393 2053 depraedationi·
1466 2007 1468 2010 ·

268 2059 342 2137 bus,
366 2064 549 2138 violentiis,
574 2066 736 2140 saevitiis,
761 2074 797 2129 et
820 2065 895 2128 aliis
918 2065 1018 2129 malis
1041 2067 1248 2141 enormibus,
1268 2087 1394 2150 quaec

267 2160 438 2225 diametro
456 2175 577 2226 contra
594 2163 824 2227 Christianam
847 2164 1055 2229 charitatem
1075 2175 1177 2231 sunt:
1203 2166 1264 2228 sed
1288 2185 1396 2249 usque

268 2267 337 2318 non
357 2268 502 2338 possunt
519 2279 587 2321 non
604 2260 769 2342 permitti,
787 2259 865 2342 quia
881 2279 978 2324 amor
993 2261 1086 2324 vitae
1105 2259 1295 2336 hominum,
1312 2272 1396 2342 post

266 2354 536 2436 antiquissimos,
554 2357 610 2439 qui
629 2356 870 2440 intelliguntur
889 2377 949 2439 per
965 2355 1140 2420 Adamum
1158 2366 1194 2419 et
1213 2355 1395 2441 ejus'buxo·

266 2469 341 2515 rem
360 2450 417 2534 (de
441 2455 561 2536 quibus
584 2475 698 2536 supra,
723 2475 755 2518 n.
780 2452 870 2536 241),
891 2455 972 2518 talis
995 2451 1103 2518 fabius
1126 2464 1193 2529 est,
1218 2464 1255 2519 ut
1280 2455 1394 2518 domi·

266 2548 341 2611 nari
356 2549 441 2612 velit
458 2569 559 2630 super
574 2549 671 2623 alios,
688 2559 724 2612 et
741 2550 883 2613 tandem
903 2571 1004 2633 super
1020 2569 1152 2624 omnes,
1170 2558 1264 2613 aeut
1281 2550 1395 2633 possi·

265 2645 349 2710 dere
368 2644 451 2708 velit
468 2644 585 2707 mundi
602 2665 696 2727 opes,
714 2653 749 2707 et
764 2646 904 2708 tandem
924 2665 1054 2710 omnes.
1100 2644 1148 2708 Hi
1167 2645 1237 2708 bini
1255 2665 1396 2709 amores

265 2759 336 2804 non
358 2751 504 2822 possunt
533 2741 566 2802 in
590 2739 734 2802 vinculis
761 2741 883 2816 teneri,
907 2759 985 2803 cum
1011 2743 1200 2804 secundum
1229 2739 1392 2804 Divinam

266 2837 522 2903 Providentiam
555 2847 621 2910 est,
648 2847 684 2899 ut
717 2837 823 2900 cuivis
853 2835 956 2901 liceat
986 2857 1031 2900 ex
1063 2837 1172 2901 libero
1201 2838 1391 2902 secundum

265 2934 435 2997 rationem
467 2953 570 3014 agere
596 2932 654 3013 (de
685 2952 752 3014 qua
774 2933 932 2996 videatur
960 2951 1075 3013 supra,
1099 2952 1131 2995 n.
1155 2931 1328 3015 71—¹¹¹99);
1353 2943 1392 2997 et

264 3030 358 3112 quod
381 3029 509 3111 absque
533 3028 814 3112 permissionibus
839 3028 945 3092 homo
968 3046 1036 3090 non
1060 3029 1170 3110 possit
1193 3048 1214 3091 a
1237 3027 1393 3092 Domino

264 3125 342 3188 duci
358 3145 378 3188 a
393 3125 496 3200 malo,
510 3125 560 3188 ita
576 3143 643 3186 non
660 3122 833 3187 reformari
849 3134 885 3186 et
901 3123 1047 3202 salvari;
1069 3144 1149 3187 nam
1165 3123 1229 3187 nisi
1246 3125 1387 3207 permit·

263 3230 394 3285 teretur
417 3231 455 3284 ut
473 3220 564 3283 mala
583 3229 776 3300 erumpant,
794 3219 898 3282 homo
918 3239 985 3282 non
1005 3221 1139 3284 videret
1158 3218 1228 3296 illa,
1249 3220 1299 3282 ita
1318 3239 1390 3284 non

262 3327 470 3398 agnosceret
495 3315 564 3391 illa,
585 3325 620 3378 et
643 3316 691 3378 sic
711 3335 781 3378 non
802 3314 925 3378 adduci
949 3325 1068 3397 posset
1092 3315 1135 3378 ad
1155 3314 1388 3378 resistendum

262 3411 341 3475 iliis.
388 3412 473 3476 Inde
492 3423 557 3485 est,
579 3411 671 3493 quod
691 3430 752 3493 per
770 3409 919 3492 aliquam
939 3409 1196 3474 Providentiam
1216 3429 1284 3473 non
1305 3429 1388 3492 pos·

263 3509 333 3572 sint
364 3508 455 3572 mala
485 3507 649 3585 inhiberi3
677 3526 758 3571 nam
788 3507 835 3570 sic
863 3516 1044 3570 manerent
1068 3505 1212 3580 inclusa,
1237 3514 1272 3568 et
1297 3506 1387 3571 sicut

263 3605 413 3680 morbus,
442 3603 498 3686 qui
525 3613 671 3666 vocatur
694 3622 819 3667 cancer
845 3613 881 3666 et
908 3623 1120 3685 gangraena,
1149 3603 1386 3684 circumvaga·

260 3711 381 3764 rentur.
403 3709 439 3764 et
463 3708 705 3764 consumerent
729 3718 831 3762 omne
854 3699 960 3761 vitale
983 3697 1181 3761 humanum.
1229 3708 1287 3773 [2.]
1318 3695 1385 3760 Est

261 3798 352 3859 enim
377 3797 482 3859 homo
505 3816 551 3859 ex
578 3796 766 3858 nativitate
790 3796 877 3858 sicut
900 3795 1065 3876 exiguum
1089 3793 1269 3866 infernum,
1294 3793 1387 3856 inter

260 3893 353 3974 quod
381 3902 417 3955 et
445 3893 535 3954 inter
564 3890 696 3954 caelum
721 3899 775 3954 est
805 3900 991 3973 pepetuum
1022 3888 1209 3952 dissidium.
1260 3886 1386 3951 Nullus

260 3987 365 4052 homo
381 4009 426 4051 ex
446 4009 507 4051 suo
523 3987 655 4051 inferno
674 3997 793 4069 potest
810 3985 947 4049 extrahi
963 4007 983 4049 a
1002 3984 1164 4062 Domin0,
1185 3983 1249 4046 nisi
1266 3983 1384 4046 videat

259 4085 353 4166 quod
376 4085 422 4147 ibi
445 4087 500 4157 sit,
526 4094 561 4147 et
583 4085 646 4146 nisi
670 4083 754 4146 velit
781 4081 902 4159 educi;
926 4091 962 4144 et
985 4081 1051 4144 hoc
1075 4099 1145 4144 non
1169 4077 1240 4142 fieri
1264 4088 1384 4160 potest

259 4181 388 4265 absque
408 4180 701 4262 permissionibus,
721 4197 863 4262 quarum
883 4198 1006 4241 causae
1025 4186 1106 4241 sunt
1123 4175 1219 4257 leges
1236 4174 1384 4238 Divinae

260 4275 513 4340 Providentiae.
551 4275 608 4339 Ex
624 4276 688 4339 hac
703 4284 884 4348 causaest,
898 4274 989 4356 quod
1006 4271 1098 4336 bella
1111 4273 1243 4336 minora
1256 4281 1291 4334 et
1309 4289 1382 4332 ma·

254 4371 331 4454 jora
355 4373 448 4450 sint;
474 4374 605 4436 minora
629 4374 719 4436 inter
742 4372 959 4454 praediorum
983 4388 1202 4452 possessores
1226 4377 1262 4430 et
1292 4366 1383 4428 inter

260 4467 390 4531 vicinos
414 4489 543 4541 eorum,
569 4480 603 4532 et
633 4468 759 4550 majora
786 4469 1088 4547 interregnorum
1117 4461 1323 4527 monarchas
1345 4471 1382 4524 et

258 4564 349 4628 inter
367 4565 487 4628 horum
507 4567 647 4629 vicinos.
694 4563 806 4626 Minus
824 4574 860 4628 et
880 4561 987 4644 majus
1007 4581 1076 4624 non
1099 4559 1181 4623 sacit
1201 4557 1292 4622 aliud
1311 4556 1381 4619 dis·

243 4661 400 4738 ¹crimen,
421 4680 523 4745 quam
542 4661 634 4745 quod
651 4661 761 4724 minus
777 4661 867 4724 intra
884 4658 1011 4722 limites
1028 4665 1189 4722 teneatur
1205 4672 1267 4737 per
1284 4651 1382 4734 leges
