3448 5374
324 663 384 728 194
668 655 870 708 SAPIENTIA
893 653 1089 708 ANGELICA

318 825 515 892 intellectus
531 828 620 892 enim
638 838 691 892 est
707 826 768 891 lux
785 849 804 892 e
819 849 886 912 qua
902 847 997 892 amor
1012 827 1126 892 videt:
1152 829 1320 912 sapientia
1334 828 1437 896 intel·

320 923 428 990 lenus
451 925 556 987 etiam
576 934 628 987 est
652 944 670 987 e
692 924 766 988 luce
785 944 871 1007 quae
891 925 1046 1006 procedit
1072 945 1092 986 a
1120 924 1269 989 Domino
1290 936 1326 990 ut
1345 925 1438 992 Sole.

320 1020 405 1087 Cum
425 1021 539 1103 itaque
558 1039 654 1082 amor
672 1019 872 1095 voluntatis,
892 1020 1020 1102 absque
1044 1019 1119 1083 luce
1137 1019 1334 1085 intellectus
1353 1021 1439 1086 nihil

318 1117 424 1190 videt,
443 1125 477 1179 et
497 1124 550 1178 est
569 1134 702 1188 caecus,
720 1117 871 1198 sequitur
890 1115 980 1198 quod
1000 1115 1129 1198 absque
1148 1116 1223 1180 luce
1243 1115 1439 1181 intellec‘tus

318 1213 423 1276 etiam
444 1231 563 1273 sensus
579 1211 728 1292 corporis
747 1211 780 1272 in
797 1211 966 1274 caecitate
985 1221 1021 1274 et
1037 1211 1210 1275 obesitate
1228 1213 1350 1288 forent,
1368 1233 1437 1277 non

318 1307 429 1370 solum
442 1307 533 1368 visus
549 1315 585 1369 et
601 1305 747 1380 auditus
763 1305 822 1368 sed
840 1306 944 1368 etiam
956 1306 1085 1388 reliqui.
1124 1303 1225 1387 Quod
1243 1309 1346 1370 etiam
1358 1307 1437 1371 reli·

318 1403 374 1485 qui
391 1421 521 1476 sensus,
536 1410 589 1464 est
602 1402 681 1482 quia
690 1401 801 1462 omnis
813 1401 991 1482 perceptio
1007 1401 1076 1463 veri
1090 1412 1143 1463 est
1161 1403 1267 1465 amori
1283 1402 1317 1464 in
1332 1401 1436 1466 intel-

318 1495 420 1572 lectu,
445 1507 482 1559 ut
513 1515 614 1579 supra
636 1505 812 1559 ostensum
843 1504 909 1570 est,
934 1504 970 1558 et
1001 1514 1121 1559 omnes
1144 1515 1263 1558 sensus
1287 1497 1438 1580 corporis

317 1592 459 1655 trahunt
483 1593 741 1673 perceptionem
764 1610 858 1654 suam
882 1610 928 1653 ex
952 1593 1174 1673 perceptione
1197 1593 1322 1655 mentis
1345 1612 1436 1657 suae.

318 1685 435 1752 Simile
455 1697 509 1750 est
529 1706 604 1750 cum
624 1687 716 1749 omni
735 1683 812 1748 anu
836 1688 987 1767 corporis
999 1707 1007 1764 ;
1036 1706 1114 1750 nam
1133 1682 1229 1749 actus
1252 1708 1298 1750 ex
1321 1705 1438 1752 amore

318 1782 447 1866 absque
464 1779 652 1855 intellectu,
670 1790 723 1844 est
743 1782 830 1844 sicut
847 1778 942 1844 attus
958 1781 1106 1845 hominis
1125 1782 1157 1844 in
1178 1779 1299 1860 nocte3
1327 1783 1438 1846 nescit

318 1880 408 1941 enim
423 1888 504 1941 tunc
521 1877 625 1941 homo
637 1878 716 1960 quid
728 1879 801 1958 agit
816 1899 824 1954 ;
848 1877 928 1940 inde
944 1878 977 1939 in
991 1875 1070 1941 aliu
1083 1877 1165 1941 nihil
1179 1899 1224 1941 ex
1238 1877 1436 1960 intelligen-

318 1973 367 2036 tia
394 1993 432 2036 ac
460 1972 629 2053 sapientia
652 1971 750 2048 soret,
773 1974 828 2054 qui
852 1970 947 2036 attus
973 1992 1041 2036 non
1065 1982 1183 2054 potest
1205 1974 1319 2037 vocari
1341 1971 1438 2039 actus

317 2069 435 2146 vivus;
466 2065 562 2131 allus
586 2067 690 2129 etiam
714 2066 819 2130 trahit
843 2086 940 2129 suum
963 2087 1039 2131 esse
1063 2067 1107 2131 ab
1129 2088 1256 2142 amore,
1280 2079 1317 2133 et
1340 2087 1437 2132 suum

318 2161 418 2246 quale
438 2163 481 2224 ab
498 2161 738 2242 intelligentia.
781 2162 963 2226 Praeterea
979 2163 1090 2227 omnis
1106 2163 1266 2244 potentia
1284 2163 1365 2227 boni
1384 2171 1437 2227 est

318 2277 378 2341 per
397 2277 513 2321 verum
530 2279 537 2336 ;
562 2277 665 2339 quare
683 2256 810 2320 bonum
830 2257 864 2320 in
883 2277 965 2321 vero
983 2267 1019 2321 et
1038 2257 1085 2321 sic
1109 2277 1169 2340 per
1186 2258 1269 2321 illud
1293 2259 1377 2340 agit,
1396 2277 1436 2322 ac
1461 2311 1464 2316 ,

318 2352 445 2416 bonum
462 2363 516 2416 est
535 2352 671 2426 amoris,
689 2361 725 2414 et
744 2371 861 2415 verum
878 2361 932 2416 est
951 2350 1158 2417 intellectus.
1204 2352 1260 2415 Ex
1283 2352 1335 2416 his
1354 2371 1436 2418 con-

317 2456 410 2510 stare
434 2456 562 2528 potest,
582 2446 672 2528 quod
696 2464 792 2508 amor
815 2466 874 2510 seu
897 2445 1058 2510 voluntas
1081 2465 1141 2528 per
1163 2456 1233 2509 tres
1255 2445 1332 2509 illas
1354 2465 1437 2510 con·

314 2539 518 2624 junttiones,
539 2541 580 2603 de
600 2541 720 2624 quibus
739 2560 842 2623 supra
861 2538 909 2625 (n.
927 2538 1018 2624 404),
1039 2542 1074 2604 in
1093 2561 1154 2604 sua
1172 2541 1243 2605 vita
1261 2542 1436 2618 sensitiva,

318 2646 355 2700 et
374 2638 407 2699 in
427 2657 487 2700 sua
506 2637 577 2699 vita
596 2632 708 2700 activa
726 2636 780 2699 sit.

380 2745 482 2813 4o7.
512 2728 614 2812 Quod
644 2733 694 2794 ita
723 2732 779 2806 sit,
807 2731 851 2794 ad
882 2731 996 2794 vivum
1023 2729 1216 2795 confirmari
1245 2741 1362 2813 potest
1391 2751 1438 2796 ex

318 2823 558 2906 conjunctione
582 2824 692 2888 cordis
722 2842 799 2888 cum
830 2823 1004 2906 pulmone,
1029 2825 1109 2908 quia
1131 2825 1211 2889 talis
1235 2844 1436 2907 correspon-

318 2919 437 2984 dentia
452 2928 506 2983 est
525 2920 614 2983 inter
629 2916 845 2983 voluntatem
862 2927 898 2982 et
917 2938 986 2994 cor,
1003 2938 1043 2981 ac
1062 2920 1152 2982 inter
1167 2915 1382 2982 intellectum
1401 2928 1438 2983 et

318 3014 527 3098 pulmonem,
545 3023 582 3076 ut
601 3014 689 3077 sicut
708 3031 805 3077 amor
823 3032 899 3075 cum
919 3011 1098 3078 intellectu
1112 3012 1337 3096 spiritualiter
1351 3014 1436 3095 agit,

317 3108 367 3173 ita
386 3129 445 3173 cor
462 3128 539 3173 cum
558 3107 720 3190 pulmone
739 3107 963 3186 naturaliter;
987 3109 1066 3172 inde
1084 3118 1228 3192 possunt
1244 3105 1438 3189 supradicta

317 3205 406 3268 sicut
429 3205 462 3268 in
481 3205 630 3286 imagine
649 3203 769 3268 oblata
786 3202 887 3267 oculo
905 3204 1023 3266 videri.
1068 3201 1171 3285 Quod
1189 3202 1293 3268 homo
1312 3223 1380 3267 non
1403 3204 1437 3267 in

318 3299 432 3382 aliqua
450 3301 523 3364 vita
541 3300 705 3364 sensitiva
724 3299 778 3374 sit,
799 3318 861 3362 nec
880 3299 913 3360 in
932 3298 1045 3382 aliqua
1063 3299 1136 3363 vita
1153 3294 1266 3363 activa
1283 3298 1339 3373 sit,
1356 3296 1437 3362 dum

318 3415 378 3460 cor
401 3404 436 3458 et
457 3394 573 3476 pulmo
595 3414 664 3459 non
685 3393 785 3457 simul
804 3403 923 3475 agunt,
944 3401 1084 3457 constat
1103 3413 1148 3457 ex
1166 3401 1261 3456 statu
1278 3391 1436 3474 embryo·
1511 3477 1514 3484 Ι

318 3491 371 3554 nis
397 3509 457 3552 seu
486 3489 625 3553 infantis
652 3490 687 3552 in
716 3497 825 3564 utero,
845 3497 881 3552 et
908 3509 953 3552 ex
977 3497 1071 3553 statu
1093 3486 1164 3569 ejus
1187 3495 1266 3569 post
1291 3495 1435 3568 partum.

319 3581 490 3665 Quamdiu
509 3583 614 3648 homo
632 3593 686 3647 est
702 3583 855 3664 embryo‚
873 3604 933 3647 seu
952 3585 987 3647 in
1006 3592 1114 3658 utero,
1133 3582 1313 3666 pulmones
1331 3581 1438 3646 clausi

318 3689 421 3755 sunt;
456 3679 534 3740 inde
564 3679 594 3742 ei
624 3697 693 3741 non
723 3687 777 3742 est
807 3679 928 3763 aliquis
946 3699 1075 3753 sensus,
1097 3698 1159 3742 nec
1187 3678 1306 3760 aliquis
1329 3674 1435 3755 actus,

318 3773 470 3836 sensoria
486 3782 565 3836 sunt
582 3773 730 3846 occlusa,
748 3793 868 3838 manus
885 3785 964 3839 sunt
984 3774 1123 3855 ligatae,
1141 3773 1297 3836 similiter
1311 3773 1417 3856 pedes
1426 3793 1436 3854 ;

318 3876 355 3931 at
374 3875 453 3949 post
472 3876 607 3948 partum
627 3869 824 3949 aperiuntur
842 3868 1031 3951 pulmones,
1053 3878 1089 3932 et
1112 3869 1198 3931 sicut
1223 3867 1257 3931 hi
1280 3868 1436 3950 aperiun-

318 3971 384 4037 tur,
404 3962 453 4026 ita
470 3962 576 4026 homo
592 3964 697 4026 sentit
717 3973 752 4028 et
771 3965 863 4046 agit;
887 3965 1083 4047 aperiuntur
1100 3962 1279 4045 pulmones
1297 3980 1357 4044 per
1374 3963 1436 4026 im·

319 4059 459 4122 missum
482 4079 501 4121 e
524 4059 628 4121 corde
651 4060 863 4140 sanguinem.
908 4058 1010 4140 Quod
1039 4058 1142 4122 bomo
1170 4078 1237 4120 non
1268 4058 1300 4120 in
1324 4055 1438 4140 aliqua

316 4156 390 4218 vita
409 4155 584 4230 sensitiva,
605 4173 667 4218 nec
688 4156 721 4216 in
745 4155 858 4238 aliqua
877 4157 948 4219 vita
967 4152 1078 4219 activa
1094 4155 1149 4230 sit,
1166 4154 1294 4235 absque
1310 4171 1436 4234 coope-

317 4251 453 4314 ratione
476 4251 588 4314 cordis
611 4260 647 4313 et
671 4250 851 4333 pulmonis,
875 4261 974 4334 patet
997 4271 1131 4334 quoque
1154 4270 1174 4313 a
1197 4249 1375 4332 deliquiis;
1401 4248 1436 4311 in

317 4345 385 4411 illis
405 4346 515 4408 solum
534 4366 593 4409 cor
611 4348 694 4427 agit,
716 4356 751 4410 et
775 4366 842 4410 non
862 4346 989 4429 pulmo,
1009 4355 1063 4410 est
1081 4346 1172 4409 enim
1191 4353 1273 4407 tunc
1292 4343 1436 4424 respira·

318 4442 369 4506 tio
385 4442 567 4523 adempta:
592 4441 684 4525 quod
700 4443 733 4504 in
751 4441 817 4504 illis
829 4442 921 4505 nulla
934 4442 1086 4505 sensatio
1101 4441 1156 4508 sit.
1170 4457 1232 4502 nec
1250 4437 1319 4501 ulla
1334 4434 1435 4512 actio,

318 4544 440 4599 notum
459 4547 523 4599 est.
568 4535 686 4600 Simile
704 4546 757 4600 est
776 4554 852 4600 cum
868 4537 1005 4600 homine
1020 4537 1076 4618 qui
1092 4534 1285 4610 suffocatur,
1301 4533 1373 4596 sive
1391 4531 1437 4597 sit

318 4649 382 4712 per
399 4648 534 4712 aquam,
554 4632 625 4695 sive
648 4651 709 4713 per
727 4629 881 4715 1¹¹aliquid
901 4632 992 4716 quod
1015 4631 1168 4714 obstipat
1190 4621 1382 4712 laryngein,
1399 4633 1436 4692 et
