3422 5380
334 661 400 732 270
697 657 902 708 SAPIENTIA
926 657 1122 708 ANGELICA

334 841 428 907 sunt,
449 830 561 895 solum
580 827 759 894 reflectant
779 849 880 913 super
898 827 992 893 mala
1009 829 1099 910 apud
1119 851 1167 904 se,
1188 840 1223 894 et
1242 830 1303 895 illa
1321 853 1343 895 a
1365 852 1404 898 se
1422 831 1467 898 ad

334 927 514 1003 infernum,
540 926 629 991 unde
662 936 754 1000 sunt,
779 926 946 1007 rejiciant,
971 937 1139 1010 quantum
1163 927 1222 990 illa
1252 936 1288 992 ut
1320 939 1468 1011 peccata

335 1022 469 1104 fugiunt
494 1034 530 1087 et
553 1031 764 1087 aversantur.
813 1019 873 1105 (5.)
906 1018 1009 1104 Quod
1027 1023 1076 1085 sic
1097 1021 1223 1085 Divina
1245 1023 1467 1096 Providentia

336 1138 406 1182 non
426 1119 624 1202 appropriet
642 1117 742 1181 alicui
762 1118 900 1192 malum,
922 1136 985 1181 nec
1008 1117 1110 1181 alicui
1129 1117 1269 1193 bonum,
1289 1119 1351 1182 sed
1374 1120 1466 1204 quod

336 1217 474 1297 propria
494 1214 677 1298 prudentia
696 1225 879 1297 utrumque
898 1213 1106 1296 appropriet.

398 1324 492 1391 321.
523 1308 590 1373 Sed
610 1309 695 1373 haec
720 1311 754 1372 in
779 1310 960 1392 proposito
979 1308 1099 1372 ordine
1118 1309 1348 1391 explicentur.
1395 1311 1465 1376 Pri·

337 1423 431 1468 mum
445 1424 452 1466 :
481 1402 578 1483 Quod
585 1404 645 1487 qui
656 1404 832 1487 confirmat
845 1402 942 1484 apud
952 1423 989 1466 se
1003 1404 1250 1486 apparentiam,
1269 1405 1360 1488 quod
1370 1407 1464 1487 sapi·

335 1500 428 1563 entia
444 1509 477 1563 et
490 1499 677 1582 prudentia
691 1499 762 1563 sint
778 1498 821 1562 ab
837 1498 968 1561 homine
987 1509 1022 1562 et
1043 1498 1079 1562 in
1094 1497 1226 1563 homine
1246 1510 1285 1563 ut
1305 1501 1385 1584 ejus,
1403 1523 1466 1564 non

335 1596 452 1659 videre
466 1596 580 1677 possit
594 1594 706 1671 aliter,
725 1615 826 1678 quam
845 1595 936 1677 qaod
947 1593 1078 1676 altaqui
1090 1615 1153 1658 non
1167 1595 1266 1675 foret
1282 1596 1388 1670 homo,
1408 1597 1471 1661 scd

335 1691 394 1754 vel
411 1690 528 1766 bestia,
548 1690 605 1754 vel
630 1690 806 1772 sculptile,·
836 1711 910 1752 cum
935 1699 1046 1753 tamen
1072 1691 1279 1754 contrarium
1303 1701 1362 1754 est.
1409 1691 1465 1755 Ex

336 1787 416 1868 lege
434 1787 579 1850 Divinae
596 1786 839 1850 Providentiae
855 1794 920 1861 est,
939 1795 977 1848 ut
996 1785 1101 1849 homo
1117 1786 1250 1867 cogitet
1268 1787 1357 1851 sicut
1377 1808 1397 1850 a
1416 1809 1464 1862 se,

337 1893 443 1965 utque
462 1884 646 1964 prudenter
664 1891 749 1964 agat
768 1883 856 1945 sicut
882 1901 904 1944 a
930 1901 977 1956 se,
997 1881 1059 1944 sed
1078 1901 1184 1963 usque
1215 1891 1252 1945 ut
1283 1893 1465 1964 agnoscat,

335 1978 430 2060 quod
455 1979 499 2041 sit
531 1999 551 2041 a
579 1977 739 2042 Domino.
786 1976 872 2040 Inde
895 1976 1051 2060 sequitur
1073 1975 1166 2058 quod
1189 1977 1246 2059 qui
1271 1979 1406 2060 cogitat
1429 1987 1490 2043 et·

337 2074 526 2154 prudenter
549 2075 624 2157 agit
648 2076 737 2138 sicut
766 2094 789 2138 a
817 2094 866 2149 se,
890 2081 926 2136 et
950 2071 1051 2136 simul
1075 2074 1236 2154 agnoscit
1260 2074 1353 2158 quod
1375 2075 1421 2139 sit
1445 2096 1467 2138 a

338 2168 501 2243 Domino,
516 2169 574 2232 ille
590 2171 635 2234 sit
651 2169 778 2248 homo;
802 2189 871 2232 non
885 2176 1000 2232 autem
1016 2166 1087 2243 ille,
1105 2167 1162 2250 qui
1178 2167 1360 2234 confirmat
1375 2171 1466 2253 apud

335 2284 386 2340 se,
404 2265 496 2347 quod
516 2285 617 2329 omne
637 2265 730 2349 quod
749 2266 885 2347 cogitat
904 2272 941 2327 et
960 2262 1052 2347 quod
1072 2264 1157 2344 agit,
1178 2263 1223 2327 sit
1242 2285 1288 2326 ex
1307 2285 1367 2344 se;
1391 2275 1465 2330 tum

334 2381 401 2425 nec
421 2361 489 2435 ille,
511 2362 567 2444 qui
590 2363 669 2444 quia
687 2361 754 2424 scit
773 2361 865 2444 quod
884 2359 1056 2441 sapientia
1078 2368 1115 2422 et
1138 2358 1324 2440 prudentia
1344 2381 1366 2424 a
1389 2359 1466 2425 Deo

333 2467 428 2531 sunt,
447 2478 552 2540 usque
571 2453 755 2538 exspettat
774 2453 950 2518 influxum.
993 2453 1058 2518 Hic
1076 2454 1167 2517 enim
1187 2453 1225 2519 fit
1244 2456 1333 2520 sicut
1350 2455 1464 2540 sculp-

335 2554 409 2627 tile,
427 2562 463 2617 et
480 2553 538 2616 ille
555 2553 642 2616 sicut
661 2552 781 2615 bestia.
829 2548 932 2632 Quod
948 2548 1007 2612 ille
1026 2551 1083 2632 qui
1099 2547 1284 2630 exspectat
1299 2550 1464 2616 influxum

334 2651 381 2712 sit
394 2649 484 2712 sicut
496 2646 669 2729 sculptile,
684 2656 782 2728 patet
795 2666 804 2724 3
829 2653 970 2726 oportet
984 2645 1076 2707 enim
1090 2654 1126 2708 ut
1143 2645 1171 2708 is
1187 2655 1261 2710 stet
1273 2646 1329 2710 vel
1343 2648 1465 2711 sedeat

334 2745 512 2818 immotus,
533 2744 691 2807 manibus
713 2741 875 2816 remissis,
895 2739 1005 2805 oculis
1028 2738 1084 2803 vel
1107 2740 1233 2804 clausis
1257 2741 1313 2806 vel
1336 2745 1465 2825 apertis

334 2841 466 2923 absque
497 2835 599 2912 nittu,
625 2858 694 2902 non
717 2837 907 2920 cogitando
934 2855 997 2900 nec
1022 2837 1218 2901 animando.
1266 2837 1358 2920 Quid
1381 2849 1463 2903 tunc

335 2946 429 3009 vitae
448 2944 497 3007 illi
517 2945 593 3009 est?
639 2949 697 3010 [2.]
729 2940 832 3026 Quod
851 2942 909 3007 ille
929 2942 986 3027 qui
1005 2943 1115 3006 credit
1134 2943 1227 3026 quod
1246 2945 1364 3008 omnia
1378 2966 1464 3028 quae

333 3041 470 3122 cogitat
488 3050 524 3104 et
543 3040 627 3121 agit,
645 3041 712 3103 sint
730 3060 775 3103 ex
795 3061 842 3114 se,
861 3059 931 3103 non
948 3038 1121 3102 dissimilis
1136 3039 1269 3104 bestiae
1286 3041 1341 3115 sit,
1359 3043 1463 3104 etiam

335 3147 435 3219 patet
449 3159 456 3216 ;
481 3155 562 3200 narn
579 3135 715 3216 cogitat
731 3134 845 3198 solum
861 3157 908 3198 ex
926 3143 1043 3198 mente
1060 3135 1215 3210 naturali,
1230 3157 1318 3219 quae
1335 3135 1464 3199 homini

333 3233 527 3296 communis
546 3240 600 3295 est
620 3250 697 3295 cum
716 3232 849 3307 bestiis,
869 3241 905 3296 et
924 3251 994 3294 non
1014 3252 1060 3294 ex
1080 3241 1198 3295 mente
1216 3232 1376 3296 rationali
1395 3233 1463 3314 spi·

333 3327 460 3403 rituali,
480 3348 566 3411 quae
585 3335 641 3391 est
660 3345 757 3390 mens
776 3347 856 3390 vere
876 3326 1045 3405 humana;
1070 3326 1155 3390 haec
1175 3328 1266 3390 enim
1287 3346 1383 3389 mens
1402 3347 1463 3408 ag·

334 3424 460 3499 noscit,
482 3421 574 3506 quod
594 3421 688 3486 solus
708 3421 802 3486 Deus
822 3423 956 3504 cogitet
974 3443 1021 3485 ex
1044 3441 1092 3498 se,
1118 3432 1153 3486 et
1177 3422 1269 3505 quod
1289 3422 1394 3485 homo
1418 3444 1463 3485 ex

336 3518 432 3582 Deo:
457 3539 562 3601 quare
581 3518 689 3581 etiarn
705 3517 786 3581 talis
806 3537 876 3580 non
896 3518 961 3580 scit
981 3518 1166 3581 discrimen
1182 3518 1273 3581 inter
1288 3516 1463 3581 hominem

332 3625 371 3678 et
387 3614 535 3677 bestiam
548 3612 642 3676 aliud
655 3633 758 3696 quarn
771 3613 862 3696 quod
876 3613 982 3676 homo
994 3612 1155 3697 loquatur
1166 3622 1202 3677 et
1215 3612 1329 3676 bestia
1341 3625 1443 3678 sonet
1455 3635 1463 3693 ;

334 3719 372 3774 et
402 3708 513 3773 credit
537 3707 631 3792 quod
656 3720 800 3793 uterque
824 3709 988 3772 moriatur
1010 3709 1179 3773 similiter.
1225 3712 1282 3775 [3.]
1314 3708 1366 3772 De
1397 3708 1464 3774 illis

331 3806 391 3888 qui
415 3802 606 3886 expectant
635 3803 801 3869 influxum
826 3803 938 3868 adhuc
968 3803 1096 3888 aliquid
1120 3805 1265 3868 dicetur.
1310 3803 1365 3867 llli
1394 3824 1463 3868 non

332 3901 502 3983 recipiunt
520 3899 681 3984 aliquem,
696 3901 760 3964 nisi
776 3920 878 3984 quam
895 3899 993 3982 pauci
1010 3901 1065 3982 qui
1082 3921 1127 3964 ex
1144 3899 1249 3964 corde
1265 3899 1464 3964 desiderant

332 3996 441 4072 illum,
455 3996 490 4060 hi
506 3997 712 4080 quandoque
724 3998 893 4079 recipiunt
906 3995 1045 4078 aliquod
1057 4016 1260 4079 responsum
1276 4016 1337 4078 per
1348 3996 1463 4060 vivam

333 4092 594 4174 perceptionem
611 4093 646 4155 in
665 4093 895 4174 cogitatione,
915 4092 971 4155 vel
991 4112 1051 4173 per
1070 4093 1216 4156 tacitam
1235 4089 1409 4174 loquelam
1428 4091 1463 4155 in

332 4188 405 4264 illo,
426 4199 462 4252 et
482 4209 560 4252 raro
579 4209 639 4272 per
659 4187 898 4266 manifestam3
924 4199 959 4251 et
985 4197 1067 4251 tunc
1087 4189 1165 4264 hoc,
1187 4198 1224 4252 ut
1247 4189 1404 4271 cogitent
1426 4196 1462 4252 et

333 4295 441 4365 agant
462 4286 551 4349 sicut
570 4283 692 4348 volunt
716 4292 752 4348 et
779 4285 867 4348 sicut
887 4293 1045 4366 possunt,
1066 4294 1101 4348 et
1130 4282 1223 4368 quod
1247 4285 1304 4367 qui
1323 4285 1461 4368 sapien-

331 4387 386 4442 ter
405 4383 479 4462 agit
499 4381 636 4464 sapiens
655 4382 711 4455 sit,
729 4390 765 4443 et
785 4381 840 4464 qui
861 4379 968 4444 stulte
988 4381 1063 4462 agit
1083 4379 1213 4444 stultus
1232 4379 1295 4460 sit;
1318 4387 1356 4442 et
1379 4399 1461 4443 nus·

331 4494 436 4558 quam
460 4465 676 4540 instruuntur
699 4477 779 4558 quid
804 4476 966 4540 credituri
990 4485 1026 4540 et
1053 4476 1134 4558 quid
1157 4473 1278 4539 facturi
1300 4474 1370 4538 sint
1384 4495 1393 4554 ;
1424 4484 1460 4539 et

330 4570 397 4633 hoc
422 4591 467 4634 ex
491 4591 605 4646 causa,
626 4591 669 4636 ne
693 4571 863 4634 rationale
886 4583 922 4635 et
946 4571 1092 4635 liberum
1111 4572 1296 4635 humanum
1317 4578 1459 4652 pereat;

329 4665 424 4748 quod
447 4676 512 4743 est,
534 4675 570 4730 ut
593 4669 735 4750 quisque
760 4687 804 4729 ex
830 4666 938 4731 libero
961 4668 1151 4731 secundum
1170 4667 1339 4730 rationem
1362 4673 1459 4748 agat,
