3426 5382
303 649 345 720 72
652 645 856 699 sumum
879 647 1072 702 ANGELICA

303 839 385 885 num
404 817 628 903 cogitationis
646 813 796 882 hominis
813 815 848 880 in
867 837 905 881 se
922 815 967 882 sit
986 813 1087 902 quale
1102 815 1276 882 internum
1294 816 1430 902 cogita·

303 918 408 981 tionis
421 915 492 998 ejus
507 936 516 993 ;
540 925 576 980 et
588 915 680 998 quod
697 913 908 978 cohaereant
923 912 1013 977 sicut
1025 911 1110 976 illud
1122 915 1214 996 quod
1231 933 1300 978 non
1317 914 1429 978 soium

303 1013 397 1075 intus
416 1013 449 1074 in
469 1010 582 1074 altero
599 1021 666 1086 est,
686 1011 748 1074 sed
770 1010 876 1073 etiam
894 1029 942 1072 ex
959 1008 1094 1086 altero;
1117 1029 1221 1092 quare
1240 1029 1309 1072 non
1329 1029 1429 1094 sepa-

303 1108 369 1171 rari
393 1115 510 1190 potest
533 1124 637 1170 unum
663 1105 727 1168 nisi
751 1103 851 1168 simul
873 1104 1033 1168 alterum.
1078 1103 1134 1168 Ita
1156 1113 1211 1168 est
1233 1123 1311 1169 cum
1334 1108 1430 1172 omni

303 1213 452 1267 externo
467 1203 558 1285 quod
577 1200 622 1265 ab
639 1199 778 1265 interno
792 1209 856 1275 est,
876 1207 912 1263 et
932 1219 1009 1264 cum
1028 1201 1122 1263 omni
1141 1203 1321 1282 posteriori
1337 1204 1429 1285 quod

304 1300 448 1382 aptiori
476 1308 541 1374 est,
566 1306 702 1363 etcum
730 1297 823 1361 omni
852 1292 974 1360 effectu
998 1297 1055 1381 qui
1078 1316 1098 1359 a
1125 1316 1230 1360 causa
1257 1307 1322 1360 est.
1370 1311 1428 1375 [2.]

273 1405 277 1414 ’
304 1395 403 1459 Nunc
420 1396 500 1479 quia
519 1393 821 1478 concupiscentiae
840 1409 1002 1456 unacum
1021 1393 1160 1456 astutiis
1175 1391 1305 1458 iaciunt
1320 1395 1427 1458 inter-

304 1515 384 1558 num
409 1498 631 1580 cogitationis
646 1496 736 1580 apud
762 1495 883 1570 malos,
905 1504 940 1558 et
956 1491 1106 1575 jucunda
1129 1495 1427 1578 concupiscentia·

304 1610 377 1654 rum
402 1611 468 1656 una
494 1612 571 1656 cum
599 1593 910 1656 machinationibus
934 1589 1063 1652 iaciunt
1086 1599 1268 1653 externum
1292 1593 1427 1674 cogita·

303 1687 408 1750 tionis
424 1689 514 1772 apud
531 1688 621 1764 illos,
635 1699 671 1752 et
686 1689 772 1752 haec
787 1705 864 1751 cum
881 1686 948 1749 iliis
965 1682 1149 1768 conjuncta
1164 1695 1244 1752 sunt
1259 1687 1293 1750 in
1312 1706 1427 1764 unum,

304 1785 458 1868 sequitur
484 1788 576 1870 quod
604 1789 776 1852 internum
804 1805 872 1849 non
899 1784 1010 1868 possit
1032 1782 1199 1868 purificari
1221 1803 1243 1847 a
1264 1787 1427 1869 concupi·

303 1884 456 1958 scentiis,
482 1885 644 1967 quamdiu
670 1883 762 1948 mala
791 1885 826 1948 in
853 1895 1003 1947 externo
1030 1881 1169 1946 homine
1194 1903 1263 1946 non
1293 1894 1429 1948 remota

303 1988 394 2043 sunt.
441 1978 626 2044 Sciendum
650 1988 717 2056 est,
740 1979 832 2065 quod
860 1977 1022 2042 voluntas
1050 1978 1187 2043 interna
1213 1977 1360 2043 hominis
1382 1980 1429 2044 sit

304 2098 391 2162 quae
414 2077 447 2142 in
467 2079 756 2161 concupiscentiis
782 2089 848 2154 est,
873 2087 909 2142 et
937 2079 1029 2164 quod
1053 2075 1248 2144 intellectus
1274 2079 1429 2143 internus

304 2174 376 2258 ejus
395 2176 441 2239 sit
457 2177 512 2258 qui
532 2176 565 2238 in
585 2175 734 2249 astutiis,
754 2195 794 2238 ac
811 2175 903 2258 quod
924 2175 1086 2239 voluntas
1108 2187 1256 2239 externa
1277 2175 1323 2240 sit
1341 2196 1429 2259 quae

303 2271 337 2334 in
354 2270 511 2354 jucundis
528 2271 882 2353 concupiscentiarum
902 2279 968 2346 est,
989 2290 1029 2334 ac
1049 2267 1245 2335 intellectus
1263 2281 1431 2336 externus

303 2368 349 2433 sit
376 2370 433 2452 qui
462 2368 494 2432 in
523 2366 834 2432 machinationibus
862 2388 910 2431 ex
936 2366 1083 2431 astutiis.
1129 2363 1282 2450 Quisque
1311 2378 1430 2453 potest

303 2464 422 2529 videre
445 2465 535 2547 quod
559 2463 862 2545 concupiscentiae
886 2470 924 2527 et
947 2481 1063 2526 earum
1083 2460 1234 2544 jucunda
1256 2483 1359 2529 unum
1378 2463 1429 2529 sa·

303 2561 409 2636 ciant,
431 2572 503 2624 tam
526 2559 617 2644 quod
640 2560 790 2624 astutiae
813 2569 848 2623 et
869 2559 1143 2624 machinationes
1166 2578 1271 2623 unum
1289 2560 1429 2636 iaciant,

303 2666 340 2721 et
365 2656 456 2740 quod
480 2667 627 2740 quatuor
646 2641 716 2719 ilia
743 2655 778 2720 in
808 2674 876 2718 una
899 2656 989 2721 serie
1014 2655 1095 2730 sint,
1119 2665 1156 2721 et
1179 2655 1307 2722 iaciant
1328 2655 1429 2722 simul

303 2751 393 2816 sicut
420 2769 524 2815 unum
554 2751 784 2835 manipulum;
817 2771 863 2814 ex
893 2751 1014 2834 quibus
1043 2751 1167 2816 iterum
1196 2762 1307 2835 patet,
1336 2753 1429 2837 quod

303 2849 488 2922 internum,
506 2847 598 2932 quod
615 2847 774 2912 consistit
791 2868 811 2911 a
826 2847 1129 2931 concupiscentiis,
1146 2867 1215 2912 non
1231 2848 1340 2932 possit
1354 2849 1430 2933 ejici

258 3003 262 3010 .
304 2944 370 3008 nisi
400 2961 502 3028 quam
535 2963 596 3026 per
627 2943 857 3008 remotionem
889 2944 1038 3018 externi,
1069 2943 1161 3028 quod
1191 2945 1353 3010 consistit
1381 2967 1426 3010 ex

305 3039 414 3103 malis.
460 3037 772 3122 concupiscentiae
791 3059 852 3123 per
867 3037 1018 3123 jucunda
1032 3059 1093 3103 sua
1111 3039 1306 3124 producunt
1325 3040 1427 3118 maia,

304 3134 366 3199 sed
389 3153 467 3198 cum
490 3134 582 3198 mala
604 3135 791 3200 creduntur
815 3133 921 3210 licita,
942 3136 1033 3219 quod
1053 3133 1091 3199 fit
1114 3157 1160 3200 ex
1180 3155 1348 3200 consensu
1366 3157 1426 3200 vo·

303 3229 451 3296 luntatis
467 3251 506 3294 ac
524 3227 730 3306 intellectus,
747 3239 830 3295 tunc
842 3229 993 3313 jucunda
1008 3239 1044 3295 et
1064 3229 1156 3295 mala
1171 3249 1274 3295 unum
1291 3230 1426 3298 iaciunt.

306 3325 408 3410 Quod
432 3350 621 3394 consensus
644 3331 689 3394 sit
712 3327 850 3409 iactum,
875 3341 997 3396 notum
1021 3338 1099 3411 est;
1131 3331 1222 3416 quod
1245 3331 1352 3398 etiam
1374 3341 1429 3399 est

303 3425 395 3508 quod
412 3425 582 3490 Dominus
597 3426 693 3504 dicit,

355 3573 406 3626 “Si
427 3575 486 3638 quis
507 3575 646 3638 aspexerit
668 3575 809 3625 mulierem
834 3574 961 3635 alienam,
983 3573 1020 3627 ita
1040 3584 1071 3627 ut
1089 3577 1263 3640 concupiscat
1281 3589 1350 3637 eam,
1369 3575 1426 3642 iam

435 3640 597 3691 adulterium
611 3640 756 3692 committit
768 3655 828 3692 cum
843 3641 890 3692 illa
901 3642 929 3692 in
941 3641 1022 3693 corde
1033 3641 1106 3692 suo”
1117 3642 1226 3705 (Matri.
1239 3657 1265 3694 v.
1279 3643 1329 3707 28),

304 3800 424 3868 Simile
442 3810 496 3868 est
516 3823 594 3869 cum
613 3803 752 3888 reliquis
770 3804 880 3870 malis.

368 3913 458 3965 ω.
487 3899 545 3966 Ex
574 3900 628 3965 his
658 3921 748 3966 nunc
779 3911 943 3966 constare
972 3908 1103 3984 potest,
1133 3900 1225 3985 quod
1255 3910 1294 3966 ut
1322 3900 1428 3968 homo

304 3993 501 4079 purificetur
519 4018 539 4061 a
562 3997 851 4080 concupiscentiis
867 3996 959 4073 mali,
975 3997 1118 4062 omnino
1132 3998 1344 4062 removenda
1359 3997 1428 4062 sint

304 4090 396 4156 mala
414 4092 460 4157 ab
477 4101 625 4158 externo
647 4092 798 4169 homine,
818 4113 887 4157 non
907 4094 998 4158 enim
1017 4093 1109 4176 prius
1127 4093 1230 4158 datur
1247 4093 1428 4176 concupis·

305 4189 430 4254 centiis
459 4190 596 4269 exitus;
630 4200 666 4255 et
698 4191 725 4254 si
759 4209 827 4253 non
853 4189 956 4254 datur
982 4189 1110 4267 exitus,
1134 4199 1277 4254 manent
1300 4209 1428 4254 concu-

304 4285 497 4370 piscentiae
515 4287 619 4362 intus,
639 4294 676 4351 et
695 4287 876 4371 exspirant
891 4285 1042 4369 jucunda
1058 4307 1078 4352 a
1095 4308 1144 4365 se,
1164 4295 1202 4352 et
1220 4287 1267 4352 sic
1283 4287 1428 4371 adigunt

303 4379 480 4447 hominem
499 4382 544 4446 ad
563 4403 782 4458 consensum,
802 4383 851 4447 ita
870 4383 915 4448 ad
937 4380 1075 4449 sactum.
1118 4381 1430 4468 Concupiscentiae

305 4497 366 4560 per
394 4489 579 4544 externum
612 4479 838 4562 cogitationis
872 4480 1002 4545 intrant
1035 4498 1181 4564 corpus3
1215 4501 1320 4564 quare
1349 4497 1428 4544 cum

304 4591 493 4640 consensus
517 4584 571 4640 est
595 4574 629 4638 in
648 4583 798 4640 externo
820 4576 1057 4658 cogitationis,
1076 4586 1157 4642 sunt
1180 4575 1273 4642 illico
1294 4576 1329 4640 in
1351 4595 1428 4642 cor·

303 4689 407 4752 pore;
430 4669 618 4753 jucundum
642 4671 734 4754 quod
757 4671 917 4749 sentitur,
937 4671 983 4737 ibi
1005 4681 1071 4738 est.
1116 4669 1218 4756 Quod
1241 4669 1351 4758 qualis
1373 4681 1429 4738 est
