<?xml version="1.0" encoding="UTF-8"?>
<!DOCTYPE html PUBLIC "-//W3C//DTD XHTML 1.0 Transitional//EN"
    "http://www.w3.org/TR/xhtml1/DTD/xhtml1-transitional.dtd">
<html xmlns="http://www.w3.org/1999/xhtml" xml:lang="en" lang="en">
 <head>
  <title>
</title>
<meta http-equiv="Content-Type" content="text/html;charset=utf-8" />
  <meta name='ocr-system' content='tesseract 3.04.00' />
  <meta name='ocr-capabilities' content='ocr_page ocr_carea ocr_par ocr_line ocrx_word'/>
</head>
<body>
  <div class='ocr_page' id='page_1' title='image "./sapientaangelic01swedgoog_0106.png"; bbox 0 0 3352 5374; ppageno 0'>
   <div class='ocr_carea' id='block_1_1' title="bbox 414 633 1350 706">
    <p class='ocr_par' dir='ltr' id='par_1_1' title="bbox 414 633 1350 706">
     <span class='ocr_line' id='line_1_1' title="bbox 414 633 1350 706; baseline 0.003 -21"><span class='ocrx_word' id='word_1_1' title='bbox 414 634 471 685; x_wconf 76' lang='lat' dir='ltr'>&#39;DE</span> <span class='ocrx_word' id='word_1_2' title='bbox 491 633 628 684; x_wconf 89' lang='lat' dir='ltr'>DIVINO</span> <span class='ocrx_word' id='word_1_3' title='bbox 651 633 796 698; x_wconf 84' lang='lat' dir='ltr'>AMORE,</span> <span class='ocrx_word' id='word_1_4' title='bbox 818 634 910 685; x_wconf 79' lang='lat' dir='ltr'>PARS</span> <span class='ocrx_word' id='word_1_5' title='bbox 934 635 1069 685; x_wconf 84' lang='lat' dir='ltr'>111.-N.</span> <span class='ocrx_word' id='word_1_6' title='bbox 1090 638 1162 705; x_wconf 84' lang='lat'><strong>229.</strong></span> <span class='ocrx_word' id='word_1_7' title='bbox 1313 641 1350 706; x_wconf 90' lang='lat'>91</span> 
     </span>
    </p>
   </div>
   <div class='ocr_carea' id='block_1_2' title="bbox 158 803 1355 4440">
    <p class='ocr_par' dir='ltr' id='par_1_2' title="bbox 158 803 1355 1177">
     <span class='ocr_line' id='line_1_2' title="bbox 228 803 1353 892; baseline 0.003 -22"><span class='ocrx_word' id='word_1_8' title='bbox 228 806 387 870; x_wconf 86' lang='lat' dir='ltr'>maximis</span> <span class='ocrx_word' id='word_1_9' title='bbox 407 816 442 868; x_wconf 91' lang='lat' dir='ltr'>et</span> <span class='ocrx_word' id='word_1_10' title='bbox 463 805 609 869; x_wconf 94' lang='lat' dir='ltr'>minimis</span> <span class='ocrx_word' id='word_1_11' title='bbox 628 815 681 869; x_wconf 93' lang='lat' dir='ltr'>est</span> <span class='ocrx_word' id='word_1_12' title='bbox 697 806 788 869; x_wconf 89' lang='lat' dir='ltr'>idem</span> <span class='ocrx_word' id='word_1_13' title='bbox 811 803 864 892; x_wconf 89' lang='lat' dir='ltr'>(ut</span> <span class='ocrx_word' id='word_1_14' title='bbox 888 826 999 889; x_wconf 88' lang='lat' dir='ltr'>supra,</span> <span class='ocrx_word' id='word_1_15' title='bbox 1021 827 1052 870; x_wconf 94' lang='lat' dir='ltr'>n.</span> <span class='ocrx_word' id='word_1_16' title='bbox 1071 808 1186 890; x_wconf 83' lang='lat'>77-82‚</span> <span class='ocrx_word' id='word_1_17' title='bbox 1207 809 1353 873; x_wconf 92' lang='lat' dir='ltr'>demon·</span> 
     </span>
     <span class='ocr_line' id='line_1_3' title="bbox 228 899 1355 986; baseline 0.004 -21"><span class='ocrx_word' id='word_1_18' title='bbox 228 913 376 966; x_wconf 91' lang='lat' dir='ltr'>stratum</span> <span class='ocrx_word' id='word_1_19' title='bbox 393 899 474 984; x_wconf 90' lang='lat' dir='ltr'>est).</span> <span class='ocrx_word' id='word_1_20' title='bbox 521 899 653 965; x_wconf 91' lang='lat' dir='ltr'>Horum</span> <span class='ocrx_word' id='word_1_21' title='bbox 667 903 818 966; x_wconf 94' lang='lat' dir='ltr'>omnium</span> <span class='ocrx_word' id='word_1_22' title='bbox 832 903 1018 985; x_wconf 84' lang='lat' dir='ltr'>singularia</span> <span class='ocrx_word' id='word_1_23' title='bbox 1034 914 1070 967; x_wconf 89' lang='lat' dir='ltr'>et</span> <span class='ocrx_word' id='word_1_24' title='bbox 1087 904 1355 986; x_wconf 85' lang='lat' dir='ltr'>singularissima</span> 
     </span>
     <span class='ocr_line' id='line_1_4' title="bbox 227 996 1354 1086; baseline 0.003 -23"><span class='ocrx_word' id='word_1_25' title='bbox 227 1009 307 1063; x_wconf 90' lang='lat' dir='ltr'>sunt</span> <span class='ocrx_word' id='word_1_26' title='bbox 331 996 568 1063; x_wconf 91' lang='lat' dir='ltr'>communibus</span> <span class='ocrx_word' id='word_1_27' title='bbox 592 1009 626 1061; x_wconf 91' lang='lat' dir='ltr'>et</span> <span class='ocrx_word' id='word_1_28' title='bbox 658 1000 945 1063; x_wconf 90' lang='lat' dir='ltr'>communissimis</span> <span class='ocrx_word' id='word_1_29' title='bbox 968 1001 1091 1064; x_wconf 86' lang='lat' dir='ltr'>similia</span> <span class='ocrx_word' id='word_1_30' title='bbox 1121 1001 1154 1064; x_wconf 94' lang='lat' dir='ltr'>in</span> <span class='ocrx_word' id='word_1_31' title='bbox 1185 1023 1237 1076; x_wconf 83' lang='lat' dir='ltr'>eo,</span> <span class='ocrx_word' id='word_1_32' title='bbox 1263 1003 1354 1086; x_wconf 92' lang='lat' dir='ltr'>quod</span> 
     </span>
     <span class='ocr_line' id='line_1_5' title="bbox 158 1093 1016 1177; baseline 0.002 -19"><span class='ocrx_word' id='word_1_33' title='bbox 158 1095 170 1116; x_wconf 88' lang='lat'><em>⁰</em></span> <span class='ocrx_word' id='word_1_34' title='bbox 227 1097 296 1158; x_wconf 89' lang='lat' dir='ltr'>sint</span> <span class='ocrx_word' id='word_1_35' title='bbox 317 1095 444 1158; x_wconf 79' lang='lat' dir='ltr'>formae</span> <span class='ocrx_word' id='word_1_36' title='bbox 464 1093 638 1176; x_wconf 90' lang='lat' dir='ltr'>utriusque</span> <span class='ocrx_word' id='word_1_37' title='bbox 658 1095 794 1175; x_wconf 86' lang='lat' dir='ltr'>generis</span> <span class='ocrx_word' id='word_1_38' title='bbox 811 1093 1016 1177; x_wconf 74' lang='lat' dir='ltr'>1¹¹graduum.</span> 
     </span>
    </p>

    <p class='ocr_par' dir='ltr' id='par_1_3' title="bbox 224 1188 1355 2333">
     <span class='ocr_line' id='line_1_6' title="bbox 285 1188 1353 1272; baseline 0.005 -16"><span class='ocrx_word' id='word_1_39' title='bbox 285 1193 382 1256; x_wconf 83' lang='grc'><strong>116.</strong></span> <span class='ocrx_word' id='word_1_40' title='bbox 413 1188 468 1252; x_wconf 83' lang='grc' dir='ltr'>Εκ</span> <span class='ocrx_word' id='word_1_41' title='bbox 489 1209 532 1252; x_wconf 91' lang='lat' dir='ltr'>eo</span> <span class='ocrx_word' id='word_1_42' title='bbox 548 1189 638 1272; x_wconf 92' lang='lat' dir='ltr'>quod</span> <span class='ocrx_word' id='word_1_43' title='bbox 655 1191 807 1254; x_wconf 85' lang='lat' dir='ltr'>maxima</span> <span class='ocrx_word' id='word_1_44' title='bbox 825 1201 860 1254; x_wconf 90' lang='lat' dir='ltr'>et</span> <span class='ocrx_word' id='word_1_45' title='bbox 880 1193 1020 1255; x_wconf 87' lang='lat' dir='ltr'>minima</span> <span class='ocrx_word' id='word_1_46' title='bbox 1036 1193 1105 1256; x_wconf 91' lang='lat' dir='ltr'>sint</span> <span class='ocrx_word' id='word_1_47' title='bbox 1121 1193 1250 1259; x_wconf 82' lang='lat' dir='ltr'>formae</span> <span class='ocrx_word' id='word_1_48' title='bbox 1270 1199 1353 1261; x_wconf 92' lang='lat' dir='ltr'>utri·</span> 
     </span>
     <span class='ocr_line' id='line_1_7' title="bbox 228 1287 1351 1373; baseline 0.006 -23"><span class='ocrx_word' id='word_1_49' title='bbox 228 1309 334 1370; x_wconf 90' lang='lat' dir='ltr'>usque</span> <span class='ocrx_word' id='word_1_50' title='bbox 352 1287 489 1368; x_wconf 85' lang='lat' dir='ltr'>generis</span> <span class='ocrx_word' id='word_1_51' title='bbox 511 1287 690 1368; x_wconf 83' lang='lat' dir='ltr'>graduum,</span> <span class='ocrx_word' id='word_1_52' title='bbox 711 1297 764 1350; x_wconf 87' lang='lat' dir='ltr'>est</span> <span class='ocrx_word' id='word_1_53' title='bbox 787 1291 961 1353; x_wconf 89' lang='lat' dir='ltr'>connexio</span> <span class='ocrx_word' id='word_1_54' title='bbox 980 1310 1096 1353; x_wconf 91' lang='lat' dir='ltr'>eorum</span> <span class='ocrx_word' id='word_1_55' title='bbox 1127 1313 1146 1354; x_wconf 89' lang='lat' dir='ltr'>a</span> <span class='ocrx_word' id='word_1_56' title='bbox 1170 1293 1285 1373; x_wconf 91' lang='lat' dir='ltr'>primis</span> <span class='ocrx_word' id='word_1_57' title='bbox 1309 1297 1351 1357; x_wconf 89' lang='lat' dir='ltr'>ad</span> 
     </span>
     <span class='ocr_line' id='line_1_8' title="bbox 227 1381 1351 1470; baseline 0.005 -24"><span class='ocrx_word' id='word_1_58' title='bbox 227 1384 358 1456; x_wconf 83' lang='lat' dir='ltr'>ultima,</span> <span class='ocrx_word' id='word_1_59' title='bbox 385 1381 573 1444; x_wconf 85' lang='lat' dir='ltr'>similitudo</span> <span class='ocrx_word' id='word_1_60' title='bbox 604 1385 694 1445; x_wconf 89' lang='lat' dir='ltr'>enim</span> <span class='ocrx_word' id='word_1_61' title='bbox 724 1383 783 1446; x_wconf 92' lang='lat' dir='ltr'>illa</span> <span class='ocrx_word' id='word_1_62' title='bbox 814 1384 1002 1467; x_wconf 86' lang='lat' dir='ltr'>conjungit.</span> <span class='ocrx_word' id='word_1_63' title='bbox 1050 1385 1116 1449; x_wconf 88' lang='lat' dir='ltr'>Sed</span> <span class='ocrx_word' id='word_1_64' title='bbox 1148 1409 1252 1470; x_wconf 92' lang='lat' dir='ltr'>usque</span> <span class='ocrx_word' id='word_1_65' title='bbox 1284 1411 1351 1452; x_wconf 93' lang='lat' dir='ltr'>non</span> 
     </span>
     <span class='ocr_line' id='line_1_9' title="bbox 226 1478 1355 1565; baseline 0.005 -23"><span class='ocrx_word' id='word_1_66' title='bbox 226 1480 328 1542; x_wconf 87' lang='lat' dir='ltr'>datur</span> <span class='ocrx_word' id='word_1_67' title='bbox 347 1478 485 1560; x_wconf 88' lang='lat' dir='ltr'>aliquod</span> <span class='ocrx_word' id='word_1_68' title='bbox 502 1479 678 1540; x_wconf 91' lang='lat' dir='ltr'>minimum</span> <span class='ocrx_word' id='word_1_69' title='bbox 695 1479 786 1561; x_wconf 93' lang='lat' dir='ltr'>quod</span> <span class='ocrx_word' id='word_1_70' title='bbox 805 1480 896 1543; x_wconf 89' lang='lat' dir='ltr'>idem</span> <span class='ocrx_word' id='word_1_71' title='bbox 914 1490 967 1544; x_wconf 89' lang='lat' dir='ltr'>est</span> <span class='ocrx_word' id='word_1_72' title='bbox 988 1501 1063 1544; x_wconf 92' lang='lat' dir='ltr'>cum</span> <span class='ocrx_word' id='word_1_73' title='bbox 1081 1482 1192 1546; x_wconf 89' lang='lat' dir='ltr'>altero</span> <span class='ocrx_word' id='word_1_74' title='bbox 1208 1506 1214 1559; x_wconf 91' lang='lat'>;</span> <span class='ocrx_word' id='word_1_75' title='bbox 1240 1505 1299 1565; x_wconf 83' lang='lat' dir='ltr'>per</span> <span class='ocrx_word' id='word_1_76' title='bbox 1319 1487 1355 1548; x_wconf 93' lang='lat' dir='ltr'>id</span> 
     </span>
     <span class='ocr_line' id='line_1_10' title="bbox 227 1573 1349 1664; baseline 0.002 -25"><span class='ocrx_word' id='word_1_77' title='bbox 227 1586 281 1639; x_wconf 90' lang='lat' dir='ltr'>est</span> <span class='ocrx_word' id='word_1_78' title='bbox 306 1575 456 1638; x_wconf 92' lang='lat' dir='ltr'>omnium</span> <span class='ocrx_word' id='word_1_79' title='bbox 477 1573 699 1657; x_wconf 87' lang='lat' dir='ltr'>singularium</span> <span class='ocrx_word' id='word_1_80' title='bbox 730 1585 765 1637; x_wconf 89' lang='lat' dir='ltr'>et</span> <span class='ocrx_word' id='word_1_81' title='bbox 797 1577 1144 1664; x_wconf 84' lang='lat' dir='ltr'>singularissimorum</span> <span class='ocrx_word' id='word_1_82' title='bbox 1163 1577 1349 1644; x_wconf 69' lang='lat' dir='ltr'>distinctio</span> 
     </span>
     <span class='ocr_line' id='line_1_11' title="bbox 225 1671 1350 1755; baseline 0.004 -21"><span class='ocrx_word' id='word_1_83' title='bbox 225 1671 329 1754; x_wconf 49' lang='lat' dir='ltr'>¹Quod</span> <span class='ocrx_word' id='word_1_84' title='bbox 348 1692 415 1735; x_wconf 93' lang='lat' dir='ltr'>non</span> <span class='ocrx_word' id='word_1_85' title='bbox 433 1671 571 1755; x_wconf 88' lang='lat' dir='ltr'>aliquod</span> <span class='ocrx_word' id='word_1_86' title='bbox 589 1672 763 1733; x_wconf 92' lang='lat' dir='ltr'>minimum</span> <span class='ocrx_word' id='word_1_87' title='bbox 785 1673 817 1735; x_wconf 93' lang='lat' dir='ltr'>in</span> <span class='ocrx_word' id='word_1_88' title='bbox 838 1673 951 1755; x_wconf 92' lang='lat' dir='ltr'>aliqua</span> <span class='ocrx_word' id='word_1_89' title='bbox 967 1673 1086 1749; x_wconf 87' lang='lat' dir='ltr'>forma,</span> <span class='ocrx_word' id='word_1_90' title='bbox 1104 1686 1161 1738; x_wconf 92' lang='lat' dir='ltr'>aut</span> <span class='ocrx_word' id='word_1_91' title='bbox 1183 1677 1272 1739; x_wconf 90' lang='lat' dir='ltr'>inter</span> <span class='ocrx_word' id='word_1_92' title='bbox 1288 1677 1350 1739; x_wconf 89' lang='lat' dir='ltr'>ali-</span> 
     </span>
     <span class='ocr_line' id='line_1_12' title="bbox 224 1767 1351 1852; baseline 0.004 -22"><span class='ocrx_word' id='word_1_93' title='bbox 224 1789 312 1850; x_wconf 89' lang='lat' dir='ltr'>quas</span> <span class='ocrx_word' id='word_1_94' title='bbox 336 1767 472 1842; x_wconf 81' lang='lat' dir='ltr'>formas,</span> <span class='ocrx_word' id='word_1_95' title='bbox 493 1768 584 1850; x_wconf 90' lang='lat' dir='ltr'>quod</span> <span class='ocrx_word' id='word_1_96' title='bbox 610 1775 663 1830; x_wconf 88' lang='lat' dir='ltr'>est</span> <span class='ocrx_word' id='word_1_97' title='bbox 685 1767 788 1842; x_wconf 84' lang='lat' dir='ltr'>idem,</span> <span class='ocrx_word' id='word_1_98' title='bbox 810 1768 920 1842; x_wconf 89' lang='lat' dir='ltr'>detur,</span> <span class='ocrx_word' id='word_1_99' title='bbox 946 1779 999 1832; x_wconf 91' lang='lat' dir='ltr'>est</span> <span class='ocrx_word' id='word_1_100' title='bbox 1027 1770 1105 1852; x_wconf 91' lang='lat' dir='ltr'>quia</span> <span class='ocrx_word' id='word_1_101' title='bbox 1132 1771 1165 1832; x_wconf 94' lang='lat' dir='ltr'>in</span> <span class='ocrx_word' id='word_1_102' title='bbox 1191 1773 1351 1834; x_wconf 87' lang='lat' dir='ltr'>maximis</span> 
     </span>
     <span class='ocr_line' id='line_1_13' title="bbox 226 1863 1349 1944; baseline 0.001 -17"><span class='ocrx_word' id='word_1_103' title='bbox 226 1875 306 1927; x_wconf 92' lang='lat' dir='ltr'>sunt</span> <span class='ocrx_word' id='word_1_104' title='bbox 330 1863 458 1926; x_wconf 89' lang='lat' dir='ltr'>similes</span> <span class='ocrx_word' id='word_1_105' title='bbox 480 1863 618 1944; x_wconf 86' lang='lat' dir='ltr'>gradus,</span> <span class='ocrx_word' id='word_1_106' title='bbox 643 1872 679 1925; x_wconf 89' lang='lat' dir='ltr'>et</span> <span class='ocrx_word' id='word_1_107' title='bbox 705 1863 856 1926; x_wconf 86' lang='lat' dir='ltr'>maxima</span> <span class='ocrx_word' id='word_1_108' title='bbox 883 1885 928 1926; x_wconf 84' lang='lat' dir='ltr'>ex</span> <span class='ocrx_word' id='word_1_109' title='bbox 960 1866 1107 1928; x_wconf 92' lang='lat' dir='ltr'>minimis</span> <span class='ocrx_word' id='word_1_110' title='bbox 1131 1868 1349 1930; x_wconf 90' lang='lat' dir='ltr'>consistunt:</span> 
     </span>
     <span class='ocr_line' id='line_1_14' title="bbox 226 1957 1351 2042; baseline 0.003 -21"><span class='ocrx_word' id='word_1_111' title='bbox 226 1960 365 2042; x_wconf 89' lang='lat' dir='ltr'>quando</span> <span class='ocrx_word' id='word_1_112' title='bbox 389 1957 478 2021; x_wconf 89' lang='lat' dir='ltr'>tales</span> <span class='ocrx_word' id='word_1_113' title='bbox 501 1959 627 2039; x_wconf 82' lang='lat' dir='ltr'>gradus</span> <span class='ocrx_word' id='word_1_114' title='bbox 651 1959 685 2020; x_wconf 92' lang='lat' dir='ltr'>in</span> <span class='ocrx_word' id='word_1_115' title='bbox 709 1960 870 2021; x_wconf 85' lang='lat' dir='ltr'>maximis</span> <span class='ocrx_word' id='word_1_116' title='bbox 889 1969 980 2035; x_wconf 89' lang='lat' dir='ltr'>sunt,</span> <span class='ocrx_word' id='word_1_117' title='bbox 1001 1970 1037 2023; x_wconf 90' lang='lat' dir='ltr'>et</span> <span class='ocrx_word' id='word_1_118' title='bbox 1061 1961 1247 2026; x_wconf 91' lang='lat' dir='ltr'>secundum</span> <span class='ocrx_word' id='word_1_119' title='bbox 1272 1961 1351 2024; x_wconf 90' lang='lat' dir='ltr'>illos</span> 
     </span>
     <span class='ocr_line' id='line_1_15' title="bbox 226 2055 1349 2140; baseline 0.004 -22"><span class='ocrx_word' id='word_1_120' title='bbox 226 2064 393 2138; x_wconf 90' lang='lat' dir='ltr'>perpetua</span> <span class='ocrx_word' id='word_1_121' title='bbox 410 2055 606 2117; x_wconf 90' lang='lat' dir='ltr'>discrimina</span> <span class='ocrx_word' id='word_1_122' title='bbox 625 2075 645 2118; x_wconf 90' lang='lat' dir='ltr'>a</span> <span class='ocrx_word' id='word_1_123' title='bbox 661 2074 794 2117; x_wconf 90' lang='lat' dir='ltr'>summo</span> <span class='ocrx_word' id='word_1_124' title='bbox 811 2056 854 2117; x_wconf 93' lang='lat' dir='ltr'>ad</span> <span class='ocrx_word' id='word_1_125' title='bbox 871 2056 986 2131; x_wconf 88' lang='lat' dir='ltr'>imum,</span> <span class='ocrx_word' id='word_1_126' title='bbox 1004 2066 1039 2120; x_wconf 89' lang='lat' dir='ltr'>et</span> <span class='ocrx_word' id='word_1_127' title='bbox 1055 2079 1074 2121; x_wconf 98' lang='lat' dir='ltr'>a</span> <span class='ocrx_word' id='word_1_128' title='bbox 1090 2067 1212 2122; x_wconf 89' lang='lat' dir='ltr'>centro</span> <span class='ocrx_word' id='word_1_129' title='bbox 1229 2060 1272 2121; x_wconf 92' lang='lat' dir='ltr'>ad</span> <span class='ocrx_word' id='word_1_130' title='bbox 1290 2078 1349 2140; x_wconf 89' lang='lat' dir='ltr'>pe-</span> 
     </span>
     <span class='ocr_line' id='line_1_16' title="bbox 225 2150 1349 2236; baseline 0.003 -21"><span class='ocrx_word' id='word_1_131' title='bbox 225 2151 401 2232; x_wconf 89' lang='lat' dir='ltr'>ripherias,</span> <span class='ocrx_word' id='word_1_132' title='bbox 416 2151 568 2234; x_wconf 89' lang='lat' dir='ltr'>sequitur</span> <span class='ocrx_word' id='word_1_133' title='bbox 584 2150 675 2234; x_wconf 90' lang='lat' dir='ltr'>quod</span> <span class='ocrx_word' id='word_1_134' title='bbox 692 2171 761 2214; x_wconf 91' lang='lat' dir='ltr'>non</span> <span class='ocrx_word' id='word_1_135' title='bbox 778 2150 903 2215; x_wconf 85' lang='lat' dir='ltr'>dentur</span> <span class='ocrx_word' id='word_1_136' title='bbox 919 2152 1033 2236; x_wconf 91' lang='lat' dir='ltr'>aliqua</span> <span class='ocrx_word' id='word_1_137' title='bbox 1049 2155 1180 2217; x_wconf 90' lang='lat' dir='ltr'>minora</span> <span class='ocrx_word' id='word_1_138' title='bbox 1199 2164 1234 2218; x_wconf 90' lang='lat' dir='ltr'>et</span> <span class='ocrx_word' id='word_1_139' title='bbox 1252 2155 1349 2219; x_wconf 92' lang='lat' dir='ltr'>mini·</span> 
     </span>
     <span class='ocr_line' id='line_1_17' title="bbox 225 2245 1348 2333; baseline 0.001 -22"><span class='ocrx_word' id='word_1_140' title='bbox 225 2268 282 2311; x_wconf 90' lang='lat' dir='ltr'>ma</span> <span class='ocrx_word' id='word_1_141' title='bbox 299 2246 445 2322; x_wconf 88' lang='lat' dir='ltr'>illorum,</span> <span class='ocrx_word' id='word_1_142' title='bbox 463 2245 635 2330; x_wconf 88' lang='lat' dir='ltr'>inquibus</span> <span class='ocrx_word' id='word_1_143' title='bbox 652 2246 780 2311; x_wconf 89' lang='lat' dir='ltr'>similes</span> <span class='ocrx_word' id='word_1_144' title='bbox 796 2249 923 2330; x_wconf 86' lang='lat' dir='ltr'>gradus</span> <span class='ocrx_word' id='word_1_145' title='bbox 939 2259 1031 2324; x_wconf 91' lang='lat' dir='ltr'>sunt,</span> <span class='ocrx_word' id='word_1_146' title='bbox 1048 2270 1134 2333; x_wconf 89' lang='lat' dir='ltr'>quae</span> <span class='ocrx_word' id='word_1_147' title='bbox 1151 2250 1241 2313; x_wconf 88' lang='lat' dir='ltr'>idem</span> <span class='ocrx_word' id='word_1_148' title='bbox 1259 2262 1348 2314; x_wconf 91' lang='lat' dir='ltr'>sunt.</span> 
     </span>
    </p>

    <p class='ocr_par' dir='ltr' id='par_1_4' title="bbox 224 2341 1352 2884">
     <span class='ocr_line' id='line_1_18' title="bbox 289 2341 1351 2428; baseline 0.004 -22"><span class='ocrx_word' id='word_1_149' title='bbox 289 2354 380 2424; x_wconf 80' lang='grc'><strong>117.</strong></span> <span class='ocrx_word' id='word_1_150' title='bbox 410 2341 467 2405; x_wconf 87' lang='lat' dir='ltr'>Ex</span> <span class='ocrx_word' id='word_1_151' title='bbox 491 2343 658 2424; x_wconf 86' lang='lat' dir='ltr'>sapientia</span> <span class='ocrx_word' id='word_1_152' title='bbox 681 2343 839 2425; x_wconf 86' lang='lat' dir='ltr'>angelica</span> <span class='ocrx_word' id='word_1_153' title='bbox 859 2345 964 2408; x_wconf 89' lang='lat' dir='ltr'>etiam</span> <span class='ocrx_word' id='word_1_154' title='bbox 984 2355 1050 2420; x_wconf 87' lang='lat' dir='ltr'>est,</span> <span class='ocrx_word' id='word_1_155' title='bbox 1071 2347 1161 2428; x_wconf 92' lang='lat' dir='ltr'>quod</span> <span class='ocrx_word' id='word_1_156' title='bbox 1187 2344 1351 2428; x_wconf 66' lang='lat' dir='ltr'>perfectio</span> 
     </span>
     <span class='ocr_line' id='line_1_19' title="bbox 225 2438 1348 2524; baseline 0.004 -23"><span class='ocrx_word' id='word_1_157' title='bbox 225 2439 372 2501; x_wconf 91' lang='lat' dir='ltr'>universi</span> <span class='ocrx_word' id='word_1_158' title='bbox 392 2439 500 2501; x_wconf 85' lang='lat' dir='ltr'>creati</span> <span class='ocrx_word' id='word_1_159' title='bbox 520 2439 564 2503; x_wconf 92' lang='lat' dir='ltr'>sit</span> <span class='ocrx_word' id='word_1_160' title='bbox 584 2459 630 2501; x_wconf 87' lang='lat' dir='ltr'>ex</span> <span class='ocrx_word' id='word_1_161' title='bbox 649 2438 872 2502; x_wconf 90' lang='lat' dir='ltr'>similitudine</span> <span class='ocrx_word' id='word_1_162' title='bbox 892 2441 1124 2504; x_wconf 92' lang='lat' dir='ltr'>communium</span> <span class='ocrx_word' id='word_1_163' title='bbox 1145 2452 1180 2506; x_wconf 89' lang='lat' dir='ltr'>et</span> <span class='ocrx_word' id='word_1_164' title='bbox 1199 2444 1348 2524; x_wconf 90' lang='lat' dir='ltr'>particu-</span> 
     </span>
     <span class='ocr_line' id='line_1_20' title="bbox 225 2533 1348 2620; baseline 0.004 -24"><span class='ocrx_word' id='word_1_165' title='bbox 225 2533 358 2609; x_wconf 90' lang='lat' dir='ltr'>larium,</span> <span class='ocrx_word' id='word_1_166' title='bbox 376 2554 435 2597; x_wconf 85' lang='lat' dir='ltr'>seu</span> <span class='ocrx_word' id='word_1_167' title='bbox 452 2534 681 2597; x_wconf 92' lang='lat' dir='ltr'>maximorum</span> <span class='ocrx_word' id='word_1_168' title='bbox 698 2544 734 2598; x_wconf 93' lang='lat' dir='ltr'>et</span> <span class='ocrx_word' id='word_1_169' title='bbox 750 2535 966 2599; x_wconf 88' lang='lat' dir='ltr'>minimorum</span> <span class='ocrx_word' id='word_1_170' title='bbox 980 2537 1092 2620; x_wconf 90' lang='lat' dir='ltr'>quoad</span> <span class='ocrx_word' id='word_1_171' title='bbox 1109 2536 1186 2600; x_wconf 92' lang='lat' dir='ltr'>illos</span> <span class='ocrx_word' id='word_1_172' title='bbox 1203 2538 1348 2619; x_wconf 83' lang='lat' dir='ltr'>gradus:</span> 
     </span>
     <span class='ocr_line' id='line_1_21' title="bbox 224 2628 1352 2716; baseline 0.005 -24"><span class='ocrx_word' id='word_1_173' title='bbox 224 2636 308 2692; x_wconf 88' lang='lat' dir='ltr'>tunc</span> <span class='ocrx_word' id='word_1_174' title='bbox 328 2631 418 2692; x_wconf 88' lang='lat' dir='ltr'>enim</span> <span class='ocrx_word' id='word_1_175' title='bbox 435 2628 569 2711; x_wconf 70' lang='lat' dir='ltr'>speetat</span> <span class='ocrx_word' id='word_1_176' title='bbox 590 2650 693 2694; x_wconf 89' lang='lat' dir='ltr'>unum</span> <span class='ocrx_word' id='word_1_177' title='bbox 711 2630 858 2694; x_wconf 89' lang='lat' dir='ltr'>alterum</span> <span class='ocrx_word' id='word_1_178' title='bbox 879 2641 915 2695; x_wconf 91' lang='lat' dir='ltr'>ut</span> <span class='ocrx_word' id='word_1_179' title='bbox 936 2651 1033 2694; x_wconf 91' lang='lat' dir='ltr'>suum</span> <span class='ocrx_word' id='word_1_180' title='bbox 1051 2632 1171 2708; x_wconf 89' lang='lat' dir='ltr'>simile,</span> <span class='ocrx_word' id='word_1_181' title='bbox 1189 2653 1265 2696; x_wconf 90' lang='lat' dir='ltr'>cum</span> <span class='ocrx_word' id='word_1_182' title='bbox 1282 2655 1352 2716; x_wconf 93' lang='lat' dir='ltr'>quo</span> 
     </span>
     <span class='ocr_line' id='line_1_22' title="bbox 225 2724 1350 2810; baseline 0.003 -21"><span class='ocrx_word' id='word_1_183' title='bbox 225 2724 269 2789; x_wconf 88' lang='lat' dir='ltr'>ad</span> <span class='ocrx_word' id='word_1_184' title='bbox 289 2743 426 2788; x_wconf 88' lang='lat' dir='ltr'>omnem</span> <span class='ocrx_word' id='word_1_185' title='bbox 446 2745 543 2788; x_wconf 89' lang='lat' dir='ltr'>usum</span> <span class='ocrx_word' id='word_1_186' title='bbox 563 2724 725 2808; x_wconf 85' lang='lat' dir='ltr'>conjungi</span> <span class='ocrx_word' id='word_1_187' title='bbox 744 2735 872 2810; x_wconf 88' lang='lat' dir='ltr'>potest,</span> <span class='ocrx_word' id='word_1_188' title='bbox 893 2747 941 2791; x_wconf 89' lang='lat' dir='ltr'>ac·</span> <span class='ocrx_word' id='word_1_189' title='bbox 953 2747 1090 2792; x_wconf 91' lang='lat' dir='ltr'>omnem</span> <span class='ocrx_word' id='word_1_190' title='bbox 1110 2728 1211 2791; x_wconf 88' lang='lat' dir='ltr'>finem</span> <span class='ocrx_word' id='word_1_191' title='bbox 1228 2730 1350 2792; x_wconf 89' lang='lat' dir='ltr'>sistere</span> 
     </span>
     <span class='ocr_line' id='line_1_23' title="bbox 225 2818 411 2884; baseline -0.011 0"><span class='ocrx_word' id='word_1_192' title='bbox 225 2820 260 2884; x_wconf 93' lang='lat' dir='ltr'>in</span> <span class='ocrx_word' id='word_1_193' title='bbox 279 2818 411 2884; x_wconf 69' lang='lat' dir='ltr'>effestu.</span> 
     </span>
    </p>

    <p class='ocr_par' dir='ltr' id='par_1_5' title="bbox 223 2913 1349 3364">
     <span class='ocr_line' id='line_1_24' title="bbox 288 2913 1349 3005; baseline 0.004 -26"><span class='ocrx_word' id='word_1_194' title='bbox 288 2913 385 2981; x_wconf 77' lang='grc'><strong>118.</strong></span> <span class='ocrx_word' id='word_1_195' title='bbox 414 2913 543 2980; x_wconf 87' lang='lat' dir='ltr'>Verum</span> <span class='ocrx_word' id='word_1_196' title='bbox 574 2916 661 2981; x_wconf 88' lang='lat' dir='ltr'>haec</span> <span class='ocrx_word' id='word_1_197' title='bbox 689 2927 834 3000; x_wconf 87' lang='lat' dir='ltr'>possunt</span> <span class='ocrx_word' id='word_1_198' title='bbox 864 2927 901 2982; x_wconf 91' lang='lat' dir='ltr'>ut</span> <span class='ocrx_word' id='word_1_199' title='bbox 928 2921 1106 3002; x_wconf 87' lang='lat' dir='ltr'>paradoxa</span> <span class='ocrx_word' id='word_1_200' title='bbox 1128 2921 1245 2996; x_wconf 89' lang='lat' dir='ltr'>videri,</span> <span class='ocrx_word' id='word_1_201' title='bbox 1271 2921 1349 3005; x_wconf 88' lang='lat' dir='ltr'>quia</span> 
     </span>
     <span class='ocr_line' id='line_1_25' title="bbox 224 3011 1349 3100; baseline 0.004 -25"><span class='ocrx_word' id='word_1_202' title='bbox 224 3033 287 3096; x_wconf 89' lang='lat' dir='ltr'>per</span> <span class='ocrx_word' id='word_1_203' title='bbox 305 3011 555 3094; x_wconf 89' lang='lat' dir='ltr'>applicationes</span> <span class='ocrx_word' id='word_1_204' title='bbox 575 3013 618 3076; x_wconf 90' lang='lat' dir='ltr'>ad</span> <span class='ocrx_word' id='word_1_205' title='bbox 637 3014 782 3077; x_wconf 89' lang='lat' dir='ltr'>visibilia</span> <span class='ocrx_word' id='word_1_206' title='bbox 798 3034 868 3078; x_wconf 95' lang='lat' dir='ltr'>non</span> <span class='ocrx_word' id='word_1_207' title='bbox 884 3025 964 3079; x_wconf 91' lang='lat' dir='ltr'>sunt</span> <span class='ocrx_word' id='word_1_208' title='bbox 980 3026 1143 3093; x_wconf 87' lang='lat' dir='ltr'>ostensa;</span> <span class='ocrx_word' id='word_1_209' title='bbox 1167 3017 1228 3080; x_wconf 89' lang='lat' dir='ltr'>sed</span> <span class='ocrx_word' id='word_1_210' title='bbox 1242 3037 1349 3100; x_wconf 91' lang='lat' dir='ltr'>usque</span> 
     </span>
     <span class='ocr_line' id='line_1_26' title="bbox 223 3104 1348 3194; baseline 0.005 -24"><span class='ocrx_word' id='word_1_211' title='bbox 223 3104 413 3182; x_wconf 69' lang='lat' dir='ltr'>abstracta,</span> <span class='ocrx_word' id='word_1_212' title='bbox 445 3109 523 3190; x_wconf 91' lang='lat' dir='ltr'>quia</span> <span class='ocrx_word' id='word_1_213' title='bbox 556 3109 772 3185; x_wconf 90' lang='lat' dir='ltr'>universalia,</span> <span class='ocrx_word' id='word_1_214' title='bbox 804 3109 919 3174; x_wconf 91' lang='lat' dir='ltr'>solent</span> <span class='ocrx_word' id='word_1_215' title='bbox 949 3111 1070 3174; x_wconf 91' lang='lat' dir='ltr'>melius</span> <span class='ocrx_word' id='word_1_216' title='bbox 1104 3112 1348 3194; x_wconf 88' lang='lat' dir='ltr'>comprehendi</span> 
     </span>
     <span class='ocr_line' id='line_1_27' title="bbox 224 3203 1347 3289; baseline 0.005 -23"><span class='ocrx_word' id='word_1_217' title='bbox 224 3223 328 3287; x_wconf 89' lang='lat' dir='ltr'>quam</span> <span class='ocrx_word' id='word_1_218' title='bbox 351 3203 536 3285; x_wconf 88' lang='lat' dir='ltr'>applicata,</span> <span class='ocrx_word' id='word_1_219' title='bbox 557 3203 643 3269; x_wconf 88' lang='lat' dir='ltr'>haec</span> <span class='ocrx_word' id='word_1_220' title='bbox 667 3206 759 3269; x_wconf 87' lang='lat' dir='ltr'>enim</span> <span class='ocrx_word' id='word_1_221' title='bbox 783 3215 972 3289; x_wconf 89' lang='lat' dir='ltr'>perpetuae</span> <span class='ocrx_word' id='word_1_222' title='bbox 995 3207 1175 3271; x_wconf 89' lang='lat' dir='ltr'>varietatis</span> <span class='ocrx_word' id='word_1_223' title='bbox 1195 3219 1286 3283; x_wconf 91' lang='lat' dir='ltr'>sunt,</span> <span class='ocrx_word' id='word_1_224' title='bbox 1307 3227 1347 3272; x_wconf 93' lang='lat' dir='ltr'>ac</span> 
     </span>
     <span class='ocr_line' id='line_1_28' title="bbox 223 3299 566 3364; baseline 0.009 -3"><span class='ocrx_word' id='word_1_225' title='bbox 223 3299 375 3362; x_wconf 89' lang='lat' dir='ltr'>varietas</span> <span class='ocrx_word' id='word_1_226' title='bbox 395 3299 566 3364; x_wconf 90' lang='lat' dir='ltr'>obscurat.</span> 
     </span>
    </p>

    <p class='ocr_par' dir='ltr' id='par_1_6' title="bbox 222 3393 1347 4440">
     <span class='ocr_line' id='line_1_29' title="bbox 288 3393 1346 3479; baseline 0.009 -24"><span class='ocrx_word' id='word_1_227' title='bbox 288 3406 384 3475; x_wconf 84' lang='grc'><strong>119.</strong></span> <span class='ocrx_word' id='word_1_228' title='bbox 415 3393 579 3458; x_wconf 88' lang='lat' dir='ltr'>Traditur</span> <span class='ocrx_word' id='word_1_229' title='bbox 597 3415 617 3458; x_wconf 90' lang='lat' dir='ltr'>a</span> <span class='ocrx_word' id='word_1_230' title='bbox 633 3395 835 3478; x_wconf 88' lang='lat' dir='ltr'>quibusdam</span> <span class='ocrx_word' id='word_1_231' title='bbox 855 3396 946 3479; x_wconf 91' lang='lat' dir='ltr'>quod</span> <span class='ocrx_word' id='word_1_232' title='bbox 967 3396 1162 3461; x_wconf 89' lang='lat' dir='ltr'>substantia</span> <span class='ocrx_word' id='word_1_233' title='bbox 1178 3407 1249 3462; x_wconf 87' lang='lat' dir='ltr'>tam</span> <span class='ocrx_word' id='word_1_234' title='bbox 1266 3400 1346 3464; x_wconf 92' lang='lat' dir='ltr'>sim·</span> 
     </span>
     <span class='ocr_line' id='line_1_30' title="bbox 223 3490 1347 3578; baseline 0.004 -25"><span class='ocrx_word' id='word_1_235' title='bbox 223 3490 309 3574; x_wconf 84' lang='lat' dir='ltr'>plex</span> <span class='ocrx_word' id='word_1_236' title='bbox 328 3490 439 3564; x_wconf 86' lang='lat' dir='ltr'>detur,</span> <span class='ocrx_word' id='word_1_237' title='bbox 461 3498 498 3553; x_wconf 93' lang='lat' dir='ltr'>ut</span> <span class='ocrx_word' id='word_1_238' title='bbox 522 3509 591 3554; x_wconf 92' lang='lat' dir='ltr'>non</span> <span class='ocrx_word' id='word_1_239' title='bbox 615 3492 658 3554; x_wconf 92' lang='lat' dir='ltr'>sit</span> <span class='ocrx_word' id='word_1_240' title='bbox 680 3491 790 3555; x_wconf 82' lang='lat' dir='ltr'>forma</span> <span class='ocrx_word' id='word_1_241' title='bbox 809 3514 828 3555; x_wconf 90' lang='lat' dir='ltr'>a</span> <span class='ocrx_word' id='word_1_242' title='bbox 848 3493 1035 3556; x_wconf 91' lang='lat' dir='ltr'>minoribus</span> <span class='ocrx_word' id='word_1_243' title='bbox 1053 3494 1181 3569; x_wconf 83' lang='lat' dir='ltr'>formis,</span> <span class='ocrx_word' id='word_1_244' title='bbox 1201 3505 1237 3558; x_wconf 92' lang='lat' dir='ltr'>et</span> <span class='ocrx_word' id='word_1_245' title='bbox 1257 3495 1347 3578; x_wconf 94' lang='lat' dir='ltr'>quod</span> 
     </span>
     <span class='ocr_line' id='line_1_31' title="bbox 224 3586 1346 3670; baseline 0.004 -20"><span class='ocrx_word' id='word_1_246' title='bbox 224 3607 271 3650; x_wconf 90' lang='lat' dir='ltr'>ex</span> <span class='ocrx_word' id='word_1_247' title='bbox 290 3586 350 3649; x_wconf 91' lang='lat' dir='ltr'>illa</span> <span class='ocrx_word' id='word_1_248' title='bbox 369 3587 565 3651; x_wconf 90' lang='lat' dir='ltr'>substantia</span> <span class='ocrx_word' id='word_1_249' title='bbox 588 3609 649 3670; x_wconf 92' lang='lat' dir='ltr'>per</span> <span class='ocrx_word' id='word_1_250' title='bbox 672 3589 953 3652; x_wconf 89' lang='lat' dir='ltr'>coacervationes</span> <span class='ocrx_word' id='word_1_251' title='bbox 977 3591 1133 3653; x_wconf 87' lang='lat' dir='ltr'>existant</span> <span class='ocrx_word' id='word_1_252' title='bbox 1156 3590 1346 3654; x_wconf 87' lang='lat' dir='ltr'>substanti·</span> 
     </span>
     <span class='ocr_line' id='line_1_32' title="bbox 223 3684 1347 3769; baseline 0.004 -23"><span class='ocrx_word' id='word_1_253' title='bbox 223 3692 285 3747; x_wconf 87' lang='lat' dir='ltr'>ata</span> <span class='ocrx_word' id='word_1_254' title='bbox 304 3702 363 3747; x_wconf 89' lang='lat' dir='ltr'>seu</span> <span class='ocrx_word' id='word_1_255' title='bbox 383 3686 588 3766; x_wconf 88' lang='lat' dir='ltr'>composita,</span> <span class='ocrx_word' id='word_1_256' title='bbox 607 3695 643 3748; x_wconf 91' lang='lat' dir='ltr'>et</span> <span class='ocrx_word' id='word_1_257' title='bbox 667 3685 808 3748; x_wconf 91' lang='lat' dir='ltr'>tandem</span> <span class='ocrx_word' id='word_1_258' title='bbox 832 3684 1048 3749; x_wconf 87' lang='lat' dir='ltr'>substantiae</span> <span class='ocrx_word' id='word_1_259' title='bbox 1071 3706 1158 3769; x_wconf 88' lang='lat' dir='ltr'>quae</span> <span class='ocrx_word' id='word_1_260' title='bbox 1182 3689 1347 3752; x_wconf 86' lang='lat' dir='ltr'>materiae</span> 
     </span>
     <span class='ocr_line' id='line_1_33' title="bbox 223 3779 1347 3865; baseline 0.003 -23"><span class='ocrx_word' id='word_1_261' title='bbox 223 3790 405 3844; x_wconf 86' lang='lat' dir='ltr'>vocantur.</span> <span class='ocrx_word' id='word_1_262' title='bbox 442 3779 510 3844; x_wconf 90' lang='lat' dir='ltr'>Sed</span> <span class='ocrx_word' id='word_1_263' title='bbox 528 3801 633 3864; x_wconf 91' lang='lat' dir='ltr'>usque</span> <span class='ocrx_word' id='word_1_264' title='bbox 651 3781 739 3845; x_wconf 87' lang='lat' dir='ltr'>tales</span> <span class='ocrx_word' id='word_1_265' title='bbox 756 3781 1028 3865; x_wconf 90' lang='lat' dir='ltr'>simplicissimae</span> <span class='ocrx_word' id='word_1_266' title='bbox 1045 3782 1263 3846; x_wconf 87' lang='lat' dir='ltr'>substantiae</span> <span class='ocrx_word' id='word_1_267' title='bbox 1279 3803 1347 3846; x_wconf 91' lang='lat' dir='ltr'>non</span> 
     </span>
     <span class='ocr_line' id='line_1_34' title="bbox 224 3873 1347 3962; baseline 0.002 -23"><span class='ocrx_word' id='word_1_268' title='bbox 224 3876 361 3939; x_wconf 87' lang='lat' dir='ltr'>dantur.</span> <span class='ocrx_word' id='word_1_269' title='bbox 414 3873 504 3958; x_wconf 84' lang='lat' dir='ltr'>Quid</span> <span class='ocrx_word' id='word_1_270' title='bbox 528 3878 619 3940; x_wconf 88' lang='lat' dir='ltr'>enim</span> <span class='ocrx_word' id='word_1_271' title='bbox 643 3889 696 3939; x_wconf 89' lang='lat' dir='ltr'>est</span> <span class='ocrx_word' id='word_1_272' title='bbox 721 3876 913 3960; x_wconf 81' lang='lat' dir='ltr'>substantia</span> <span class='ocrx_word' id='word_1_273' title='bbox 943 3878 1071 3962; x_wconf 90' lang='lat' dir='ltr'>absque</span> <span class='ocrx_word' id='word_1_274' title='bbox 1100 3877 1230 3942; x_wconf 81' lang='lat' dir='ltr'>forma?</span> <span class='ocrx_word' id='word_1_275' title='bbox 1281 3878 1347 3941; x_wconf 88' lang='lat' dir='ltr'>Est</span> 
     </span>
     <span class='ocr_line' id='line_1_35' title="bbox 223 3971 1347 4055; baseline 0 -19"><span class='ocrx_word' id='word_1_276' title='bbox 223 3971 297 4036; x_wconf 87' lang='lat' dir='ltr'>tale</span> <span class='ocrx_word' id='word_1_277' title='bbox 316 3973 359 4035; x_wconf 87' lang='lat' dir='ltr'>de</span> <span class='ocrx_word' id='word_1_278' title='bbox 379 3993 446 4055; x_wconf 93' lang='lat' dir='ltr'>quo</span> <span class='ocrx_word' id='word_1_279' title='bbox 463 3993 532 4036; x_wconf 91' lang='lat' dir='ltr'>non</span> <span class='ocrx_word' id='word_1_280' title='bbox 552 3973 679 4054; x_wconf 93' lang='lat' dir='ltr'>aliquid</span> <span class='ocrx_word' id='word_1_281' title='bbox 699 3974 886 4054; x_wconf 90' lang='lat' dir='ltr'>praedicari</span> <span class='ocrx_word' id='word_1_282' title='bbox 906 3983 1047 4055; x_wconf 90' lang='lat' dir='ltr'>potest;</span> <span class='ocrx_word' id='word_1_283' title='bbox 1072 3982 1108 4036; x_wconf 88' lang='lat' dir='ltr'>et</span> <span class='ocrx_word' id='word_1_284' title='bbox 1128 3995 1173 4036; x_wconf 86' lang='lat' dir='ltr'>ex</span> <span class='ocrx_word' id='word_1_285' title='bbox 1193 3984 1285 4047; x_wconf 89' lang='lat' dir='ltr'>ente,</span> <span class='ocrx_word' id='word_1_286' title='bbox 1304 3974 1347 4037; x_wconf 88' lang='lat' dir='ltr'>de</span> 
     </span>
     <span class='ocr_line' id='line_1_36' title="bbox 223 4067 1346 4150; baseline -0.001 -19"><span class='ocrx_word' id='word_1_287' title='bbox 223 4088 292 4150; x_wconf 94' lang='lat' dir='ltr'>quo</span> <span class='ocrx_word' id='word_1_288' title='bbox 312 4067 396 4131; x_wconf 93' lang='lat' dir='ltr'>nihil</span> <span class='ocrx_word' id='word_1_289' title='bbox 415 4070 603 4150; x_wconf 88' lang='lat' dir='ltr'>praedicari</span> <span class='ocrx_word' id='word_1_290' title='bbox 624 4077 752 4149; x_wconf 89' lang='lat' dir='ltr'>potest,</span> <span class='ocrx_word' id='word_1_291' title='bbox 768 4089 835 4131; x_wconf 93' lang='lat' dir='ltr'>non</span> <span class='ocrx_word' id='word_1_292' title='bbox 853 4078 971 4150; x_wconf 88' lang='lat' dir='ltr'>potest</span> <span class='ocrx_word' id='word_1_293' title='bbox 985 4067 1112 4150; x_wconf 92' lang='lat' dir='ltr'>aliquid</span> <span class='ocrx_word' id='word_1_294' title='bbox 1132 4089 1192 4149; x_wconf 91' lang='lat' dir='ltr'>per</span> <span class='ocrx_word' id='word_1_295' title='bbox 1208 4088 1346 4131; x_wconf 89' lang='lat' dir='ltr'>coacer-</span> 
     </span>
     <span class='ocr_line' id='line_1_37' title="bbox 223 4162 1345 4246; baseline 0 -19"><span class='ocrx_word' id='word_1_296' title='bbox 223 4165 383 4228; x_wconf 91' lang='lat' dir='ltr'>vationes</span> <span class='ocrx_word' id='word_1_297' title='bbox 417 4164 565 4227; x_wconf 88' lang='lat' dir='ltr'>conflari.</span> <span class='ocrx_word' id='word_1_298' title='bbox 613 4162 714 4246; x_wconf 85' lang='lat' dir='ltr'>Quod</span> <span class='ocrx_word' id='word_1_299' title='bbox 742 4164 1001 4227; x_wconf 89' lang='lat' dir='ltr'>innumerabilia</span> <span class='ocrx_word' id='word_1_300' title='bbox 1031 4165 1100 4226; x_wconf 91' lang='lat' dir='ltr'>sint</span> <span class='ocrx_word' id='word_1_301' title='bbox 1129 4165 1163 4227; x_wconf 92' lang='lat' dir='ltr'>in</span> <span class='ocrx_word' id='word_1_302' title='bbox 1194 4165 1345 4227; x_wconf 91' lang='lat' dir='ltr'>omnium</span> 
     </span>
     <span class='ocr_line' id='line_1_38' title="bbox 223 4258 1346 4343; baseline -0.001 -21"><span class='ocrx_word' id='word_1_303' title='bbox 223 4260 342 4343; x_wconf 92' lang='lat' dir='ltr'>primis</span> <span class='ocrx_word' id='word_1_304' title='bbox 372 4262 575 4324; x_wconf 90' lang='lat' dir='ltr'>substantiis</span> <span class='ocrx_word' id='word_1_305' title='bbox 604 4263 739 4333; x_wconf 89' lang='lat' dir='ltr'>creatis,</span> <span class='ocrx_word' id='word_1_306' title='bbox 765 4281 852 4343; x_wconf 89' lang='lat' dir='ltr'>quae</span> <span class='ocrx_word' id='word_1_307' title='bbox 880 4271 959 4324; x_wconf 90' lang='lat' dir='ltr'>sunt</span> <span class='ocrx_word' id='word_1_308' title='bbox 990 4261 1129 4324; x_wconf 92' lang='lat' dir='ltr'>minima</span> <span class='ocrx_word' id='word_1_309' title='bbox 1153 4270 1188 4323; x_wconf 91' lang='lat' dir='ltr'>et</span> <span class='ocrx_word' id='word_1_310' title='bbox 1216 4258 1346 4342; x_wconf 92' lang='lat' dir='ltr'>simpli-</span> 
     </span>
     <span class='ocr_line' id='line_1_39' title="bbox 222 4355 1292 4440; baseline -0.002 -22"><span class='ocrx_word' id='word_1_311' title='bbox 222 4355 373 4430; x_wconf 86' lang='lat' dir='ltr'>cissima,</span> <span class='ocrx_word' id='word_1_312' title='bbox 394 4357 566 4421; x_wconf 91' lang='lat' dir='ltr'>videbitur</span> <span class='ocrx_word' id='word_1_313' title='bbox 585 4359 617 4420; x_wconf 92' lang='lat' dir='ltr'>in</span> <span class='ocrx_word' id='word_1_314' title='bbox 638 4358 872 4440; x_wconf 90' lang='lat' dir='ltr'>sequentibus,</span> <span class='ocrx_word' id='word_1_315' title='bbox 893 4356 948 4420; x_wconf 93' lang='lat' dir='ltr'>ubi</span> <span class='ocrx_word' id='word_1_316' title='bbox 968 4357 1144 4420; x_wconf 75' lang='lat' dir='ltr'>deformis</span> <span class='ocrx_word' id='word_1_317' title='bbox 1162 4364 1292 4438; x_wconf 86' lang='lat' dir='ltr'>agetur.</span> 
     </span>
    </p>
   </div>
   <div class='ocr_carea' id='block_1_3' title="bbox 0 0 1680 5374">
    <p class='ocr_par' dir='ltr' id='par_1_7' title="bbox 0 0 1680 5374">
     <span class='ocr_line' id='line_1_40' title="bbox 0 0 1680 5374; baseline 0 2"><span class='ocrx_word' id='word_1_318' title='bbox 0 0 1680 5374; x_wconf 95' lang='lat' dir='ltr'> </span> 
     </span>
    </p>
   </div>
  </div>
 </body>
</html>
