3352 5374
416 701 467 751 oa
490 699 626 750 o1v1uo
649 699 794 762 anona,
816 700 907 750 psus
931 699 1156 767 111.-u.233.
1304 703 1346 768 93

224 884 306 938 sunt
318 894 327 954 ;
350 893 390 938 ac
407 871 523 954 angeli
542 891 586 934 ex
606 857 728 953 q'uibus
751 889 895 952 regnum
919 869 1095 951 spirituale
1119 871 1291 946 consistit,
1312 871 1346 933 in

225 970 394 1052 sapientia
417 977 523 1043 sunt;
547 977 584 1030 at
603 966 761 1029 homines
784 967 817 1028 in
842 965 969 1027 mundo
988 965 1021 1027 in
1045 965 1161 1028 usibus
1181 976 1281 1043 sunt;
1305 985 1345 1029 ac

225 1065 304 1127 ideo
318 1064 377 1127 illa
386 1082 493 1144 regna
504 1057 685 1142 conjundia
701 1071 791 1123 sunt.
823 1058 1008 1141 Quomodo
1020 1059 1283 1142 intelligendum
1294 1069 1347 1124 est

224 1159 316 1242 quod
336 1159 495 1222 homines
514 1159 547 1220 in
566 1157 681 1220 usibus
704 1157 784 1232 sint,
804 1156 839 1219 in
859 1155 959 1220 Parte
979 1165 1146 1237 sequente
1165 1156 1307 1218 dicetur.

288 1268 385 1338 233.
415 1252 472 1316 Ex
497 1251 592 1316 caelo
616 1249 743 1316 ditium
767 1262 821 1316 est
844 1250 937 1326 mihi,
958 1251 1049 1333 quod
1072 1251 1107 1313 in
1131 1250 1281 1314 Domino
1303 1250 1347 1314 ab

222 1361 377 1425 aetern0,
398 1350 454 1432 qui
473 1359 528 1412 est
546 1347 713 1430 Jehovah‚
734 1356 816 1411 ante
840 1347 1112 1428 assumptionem
1138 1345 1288 1410 Humani
1311 1346 1345 1409 in

224 1446 364 1522 mundo,
383 1445 508 1509 suerint
531 1444 601 1507 bini
629 1443 755 1526 gradus
785 1445 914 1526 priores
943 1440 1133 1518 adtualiter,
1157 1452 1193 1507 et
1223 1443 1347 1506 tertius

223 1541 351 1623 gradus
369 1541 402 1604 in
426 1541 595 1622 potentia,
616 1538 734 1622 quales
753 1541 857 1604 etiam
881 1546 960 1602 sunt
984 1538 1074 1620 apud
1098 1537 1261 1620 angelos;
1285 1537 1346 1599 sed

222 1637 314 1720 quod
334 1647 414 1719 post
430 1635 701 1716 assumptionem
718 1633 856 1698 humani
875 1635 908 1697 in
928 1634 1067 1708 mundo,
1085 1634 1189 1697 etiam
1206 1635 1345 1697 tertium

223 1732 381 1814 gradum,
401 1731 458 1814 qui
483 1731 648 1794 naturalis
667 1740 820 1804 vocatur,
842 1729 1103 1811 superinduerit,
1122 1739 1157 1793 et
1177 1730 1267 1812 quod
1287 1749 1346 1811 per

222 1829 257 1891 id
280 1824 388 1892 iactus
411 1828 456 1890 sit
482 1826 599 1891 Homo
622 1825 741 1889 similis
763 1815 893 1889 homini
916 1827 949 1888 in
974 1825 1113 1901 mundo,
1134 1844 1210 1889 cum
1228 1825 1346 1889 discri-

222 1925 314 1988 mine
343 1934 472 1998 tamen,
493 1923 584 2006 quod
614 1921 669 1986 hic
699 1922 839 2004 gradus,
858 1922 946 1985 sicut
969 1923 1109 2003 priores,
1134 1921 1286 1986 infinitus
1309 1933 1346 1986 et

222 2019 397 2082 Increatus
420 2019 476 2094 sit,
498 2028 533 2082 et
553 2018 644 2101 quod
667 2017 716 2082 illi
739 2017 866 2099 gradus
889 2018 923 2080 in
947 2017 1075 2098 angelo
1097 2027 1134 2081 et
1153 2019 1187 2080 in
1206 2018 1346 2082 homine

222 2112 309 2178 liniti
342 2124 378 2177 et
412 2115 518 2177 creati
550 2115 629 2178 sint.
686 2112 849 2178 Divinum
882 2113 984 2186 enim,
1018 2113 1109 2194 quod
1143 2113 1346 2194 impleverat

221 2211 337 2274 omnia
359 2210 471 2293 spatia
493 2210 622 2292 absque
653 2209 766 2290 spatio
790 2205 838 2292 (n.
861 2205 995 2291 69-72),
1016 2209 1121 2271 etiam
1152 2201 1195 2273 ad
1225 2208 1346 2272 ultima

222 2314 364 2369 naturae
388 2307 603 2386 penetravit;
633 2305 693 2368 sed
717 2313 799 2368 ante
822 2305 1093 2385 assumptionem
1115 2301 1266 2366 Humani
1283 2303 1349 2367 fuit

221 2400 369 2464 Divinus
392 2400 540 2464 influxus
563 2402 596 2464 in
620 2399 812 2465 naturalem
835 2400 979 2482 gradum
999 2399 1169 2462 mediatus
1188 2419 1249 2481 per
1266 2419 1347 2463 cae·

222 2496 277 2560 los
292 2497 481 2578 angelicos,
493 2497 553 2560 sed
566 2506 646 2579 post
662 2496 934 2578 assumptionem
950 2495 1171 2558 immediatus
1182 2494 1227 2557 ab
1243 2495 1324 2576 Ipso
1337 2515 1345 2572 ;

222 2613 311 2674 quae
326 2611 429 2654 causa
445 2601 510 2668 est,
530 2593 623 2674 quod
642 2610 763 2654 omnes
782 2591 949 2654 ecclesiae
974 2591 1006 2652 in
1031 2591 1159 2653 mundo
1183 2600 1264 2655 ante
1283 2591 1345 2653 ad·

220 2696 363 2752 ventum
384 2687 494 2769 Ipsius
512 2687 827 2769 repraesentativae
845 2686 1069 2768 spiritualium
1089 2698 1125 2749 et
1144 2686 1345 2752 caelestium

217 2784 353 2858 luerint,
372 2783 432 2847 sed
445 2792 524 2866 post
537 2784 724 2847 adventum
738 2782 848 2866 Ipsius
866 2781 975 2846 sactae
989 2783 1058 2846 sint
1071 2783 1244 2846 naturales
1260 2785 1344 2865 spir·

218 2879 343 2943 ituales
356 2889 391 2942 et
404 2878 585 2954 caelestes,
599 2890 634 2942 et
650 2879 742 2961 quod
754 2879 1068 2960 repraesentativus
1079 2878 1191 2942 cultus
1203 2880 1247 2943 sit
1261 2878 1345 2943 abo·

218 2975 319 3039 litus:
339 2995 426 3057 quae
439 2975 543 3038 etiam
557 2995 660 3038 causa
675 2974 748 3050 suit,
765 2975 857 3057 quod
870 2971 930 3038 Sol
944 2974 1030 3037 caeli
1043 2974 1201 3057 angelici,
1215 2975 1272 3058 qui
1290 2984 1345 3040 est

218 3082 256 3135 ut
267 3091 368 3153 supra
381 3068 508 3134 dictum
521 3082 586 3145 est,
596 3072 740 3153 primum
751 3071 941 3152 procedens
955 3070 1070 3134 Divini
1082 3072 1221 3134 Amoris
1234 3080 1269 3135 et
1282 3069 1344 3135 Di·

216 3169 319 3231 vinae
337 3165 533 3249 Sapientiae
552 3165 673 3249 Ipsius,
694 3176 773 3249 post
793 3168 1063 3249 assumptionem
1084 3166 1235 3229 Humani
1246 3164 1342 3230 efful-

216 3264 300 3327 serit
307 3261 426 3344 jubare
440 3272 476 3325 et
489 3262 672 3344 splendore
685 3262 912 3336 eminentiori,
927 3281 1028 3344 quam
1041 3272 1121 3325 ante
1134 3263 1342 3343 assumptio·

216 3376 308 3422 nem.
354 3355 431 3421 Hoc
449 3378 582 3440 quoque
599 3356 804 3440 intelligitur
819 3376 879 3439 per
894 3356 980 3420 haec
997 3356 1087 3439 apud
1104 3355 1272 3420 Esaiam:

270 3502 301 3552 In
319 3503 363 3552 dle
381 3503 429 3553 illo
447 3503 521 3553 “erit
539 3503 585 3552 lux
603 3502 694 3552 Lunae
713 3503 781 3553 sicut
798 3503 845 3552 lux
859 3502 938 3560 Solis,
951 3509 979 3552 et
995 3501 1042 3551 lux
1059 3501 1130 3553 Solis
1147 3502 1199 3552 erit
1216 3503 1342 3566 septupla

350 3570 419 3619 sicut
430 3569 476 3618 lux
489 3579 593 3631 septem
606 3570 709 3618 dierum
717 3567 732 3589 '¹
744 3569 816 3630 (xxx.
829 3567 914 3631 1¹126);

215 3701 303 3766 haec
324 3698 415 3765 ditia
434 3710 514 3765 sunt
534 3701 577 3764 de
596 3712 690 3764 statu
711 3701 797 3764 caeli
816 3711 852 3765 et
872 3701 1038 3766 ecclesiae
1054 3711 1134 3783 post
1152 3701 1341 3767 adventum

217 3795 359 3861 Domini
377 3798 411 3860 in
430 3797 605 3860 mundum.
651 3797 705 3860 Ac
725 3798 758 3860 in
778 3795 1012 3879 Apocalypsi:

266 3932 333 3982 Visa
345 3941 387 3983 est
398 3931 483 3983 iacies
498 3931 558 3982 Filii
569 3933 689 3982 hominis
704 3933 795 3983 “sicut
808 3933 850 3983 sol
861 3933 947 3997 fulget
959 3933 987 3984 in
999 3949 1049 3985 sua
1060 3933 1182 3998 potentia
1189 3932 1204 3955 '¹
1215 3933 1243 3999 (l.
1256 3933 1314 3999 16);

213 4057 253 4113 et
272 4047 353 4111 alibi

376 4162 417 4224 (ut
427 4161 503 4214 asar.
515 4162 551 4214 lx
565 4174 615 4224 ao;
633 4174 648 4212 2
662 4161 732 4214 Sam.
744 4163 818 4214 uiti.
830 4174 854 4224 ³·
865 4175 900 4224 43
917 4163 1016 4214 Matri.
1027 4163 1091 4216 xvii.
1105 4176 1128 4226 1,
1139 4165 1174 4228 a).

214 4277 409 4344 Illustratio
426 4277 603 4342 hominum
623 4277 775 4343 mediata
793 4298 854 4361 per
873 4278 1005 4343 caelum
1028 4280 1233 4363 angelicum,
1250 4302 1337 4365 quae

212 4373 278 4464 luit
297 4385 380 4440 ante
399 4373 587 4438 adventum
607 4373 757 4449 Domini,
778 4375 970 4456 comparari
993 4385 1111 4458 potest
1135 4376 1200 4440 luci
1224 4377 1336 4454 lunae,

212 4490 301 4553 quae
331 4478 384 4533 est
414 4470 475 4533 lux
499 4469 582 4533 solis
612 4470 786 4548 mediata3
821 4491 908 4553 quae
938 4473 1016 4554 quia
1046 4482 1125 4554 post
1149 4473 1335 4540 adventum

214 4563 326 4648 Ipsius
355 4561 445 4628 faita
474 4575 528 4628 est
557 4566 767 4640 immediata,
792 4566 918 4629 dicitur
947 4567 1036 4648 apud
1065 4565 1219 4644 Esaiam,
1244 4571 1336 4653 quod

212 4661 306 4724 “lux
326 4660 426 4724 lunae
446 4662 510 4724 erit
529 4661 617 4724 sicut
636 4661 695 4724 lux
715 4661 797 4724 solis
809 4661 835 4739 ;''
858 4671 893 4725 et
912 4663 1002 4744 apud
1018 4662 1195 4741 Davidem,
