3418 5370
319 584 381 663 298
669 596 874 649 salutum
896 596 1091 649 nuoamca

317 787 419 849 supra
436 766 646 832 illustratum
663 778 717 833 est
734 790 794 852 per
810 771 1028 852 operationes
1045 770 1182 836 animae
1201 770 1235 834 in
1251 790 1385 853 corpus,
1403 769 1452 836 de

317 864 440 946 quibus
456 863 561 927 homo
573 873 645 928 tam
658 885 779 948 parum
793 867 901 940 novit,
916 877 953 930 ut
970 867 1029 930 vix
1046 867 1173 950 aliquid
1186 888 1194 945 ;
1218 876 1256 931 ut
1272 867 1452 951 quomodo

317 961 448 1037 oculus,
463 963 563 1037 auris,
581 964 683 1038 naris,
698 962 826 1046 lingua,
841 963 1000 1040 cuticula,
1016 966 1191 1044 sentiunt;
1216 984 1254 1028 ac
1272 964 1452 1049 quomodo

316 1059 527 1122 ventriculus
546 1058 684 1142 digerit,
705 1063 949 1125 mesenterium
973 1060 1161 1143 chylificat,
1181 1060 1288 1144 hepar
1307 1063 1446 1144 sangui·

317 1176 397 1220 nem
423 1155 593 1233 elaborat,
617 1176 785 1240 pancreas
809 1168 845 1223 et
873 1158 942 1222 lien
970 1158 1160 1241 purificant,
1185 1179 1285 1223 renes
1308 1159 1352 1222 ab
1380 1159 1449 1223 hu·

317 1255 467 1319 moribus
483 1255 625 1338 impuris
643 1266 841 1331 secernunt,
859 1277 919 1320 cor
936 1255 1034 1320 illum
1051 1255 1186 1340 colligit
1206 1266 1242 1322 et
1261 1256 1449 1333 distribuit,

316 1353 433 1434 pulmo
452 1353 549 1417 illum
572 1355 764 1434 decantat;
788 1363 824 1418 et
843 1355 1019 1437 quomodo
1043 1355 1219 1418 cerebrum
1241 1355 1447 1437 sanguinem

315 1451 488 1527 sublimat,
508 1461 543 1516 et
558 1473 577 1516 e
594 1471 686 1516 novo
703 1450 872 1530 vivificat;
896 1463 1035 1534 praeter
1057 1452 1236 1516 innumera
1259 1452 1337 1529 alia,
1358 1473 1449 1537 quae

315 1550 432 1613 omnia
450 1559 529 1613 sunt
552 1570 689 1625 arcana,
709 1550 744 1614 in
763 1570 850 1632 quae
869 1551 929 1613 vix
948 1549 1061 1634 aliqua
1084 1551 1230 1614 scientia
1251 1559 1369 1634 potest
1391 1551 1448 1615 in-

314 1657 416 1711 trare.
463 1647 520 1710 Ex
543 1648 597 1711 his
619 1658 730 1731 patet,
750 1648 842 1731 quod
865 1648 976 1712 adhuc
1000 1650 1112 1712 minus
1135 1649 1244 1732 possit
1267 1649 1385 1712 intrari
1408 1649 1448 1712 in

314 1765 458 1809 arcanas
475 1747 697 1827 operationes
716 1746 863 1809 Divinae
886 1745 1150 1825 Providentiae;
1173 1746 1259 1810 satis
1277 1757 1332 1811 est
1351 1746 1448 1830 quod

315 1845 467 1908 sciantur
487 1843 585 1926 leges
604 1843 686 1926 ejus.

377 1955 474 2024 337·
510 1939 613 2024 Quod
627 1943 753 2006 Divina
765 1941 988 2006 Providentia
1000 1952 1163 2024 operetur
1175 1943 1291 2006 omnia
1302 1963 1347 2006 ex
1360 1963 1447 2026 pura

314 2040 558 2114 misericordia,
572 2050 627 2104 est
643 2041 722 2123 quia
733 2041 809 2123 ipsa
820 2039 985 2104 Essentia
997 2040 1123 2103 Divina
1135 2050 1189 2104 est
1205 2059 1308 2122 purus
1320 2039 1447 2117 Amor,

314 2147 349 2200 et
371 2137 426 2201 hic
442 2148 497 2202 est
520 2139 577 2221 qui
601 2159 661 2221 per
686 2137 846 2202 Divinam
870 2137 1085 2220 Sapientiam
1104 2149 1278 2220 operatur,
1298 2148 1334 2204 et
1357 2139 1446 2204 haec

313 2237 472 2317 operatio
481 2246 537 2299 est
555 2257 642 2319 quae
657 2246 802 2299 vocatur
815 2235 940 2300 Divina
949 2236 1179 2300 Providentia.
1225 2235 1328 2320 Quod
1341 2257 1448 2320 purus

312 2333 372 2397 ille
391 2332 502 2398 Amor
525 2335 569 2397 sit
592 2355 675 2416 pura
698 2333 945 2409 Misericordia,
965 2333 1137 2416 est‚—(1.)
1170 2332 1258 2414 Quia
1281 2345 1449 2416 operatur

313 2432 404 2513 apud
428 2434 621 2515 omnesqui
644 2433 678 2495 in
699 2433 859 2495 universo
876 2443 1043 2496 terrarum
1063 2432 1145 2496 orbe
1165 2442 1257 2504 sunt,
1273 2433 1330 2514 qui
1353 2431 1447 2496 tales

312 2539 405 2604 sunt,
419 2540 456 2593 ut
477 2530 560 2593 nihil
574 2532 707 2612 possint
722 2551 767 2593 ex
787 2550 834 2592 se.
874 2527 935 2613 (2.)
967 2527 1069 2612 Quod
1085 2540 1247 2611 operetur
1262 2530 1353 2610 apud
1369 2549 1445 2594 ma·

313 2627 366 2691 los
382 2639 417 2692 et
434 2628 579 2711 injustos
597 2649 705 2711 aeque
725 2648 764 2692 ac
778 2621 875 2709 ‘apud
895 2629 1004 2690 bonos
1024 2638 1060 2691 et
1075 2627 1198 2709 justos.
1247 2626 1307 2710 (3.)
1339 2625 1446 2710 Quod

312 2723 417 2788 ducat
440 2724 518 2787 illos
538 2726 571 2786 in
591 2724 733 2796 inferno,
754 2733 790 2788 et
813 2723 893 2786 inde
912 2725 1033 2804 eripiat
1053 2723 1142 2786 illos.
1181 2722 1242 2805 (4.)
1276 2721 1377 2804 Quod
1396 2723 1447 2787 ibi

313 2832 480 2904 perpetuo
493 2819 641 2885 ludletur
653 2840 731 2884 cum
744 2820 822 2896 illis,
837 2831 873 2884 et
887 2831 1019 2903 pugnet
1032 2841 1095 2902 pro
1106 2821 1174 2884 illis
1187 2830 1310 2884 contra
1321 2821 1446 2885 diabo-

313 2917 394 2992 lum,
415 2920 481 2982 hoc
501 2930 566 2989 est.
581 2929 702 2982 contra
715 2918 808 2982 mala
822 2919 954 2982 inferni.
993 2917 1054 3000 (5.)
1087 2917 1189 3000 Quod
1208 2929 1392 3000 propterea
1407 2919 1445 2982 in

313 3018 478 3081 mundum
494 3019 639 3091 venerit,
654 3026 689 3081 et
704 3017 868 3080 subiverit
884 3017 1098 3080 tentationes
1115 3037 1220 3098 usque
1237 3017 1280 3079 ad
1297 3015 1443 3080 ultiman

312 3112 458 3183 illarum,
479 3133 566 3196 quae
585 3112 647 3176 suit
668 3115 785 3195 passio
800 3113 920 3176 crucis.
967 3109 1028 3194 (6.)
1062 3109 1164 3194 Quod
1181 3113 1343 3175 continue
1358 3121 1445 3193 agat

313 3229 390 3273 cum
410 3211 594 3273 immundis
613 3221 651 3274 ut
672 3211 819 3273 mundos
834 3211 968 3284 reddat,
986 3220 1022 3273 et
1038 3229 1114 3272 cum
1135 3210 1263 3273 insanis
1282 3219 1319 3272 ut
1338 3228 1446 3272 sanos

312 3308 454 3371 reddat:
480 3309 527 3370 ita
546 3311 711 3372 continue
728 3309 863 3371 laboret
882 3329 928 3370 ex
948 3328 1031 3390 pura
1051 3308 1291 3370 misericordia.

375 3405 475 3486 338.
501 3404 576 3488 (iii.)
605 3405 701 3484 Quod
712 3415 938 3468 momentanea
954 3403 1099 3467 salvatio
1114 3425 1156 3466 ex
1171 3403 1362 3466 immediata
1376 3401 1444 3466 mi·

311 3502 496 3566 serz'cordia
512 3524 575 3564 non
591 3503 715 3566 dabilis
731 3503 874 3565 sit—ln
891 3501 1179 3564 antecedentibus
1195 3511 1373 3563 ostensum
1386 3510 1445 3564 est

311 3600 402 3681 quod
427 3602 585 3682 operatio
608 3600 754 3663 Divinae
778 3599 1019 3663 Providentiae
1038 3598 1082 3661 ad
1102 3598 1305 3661 salvandum
1328 3597 1444 3661 homi·

312 3717 401 3770 nem,
421 3697 562 3762 inchoet
581 3698 626 3761 ab
641 3697 711 3778 ejus
728 3698 925 3770 nativitate,
943 3707 979 3761 et
997 3705 1131 3778 perstet
1148 3715 1254 3777 usque
1274 3695 1318 3758 ad
1337 3694 1443 3759 finem

311 3796 405 3860 vitae
421 3794 503 3877 ejus,
524 3806 560 3860 et
584 3807 708 3879 postea
727 3797 760 3858 in
780 3806 979 3871 aeternum;
1003 3804 1076 3856 tum
1096 3794 1187 3877 quod
1207 3794 1363 3876 operatio
1380 3791 1444 3857 illa

311 3895 474 3957 continue
492 3893 551 3957 fiat
570 3915 631 3976 per
650 3893 763 3956 media
781 3913 827 3956 ex
847 3912 929 3975 pura
947 3891 1191 3954 misericordia.
1237 3890 1293 3953 Ex
1313 3889 1367 3954 his
1385 3911 1443 3956 se·

311 3993 435 4074 quitur,
449 3992 540 4074 quod
555 4011 623 4054 non
636 3992 738 4054 detur
751 3999 997 4054 momentanea
1009 3989 1170 4062 salvatio,
1184 4008 1247 4051 nec
1259 3988 1444 4052 immedia-

311 4102 347 4150 ta
361 4089 602 4152 misericordia.
647 4087 717 4153 Sed
729 4090 808 4172 quia
820 4087 931 4162 multi,
942 4087 999 4170 qui
1012 4088 1055 4150 de
1068 4087 1169 4150 rebus
1182 4085 1362 4149 Ecclesiae
1379 4105 1443 4151 seu

310 4187 485 4268 religionis
502 4207 571 4250 non
587 4186 714 4269 aliquid
731 4187 890 4268 cogitant
909 4205 956 4249 ex
972 4181 1164 4258 intelledtu,
1182 4183 1328 4246 credunt
1347 4183 1442 4266 quod

310 4304 355 4345 ex
372 4283 572 4346 immediata
590 4283 821 4346 misericordia
834 4281 1022 4356 salventur,
1034 4289 1071 4344 et
1087 4280 1166 4343 inde
1183 4279 1275 4361 quod
1291 4279 1445 4344 salvatio

309 4378 354 4439 sit
372 4389 627 4451 momentanea,
642 4387 676 4440 et
691 4385 809 4439 tamen
830 4377 896 4438 hoc
913 4385 1035 4439 contra
1053 4376 1235 4438 veritatem
1251 4383 1318 4448 est,
1331 4383 1367 4437 et
1386 4373 1439 4437 in-

309 4491 411 4553 super
433 4481 487 4536 est
518 4471 603 4535 fides
631 4471 810 4548 damnosa,
834 4472 980 4534 interest
1005 4479 1042 4534 ut
1064 4470 1284 4553 expendatur
1309 4469 1343 4532 in
1376 4488 1444 4534 suo

311 4567 439 4629 ordine.
487 4565 549 4650 (1.)
583 4565 684 4649 Quod
714 4564 798 4630 fides
828 4567 872 4632 de
899 4575 1145 4631 momentanea
1171 4563 1365 4630 salvatione
1392 4583 1442 4628 ex
