3422 5380
341 640 405 706 266
694 651 898 704 sanantur
920 651 1118 702 unomen

338 826 539 909 responderi
555 835 686 909 potest,
702 822 821 906 “Quid
841 822 934 888 hoc?
960 823 1008 888 sic
1029 823 1226 889 dicerentur
1244 844 1366 889 omnes
1384 846 1473 890 aves

339 921 468 985 albae.”
514 921 612 986 Haec
636 921 779 985 tametsi
803 929 927 984 contra
949 939 1068 983 sanam
1093 920 1265 984 rationem
1288 931 1381 998 sunt,
1406 922 1471 985 ad·

339 1016 443 1084 dudta
466 1030 558 1094 sunt,
576 1027 613 1082 ut
638 1018 743 1080 videri
767 1017 887 1100 possit,
906 1016 997 1100 quod
1019 1015 1142 1080 salsum
1166 1036 1306 1099 prorsus
1328 1019 1472 1102 opposi-

339 1125 413 1180 tum
450 1135 542 1190 vero,
577 1134 616 1178 ac
652 1112 779 1176 malurn
814 1132 952 1196 prorsus
986 1113 1186 1195 oppositum
1220 1112 1325 1188 bono,
1356 1116 1472 1197 possit

339 1210 542 1275 confirmari.
587 1214 645 1274 [5.]
679 1207 895 1273 Secundum:
944 1205 1042 1287 Quod
1064 1207 1259 1292 confirmato
1280 1209 1380 1290 salso
1406 1231 1475 1274 reon

338 1315 507 1388 appareat
535 1324 661 1380 verum,
692 1303 755 1366 sed
780 1303 870 1386 quad
895 1323 938 1366 ea·
969 1302 1162 1386 confirmata
1195 1324 1274 1367 vera
1303 1315 1476 1386 appareat

340 1397 644 1482 salsum-Omne
667 1399 789 1462 salsum
812 1409 866 1463 est
897 1399 931 1462 in
962 1398 1126 1474 tenebris,
1152 1407 1188 1462 et
1217 1419 1320 1464 omne
1350 1421 1473 1464 verum

339 1499 372 1560 in
397 1496 482 1571 luce,
507 1515 547 1559 ac
578 1495 612 1557 in
644 1493 797 1558 tenebris
829 1513 899 1557 non
929 1503 1076 1576 apparet
1102 1493 1243 1578 aliquid,
1268 1495 1374 1559 immo
1405 1517 1472 1560 nec

338 1593 444 1654 scitur
467 1589 559 1674 quid,
583 1589 647 1653 nisi
676 1587 869 1672 palpando;
904 1588 1006 1652 aliter
1033 1589 1068 1652 in
1092 1587 1178 1653 luce.
1224 1587 1340 1672 Quare
1364 1591 1473 1655 etiam

338 1688 372 1749 in
403 1685 523 1750 Verbo
552 1685 639 1748 salsa
668 1695 838 1749 vocantur
869 1686 1047 1760 tenebrae,
1080 1692 1116 1748 et
1153 1685 1232 1749 inde
1263 1685 1312 1750 illi
1346 1688 1403 1770 qui
1436 1687 1474 1750 in

337 1782 432 1846 salsis
459 1792 551 1858 sunt,
577 1781 735 1845 dicuntur
758 1780 935 1845 ambulare
967 1782 1001 1844 in
1033 1781 1187 1845 tenebris
1217 1790 1254 1846 et
1284 1782 1319 1845 in
1351 1784 1474 1848 umbra

339 1879 480 1957 mortis;
503 1888 539 1942 et
563 1877 715 1941 vicissim
735 1877 780 1939 ibi
800 1898 881 1940 vera
900 1886 1070 1941 vocantur
1089 1874 1162 1953 lux,
1184 1885 1221 1941 et
1245 1877 1325 1940 inde
1344 1877 1394 1942 illi
1412 1880 1474 1962 qui

338 1975 373 2036 in
397 1975 488 2037 veris
507 1984 600 2048 sunt,
620 1974 781 2036 dicuntur
799 1972 977 2037 ambulare
1001 1973 1035 2036 in
1060 1971 1147 2048 luce,
1167 1982 1204 2037 et
1223 1984 1394 2037 vocantur
1413 1973 1474 2048 filii

339 2069 436 2132 lucis.
481 2071 539 2132 [od
571 2067 674 2150 Quod
692 2065 897 2132 confirmato
914 2067 1002 2132 salso
1019 2087 1088 2130 non
1104 2078 1271 2152 appareat
1286 2088 1416 2143 verum,
1434 2079 1474 2135 et

339 2164 431 2246 quod
451 2183 496 2227 ex
516 2163 721 2227 confirmato
737 2184 820 2227 vero
836 2174 1003 2246 appareat
1019 2162 1154 2239 salsum,
1172 2173 1272 2245 patet
1290 2185 1312 2227 a
1330 2163 1474 2230 multis:

340 2269 389 2333 ut,
411 2261 485 2342 quis
509 2260 641 2323 videret
665 2260 804 2342 aliquod
825 2278 942 2323 verum
964 2257 1153 2342 spirituale,
1176 2260 1239 2322 nisi
1257 2259 1412 2326 Verbum
1437 2262 1475 2327 id

340 2353 509 2419 doceret?
554 2355 707 2419 Foretne
727 2375 822 2419 mera
841 2355 966 2437 caligo,
988 2375 1075 2437 quae
1101 2373 1169 2418 non
1192 2355 1318 2419 discuti
1341 2359 1474 2439 potuit,

341 2451 405 2513 nisi
421 2468 523 2533 quam
540 2471 599 2532 per
612 2451 725 2514 lucem
742 2451 776 2514 in
793 2471 860 2533 qua
874 2450 1026 2514 Verbum
1040 2460 1106 2525 est,
1120 2459 1157 2514 et
1175 2451 1239 2513 nisi
1255 2450 1345 2534 apud
1361 2452 1474 2529 illum,

340 2546 494 2629 quivult
517 2546 704 2610 illustrari?
759 2543 844 2629 Quis
867 2545 1062 2610 haereticus
1086 2556 1204 2627 potest
1226 2545 1313 2609 salsa
1337 2568 1397 2610 sua
1420 2549 1473 2612 vi·

342 2642 433 2714 dere,
455 2643 519 2704 nisi
543 2642 708 2706 admittat
732 2643 919 2723 genuinum
940 2640 1107 2705 ecclesiae
1127 2658 1267 2721 verum;
1291 2643 1381 2725 prius
1401 2662 1473 2707 non

341 2739 438 2801 videt
456 2738 551 2800 illud.
596 2737 747 2802 Locutus
764 2757 839 2800 sum
858 2756 936 2801 cum
955 2738 1022 2801 illis
1039 2738 1096 2821 qui
1116 2758 1152 2800 se
1171 2739 1206 2800 in
1226 2736 1294 2802 fide
1311 2749 1475 2820 separata

342 2834 549 2897 acharitate
569 2833 871 2908 confirmaverunt,
892 2853 931 2896 ac
952 2833 1156 2914 interrogati
1174 2853 1301 2896 numne
1321 2834 1474 2900 viderint

343 2938 414 2993 tam
435 2928 543 2992 multa
567 2931 599 2992 in
621 2929 739 2992 Verbo
763 2929 806 2993 de
826 2949 942 2992 amore
972 2939 1009 2992 et
1040 2928 1222 3004 charitate,
1242 2929 1287 2993 de
1310 2931 1475 3012 operibus

343 3035 378 3088 et
405 3021 514 3098 sadliS,
536 3025 579 3087 de
609 3025 848 3087 custodiendis
872 3025 1076 3106 praeceptis,
1098 3033 1134 3087 et
1165 3024 1256 3106 quod
1280 3025 1403 3088 beatus
1434 3035 1474 3090 et

343 3121 479 3202 sapiens
504 3121 547 3183 sit
574 3121 630 3203 qui
649 3120 742 3195 facit,
767 3141 806 3184 ac
837 3120 961 3183 stultus
985 3121 1040 3203 qui
1070 3140 1140 3183 non
1170 3119 1274 3198 sacit3
1306 3121 1474 3186 dixerunt

342 3216 434 3298 quod
462 3213 521 3277 illa
548 3215 629 3277 dum
657 3215 828 3297 legerunt,
850 3235 919 3277 non
949 3216 1098 3277 viderint
1122 3213 1224 3277 aliter
1251 3234 1354 3296 quam
1378 3215 1473 3297 quod

343 3312 413 3374 sint
435 3307 530 3383 fides,
555 3320 591 3373 et
616 3312 662 3373 sic
691 3310 751 3374 illa
774 3313 863 3374 sicut
891 3309 1038 3373 occlusis
1062 3310 1170 3372 oculis
1195 3311 1473 3391 praeteriverint.

344 3417 402 3481 [7.]
426 3403 482 3468 Illi
505 3405 560 3487 qui
584 3405 618 3468 in
641 3406 736 3470 salsis
760 3428 797 3471 se
820 3404 1110 3469 confirmaverunt
1133 3416 1213 3469 sunt
1241 3408 1330 3469 sicut
1356 3407 1474 3489 quiin

343 3500 474 3581 pariete
492 3499 613 3565 vident
635 3503 826 3574 striaturas,
847 3512 882 3564 et
906 3519 983 3563 cum
1007 3503 1039 3562 in
1065 3500 1184 3564 umbra
1203 3521 1370 3584 vesperae
1389 3509 1474 3565 sunt

342 3596 502 3659 striatum
518 3595 602 3660 illud
622 3598 655 3660 in
674 3597 857 3679 phantasia
869 3597 988 3659 vident
1006 3597 1096 3659 sicut
1112 3597 1264 3679 equitem
1281 3607 1341 3660 aut
1357 3596 1473 3660 homi·

343 3710 433 3766 nem,
446 3711 533 3774 quae
552 3693 668 3774 imago
680 3694 862 3756 visionaria
878 3693 1066 3773 dissipatur
1082 3713 1102 3754 a
1118 3690 1193 3754 luce
1211 3692 1279 3754 diei
1294 3689 1472 3756 influente.

343 3784 429 3867 Quis
457 3797 575 3867 potest
607 3791 735 3852 sentire
763 3789 975 3852 immundum
1003 3785 1183 3870 spirituale
1210 3785 1381 3864 adulterii,
1406 3789 1473 3853 nisi

343 3882 398 3963 qui
418 3892 472 3945 est
490 3883 523 3945 in
543 3885 672 3948 mundo
688 3883 855 3967 spirituali
872 3882 1069 3946 castitatis?
1111 3881 1196 3964 Quis
1209 3893 1327 3966 potest
1340 3884 1474 3948 sentire

343 3978 481 4041 crudele
500 3977 681 4053 vindidtae,
700 3981 763 4043 nisi
783 3981 838 4062 qui
857 3980 891 4042 in
910 3978 1002 4041 bono
1019 3999 1065 4041 ex
1084 3996 1201 4042 amore
1226 3979 1374 4061 proximi
1393 3978 1474 4043 est?

343 4069 429 4152 Quis
448 4073 635 4138 adulteret
655 4076 729 4158 quis
748 4075 890 4158 cupidus
905 4071 1078 4137 vindiciae
1094 4093 1164 4137 non
1180 4075 1371 4138 subsannat
1391 4074 1474 4138 illos

343 4167 399 4248 qui
412 4166 562 4248 jucunda
578 4169 714 4233 illorum
732 4180 860 4234 vocant
880 4169 1070 4246 infernalia,
1091 4189 1130 4232 ac
1149 4169 1299 4233 vicissim
1318 4168 1472 4251 jucunda

344 4263 469 4326 amoris
498 4263 703 4347 conjugialis
730 4275 765 4329 et
796 4266 921 4329 amoris
951 4265 1102 4347 proximi
1131 4265 1319 4328 caelestia?
1354 4275 1389 4328 et
1420 4265 1472 4328 sic

345 4379 455 4440 porro.
502 4373 559 4435 [8.]
597 4361 754 4425 Tertium
769 4359 923 4439 :-Qa0al
947 4370 1049 4442 passe
1077 4359 1274 4442 confirmare
1303 4360 1465 4444 quicquid

344 4452 441 4528 lubet,
467 4477 529 4518 non
551 4456 599 4520 sit
620 4456 853 4538 intellegentia,
877 4455 940 4518 sed
958 4455 1065 4518 salum
1087 4455 1318 4536 ingenz'asitas,
1342 4455 1472 4520 dabilis

343 4549 444 4614 etiam
471 4551 565 4633 apud
585 4551 947 4634 pessimos—Dantur
970 4549 1231 4614 confirmatores
1254 4551 1472 4628 dexterrimi,

344 4644 401 4727 qui
418 4665 486 4708 non
503 4648 615 4711 sciunt
631 4647 771 4732 aliquod
787 4667 915 4724 verum,
929 4657 964 4711 et
982 4666 1087 4730 usque
1104 4657 1249 4729 possunt
1267 4645 1472 4712 confirmare
