3418 5368
332 601 394 670 160
680 607 883 660 samsusm
906 608 1103 662 suasmet

329 798 383 855 est
401 810 421 854 a
439 786 556 873 primis
576 793 612 852 et
632 783 762 850 ultimis
785 783 896 861 simul,
915 783 966 850 ita
986 784 1022 850 in
1044 783 1159 869 pleno.
1204 783 1273 852 Sed
1291 788 1372 872 quia
1390 811 1454 855 ex-

330 894 440 950 trema
460 903 501 947 ac
521 881 642 947 ultima
665 890 807 946 naturae
831 901 900 946 non
923 889 1068 965 possunt
1090 879 1242 966 recipere
1265 883 1457 967 spiritualia

329 1000 369 1044 ac
393 988 546 1055 aeterna,
566 978 717 1061 adquae
741 995 838 1042 mens
860 975 1011 1041 humana
1032 976 1179 1042 formata
1201 986 1264 1054 est,
1284 979 1373 1045 sicut
1396 978 1457 1046 illa

329 1075 363 1138 in
382 1096 420 1138 se
438 1084 529 1150 sunt,
550 1082 587 1138 et
609 1082 727 1137 tamen
750 1071 856 1136 homo
874 1080 1050 1136 natusest
1070 1082 1108 1137 ut
1128 1071 1187 1137 fiat
1205 1073 1391 1157 spiritualis
1415 1096 1455 1140 ac

329 1171 424 1234 vivat
442 1171 475 1234 in
496 1178 686 1244 aeternum,
707 1168 786 1232 ideo
804 1167 910 1232 homo
928 1165 988 1231 illa
1009 1168 1119 1244 exuit,
1139 1177 1175 1233 et
1199 1168 1328 1234 retinet
1350 1171 1457 1236 modo

330 1265 499 1330 naturalia
514 1265 688 1338 interiora,
702 1285 790 1348 quae
805 1261 1036 1346 spiritualibus
1051 1272 1087 1327 et
1101 1261 1309 1329 caelestibus
1325 1284 1455 1330 conve·

331 1362 427 1425 niunt
447 1372 483 1425 et
500 1360 724 1435 concordant,
741 1380 781 1423 ac
801 1358 867 1422 illis
885 1359 1075 1423 inserviunt
1094 1379 1156 1443 pro
1174 1360 1456 1442 continentibus;

330 1456 396 1519 hoc
407 1455 444 1519 fit
456 1476 517 1537 per
525 1452 745 1537 rejedtionem
754 1454 1037 1536 temporariorum
1051 1462 1088 1516 et
1097 1453 1304 1519 naturalium
1313 1453 1456 1520 ultimo·

331 1570 415 1626 rum,
430 1571 518 1633 quae
534 1560 588 1614 est
606 1568 697 1613 mors
714 1549 874 1633 corporis.
910 1555 967 1615 [4.]
992 1547 1210 1612 Secundum:
1230 1547 1329 1628 Quod
1337 1548 1456 1614 Dami-

331 1666 393 1736 aus
408 1656 473 1726 per
489 1644 652 1709 Dibinam
669 1665 766 1708 suam
784 1643 1039 1707 Providentiam
1058 1641 1103 1707 Se
1118 1645 1296 1728 comangat
1313 1654 1457 1708 natura·

331 1739 418 1803 libus
433 1750 497 1821 per
511 1739 720 1822 spiritualia,
737 1760 776 1802 ac
797 1738 1014 1821 temporariis
1026 1749 1096 1819 per
1110 1749 1258 1815 aeterna,
1279 1741 1459 1804 secundum

332 1856 422 1899 usus.
469 1835 649 1900 Naturalia
671 1845 708 1900 et
731 1835 941 1916 temporaria
962 1853 1032 1897 non
1055 1844 1136 1898 sunt
1158 1833 1270 1898 solum
1290 1835 1351 1898 illa
1369 1855 1458 1919 quae

332 1931 469 2014 propria
485 1939 629 1994 naturae
645 1940 737 2005 sunt,
754 1929 814 1993 sed
830 1929 934 1993 etiam
951 1928 1009 1993 illa
1025 1951 1111 2012 quae
1127 1930 1263 2013 propria
1279 1930 1458 1994 hominum

332 2034 414 2088 sunt
441 2025 474 2086 in
505 2025 635 2088 mundo
661 2024 820 2088 naturali.
868 2023 964 2087 Haec
995 2033 1030 2088 et
1058 2024 1118 2088 illa
1147 2026 1245 2089 exuit
1267 2024 1375 2089 homo
1398 2044 1460 2108 per

258 2143 261 2156 ·
333 2129 490 2196 mortem,
515 2140 554 2184 ac
583 2120 695 2184 induit
724 2119 914 2203 spiritualia
936 2139 975 2183 ac
999 2129 1141 2184 aeterna
1162 2118 1230 2183 illis
1254 2140 1459 2202 correspon-

333 2216 459 2279 dentia.
501 2213 603 2297 Quod
619 2215 739 2279 induat
758 2215 843 2278 haec
860 2215 1048 2278 secundum
1065 2236 1156 2292 usas,
1174 2214 1290 2279 multis
1307 2216 1340 2279 in
1357 2225 1457 2279 ante·

333 2309 537 2374 cedentibus
552 2320 732 2374 ostensum
748 2318 812 2372 est.
858 2308 1037 2372 Naturalia
1052 2329 1140 2393 quae
1159 2311 1295 2391 propria
1314 2319 1460 2373 naturae

333 2417 424 2482 sunt,
450 2427 487 2470 se
515 2405 665 2469 referunt
689 2406 724 2468 in
746 2423 873 2487 genere
897 2404 940 2467 ad
963 2413 1122 2485 tempora
1151 2415 1187 2468 et
1217 2407 1340 2487 spatia,
1365 2417 1401 2468 et
1424 2406 1459 2468 in

333 2503 448 2584 specie
467 2502 510 2564 ad
529 2500 589 2564 illa
605 2521 693 2583 quae
709 2518 810 2581 super
825 2498 949 2563 tellure
966 2500 1233 2583 conspiciuntur,
1250 2500 1336 2564 haec
1353 2500 1460 2563 homo

334 2617 394 2680 per
416 2607 563 2659 mortem
587 2596 758 2677 relinquit,
782 2613 822 2657 ac
846 2593 923 2656 loco
947 2594 1082 2658 illorum
1107 2597 1233 2677 accipit
1257 2595 1460 2676 spiritualia,

335 2711 422 2775 quae
439 2692 552 2772 quoad
568 2690 690 2754 faciem
703 2698 885 2752 externam
902 2710 962 2752 seu
979 2692 1216 2773 apparentiam
1230 2689 1354 2753 similia
1365 2698 1458 2767 sunt,

334 2784 395 2848 sed
419 2804 489 2847 non
512 2785 624 2868 quoad
647 2785 768 2849 saciem
791 2785 962 2847 internam
987 2794 1022 2848 et
1046 2784 1156 2866 ipsam
1175 2786 1384 2864 essentiam;
1416 2784 1461 2848 de

335 2901 401 2964 qua
430 2900 466 2943 re
499 2881 604 2943 etiam
635 2899 737 2964 supra
768 2875 883 2942 adium
914 2889 978 2943 est.
1025 2891 1082 2953 [8.]
1112 2879 1348 2963 Temporaria,
1372 2900 1460 2963 quae

335 2975 472 3060 propria
498 2973 676 3042 hominum
704 2975 738 3037 in
763 2974 891 3038 mundo
921 2972 1068 3038 naturali
1099 2987 1190 3051 sunt,
1214 2977 1248 3038 in
1271 2995 1399 3059 genere
1423 2995 1461 3040 se

334 3070 484 3136 referunt
512 3070 557 3135 ad
586 3070 778 3152 dignitates
801 3077 837 3132 et
861 3089 956 3151 opes,
981 3079 1017 3132 et
1040 3069 1072 3132 in
1097 3071 1211 3152 specie
1239 3071 1283 3133 ad
1313 3069 1461 3151 cujusvis

335 3166 483 3231 hominis
503 3165 741 3240 necessitates,
759 3184 846 3247 quae
865 3174 946 3227 sunt
966 3161 1085 3240 victus,
1106 3163 1250 3229 ami8rus
1268 3174 1304 3228 et
1323 3163 1461 3229 habita·

335 3263 396 3326 tio.
443 3261 539 3326 Haec
560 3281 695 3344 quoque
718 3268 891 3324 exuuntur
909 3269 945 3323 et
965 3259 1202 3342 relinquuntur
1220 3281 1281 3343 per
1300 3271 1461 3338 mortem,

336 3379 375 3421 ac
406 3358 591 3422 induuntur
613 3367 648 3421 et
669 3356 884 3437 accipiuntur
906 3355 999 3430 talia,
1025 3376 1110 3440 quae
1134 3356 1247 3440 quoad
1277 3366 1460 3421 externam

336 3453 457 3517 faciem
485 3474 545 3517 seu
572 3452 810 3536 apparentiam
838 3450 963 3514 similia
987 3461 1078 3525 sunt,
1104 3471 1173 3514 non
1203 3461 1319 3516 autem
1348 3451 1460 3535 quoad

336 3548 506 3610 internam
531 3549 650 3611 faciem
671 3557 707 3611 et
726 3547 838 3629 quoad
862 3547 1058 3610 essentiam.
1106 3545 1232 3610 Omnia
1253 3547 1340 3610 haec
1364 3566 1461 3610 suam

336 3644 507 3706 internam
530 3642 652 3706 faciem
672 3652 707 3706 et
727 3643 912 3705 essentiam
935 3641 1066 3706 habent
1086 3663 1131 3706 ex
1151 3643 1266 3705 usibus
1286 3653 1461 3727 tempora·

336 3739 461 3800 riorum
485 3738 519 3800 in
543 3737 681 3800 mundo.
726 3735 819 3801 Usus
842 3749 921 3800 sunt
945 3738 1037 3800 bona
1064 3759 1150 3820 quae
1173 3749 1342 3802 vocantur
1369 3738 1462 3802 bona

337 3834 524 3899 charitatis.
570 3832 626 3896 Ex
656 3833 709 3895 his
736 3843 897 3896 constare
927 3843 1056 3915 potest,
1082 3834 1174 3916 quod
1205 3833 1373 3898 Dominus
1401 3854 1465 3918 per

338 3928 499 3992 Divinam
533 3947 629 3992 suam
665 3928 919 3992 Providentiam
953 3929 1141 4011 conjungat
1178 3929 1391 3994 naturalibus
1423 3939 1462 3995 et

338 4025 555 4106 temporariis
585 4017 773 4108 spiritualia
804 4045 844 4087 ac
878 4033 1020 4088 aeterna
1053 4025 1239 4088 secundum
1267 4046 1356 4088 usus.
1404 4039 1464 4101 [0.]

338 4119 517 4183 Tertium:
552 4117 650 4197 Quod
673 4118 839 4182 Dominus
868 4119 1046 4202 conyirngat
1068 4117 1249 4182 Sensibus
1267 4129 1332 4201 per
1353 4140 1462 4183 carre·

338 4215 568 4298 spondentzbs,
584 4223 618 4277 et
635 4213 683 4278 sic
694 4223 760 4295 per
774 4213 995 4294 apparentibs
1007 4212 1182 4276 secundum
1198 4213 1466 4298 confirmationes

338 4310 478 4375 illarum
496 4309 539 4373 ab
554 4307 692 4372 homine.
736 4307 805 4373 Sed
822 4310 900 4392 quia
915 4308 1000 4373 haec
1021 4329 1089 4372 non
1107 4320 1252 4392 possunt
1269 4329 1339 4372 non
1355 4309 1463 4374 videri

339 4407 485 4470 obscura
503 4403 571 4467 illis
589 4405 646 4487 qui
665 4405 816 4470 nondum
837 4403 964 4468 claram
989 4405 1166 4467 notionem
1186 4414 1363 4487 ceperunt,
1383 4404 1463 4489 quid

273 4570 278 4579 ,
339 4501 648 4583 correspondentia
670 4511 706 4564 et
730 4502 810 4584 quid
833 4501 1044 4583 apparentia,
1064 4521 1168 4582 quare
1187 4501 1247 4564 illa
1264 4495 1463 4582 per'exem·

340 4597 434 4682 plum
464 4595 667 4660 illustranda
697 4606 732 4662 et
758 4597 805 4660 sic
836 4596 1045 4679 explicanda
1071 4605 1159 4658 sunt.
1207 4595 1333 4660 Omnia
1356 4595 1464 4662 Verbi
