3434 5364
493 664 546 719 na
567 663 706 718 mvnun
727 662 1084 718 anonumum-u.
1102 668 1155 736 41.
1344 669 1388 744 27

254 861 365 906 sensu
383 839 579 924 percipitur,
598 837 666 904 hoc
689 859 760 903 non
778 837 928 904 describi
951 847 1081 922 potest,
1101 841 1181 926 quia
1203 861 1272 909 non
1291 843 1389 912 cadit

254 937 295 1000 in
309 937 532 1018 cogitationis
545 934 650 1010 ideas,
664 944 700 998 et
713 935 792 999 inde
805 955 869 998 nec
882 935 916 998 in
929 956 1033 1001 voces
1046 958 1054 1016 ;
1077 935 1274 1003 intellectus
1293 941 1386 1008 euim

256 1031 373 1095 solum
397 1031 502 1104 videt,
527 1039 563 1093 et
581 1029 678 1093 videt
705 1028 766 1093 illa
788 1050 876 1112 quae
899 1032 1092 1112 sapientiae
1118 1053 1179 1097 seu
1201 1035 1272 1098 veri
1294 1045 1385 1116 sunt,

261 1147 331 1190 non
347 1136 463 1189 autem
483 1124 542 1188 illa
560 1145 648 1208 quae
667 1124 793 1188 amoris
811 1145 872 1189 seu
890 1126 972 1189 boni
990 1136 1091 1206 sunt;
1115 1148 1220 1212 quare
1238 1128 1384 1196 felicita-

257 1231 317 1286 tes
339 1221 418 1285 illae
438 1231 517 1284 sunt
539 1218 832 1303 inexpressibiles,
850 1220 912 1284 sed
936 1241 1042 1302 usque
1065 1225 1260 1290 ascendunt
1283 1226 1385 1294 simili

249 1317 368 1400 gradu
391 1339 469 1382 cum
491 1317 673 1401 sapientia.
720 1313 923 1381 Varietates
947 1314 1084 1381 illarum
1117 1326 1199 1384 sunt
1224 1317 1392 1400 infinitae,

249 1423 295 1477 et
314 1415 525 1499 unaquaevis
540 1412 729 1478 ineffabilis.
770 1411 899 1477 Audivi
917 1411 984 1476 hoc
1002 1421 1039 1477 et
1059 1414 1199 1498 percepi
1216 1413 1296 1480 hoc.
1335 1429 1392 1496 [2.]

251 1507 327 1574 Sed
356 1511 437 1577 illae
467 1511 653 1577 felicitates
680 1512 814 1575 intrant
845 1511 934 1576 sicut
960 1508 1066 1575 homo
1094 1514 1392 1596 concupiscentias

249 1611 384 1673 amoris
399 1611 482 1675 mali
498 1619 535 1675 et
553 1610 630 1674 falsi
646 1619 813 1693 tanquam
830 1630 876 1674 ex
893 1629 942 1685 se,
960 1609 1022 1674 sed
1043 1631 1150 1694 usque
1166 1631 1212 1675 ex
1229 1610 1392 1688 Domino,

249 1709 412 1784 amovet,
432 1718 513 1772 sunt
537 1710 628 1772 enim
651 1707 839 1772 felicitates
858 1706 938 1771 illae
962 1707 1149 1772 felicitates
1173 1705 1392 1772 affectionum

254 1802 340 1867 boni
363 1814 399 1868 et
421 1804 505 1880 veri,
530 1814 567 1868 ct
597 1803 664 1868 hae
687 1805 976 1887 concupiscentiis
1000 1805 1126 1868 amoris
1150 1803 1233 1869 mali
1256 1814 1292 1870 et
1315 1803 1392 1872 falsi

250 1903 441 1984 oppositae
468 1911 560 1967 sunt.
606 1900 811 1966 Felicitates
844 1899 1063 1966 affectionum
1092 1903 1221 1966 amoris
1251 1903 1393 1967 boniet

250 2001 330 2062 veri
349 2000 518 2065 inchoant
537 2020 558 2064 a
577 1999 738 2074 Domino,
759 2001 809 2063 ita
828 1999 873 2062 ab
890 2000 1027 2076 intimo,
1047 2009 1084 2065 et
1107 2001 1188 2064 inde
1207 2020 1247 2065 se
1268 1998 1392 2064 diffun-

249 2096 345 2161 dunt
361 2099 395 2162 in
412 2098 582 2172 inferiora,
596 2117 703 2180 usque
719 2098 762 2160 ad
779 2096 913 2172 ultima,
926 2117 966 2162 ac
982 2098 1033 2162 ita
1048 2096 1196 2180 implent
1214 2095 1391 2179 angelum,

250 2213 299 2258 ac
323 2195 452 2261 faciunt
478 2205 517 2261 ut
540 2205 637 2260 totus
660 2195 705 2258 sit
731 2196 827 2278 quasi
854 2195 1025 2260 delicium.
1071 2195 1178 2260 Tales
1205 2196 1392 2261 felicitates

250 2311 336 2355 cum
355 2293 498 2357 infinitis
513 2293 741 2358 varietatibus
760 2302 841 2356 sunt
860 2293 894 2357 in
913 2294 1035 2376 quavis
1050 2289 1233 2358 affectione
1251 2292 1335 2358 boni
1354 2302 1392 2359 et

251 2391 341 2466 veri,
358 2391 525 2474 imprimis
541 2392 575 2454 in
596 2389 779 2454 affectione
799 2391 1001 2474 sapientiae.

322 2505 395 2573 40.
424 2489 668 2572 jucunditates
687 2489 1046 2571 concupiscentiarum
1065 2486 1159 2565 mali,
1178 2497 1217 2554 et
1231 2487 1391 2572 jucundi·

250 2593 353 2649 tates
369 2585 588 2651 affectionum
605 2587 698 2662 boni,
712 2607 783 2650 non
799 2596 947 2671 possunt
964 2587 1177 2667 comparari;
1202 2587 1281 2671 quia
1296 2587 1391 2652 intus

250 2683 292 2746 in
308 2683 583 2765 jucunditatibus
601 2685 961 2767 concupiscentiarum
985 2683 1066 2747 mali
1086 2693 1141 2749 est
1159 2684 1329 2762 diabolus,
1349 2703 1390 2750 ac

250 2781 351 2845 intus
370 2783 405 2846 in
420 2783 697 2866 jucunditatibus
712 2779 932 2846 affectionum
948 2781 1030 2845 boni
1046 2790 1102 2846 est
1122 2780 1307 2846 Dominus.
1353 2780 1391 2848 Si

249 2881 514 2963 comparandae
533 2890 625 2956 sunt,
646 2901 715 2944 non
735 2878 839 2945 aliter
856 2879 1047 2962 comparari
1066 2889 1213 2962 possunt
1229 2879 1389 2962 jucundi·

251 2988 352 3043 tates
383 2981 742 3062 concupiscentiarum
773 2977 855 3042 mali
882 2997 985 3061 quam
1015 2997 1093 3041 cum
1112 2975 1390 3061 jucunditatibus

250 3075 396 3140 lascivis
412 3097 571 3140 ranarum
590 3078 625 3140 in
641 3077 788 3158 stagnis,
805 3085 843 3141 ut
861 3087 898 3140 et
914 3088 1114 3157 serpentum
1133 3076 1168 3139 in
1185 3076 1389 3159 putoribus;

250 3185 295 3238 at
307 3175 544 3257 jucunditates
555 3173 776 3239 affectionum
791 3175 874 3238 boni
891 3173 1083 3256 comparari
1095 3183 1243 3257 possunt
1255 3172 1390 3238 deliciis

251 3275 450 3338 animorum
469 3274 504 3336 in
523 3270 632 3336 hortis
651 3282 687 3336 et
705 3271 857 3336 floretis:
882 3269 1007 3334 similia
1021 3271 1114 3334 enim
1130 3291 1218 3354 quae
1234 3269 1390 3336 afficiunt

253 3391 359 3434 ranas
382 3380 418 3435 et
442 3381 634 3453 serpentes,
651 3371 757 3434 etiam
775 3368 930 3434 afficiunt
949 3367 1029 3432 illos
1058 3369 1093 3431 in
1115 3367 1256 3433 infernis
1275 3369 1330 3453 qui
1354 3369 1389 3435 in

250 3467 547 3549 concupiscentiis
566 3465 649 3529 mali
667 3474 760 3541 sunt,
781 3473 817 3529 et
836 3463 960 3528 similia
978 3484 1066 3548 quae
1085 3461 1238 3528 afficiunt
1254 3467 1390 3529 animos

249 3567 293 3631 in
313 3566 421 3629 hortis
444 3574 481 3628 et
504 3563 646 3639 floretis,
666 3564 773 3628 etiam
792 3559 947 3627 afficiunt
968 3560 1047 3625 illos
1077 3562 1111 3625 in
1142 3561 1248 3626 caelis
1266 3565 1323 3647 qui
1352 3564 1388 3628 in

250 3662 498 3729 affectionibus
510 3663 590 3725 boni
604 3671 685 3725 sunt
699 3683 706 3723 :
727 3680 808 3724 nam
821 3669 858 3724 ut
874 3679 978 3743 supra
989 3657 1118 3724 dictum
1132 3670 1198 3737 est,
1212 3661 1390 3725 immunda

249 3761 568 3844 correspondentia
583 3758 736 3823 afficiunt
749 3757 872 3834 malos,
885 3768 922 3822 et
938 3758 1068 3821 munda
1080 3757 1389 3840 correspondentia

250 3860 413 3925 afficiunt
431 3859 552 3922 bonos.
784 3919 788 3925 ,
1346 3871 1348 3874 ’

322 3971 390 4040 41.
420 3956 477 4019 Ex
500 3957 553 4020 his
576 3962 738 4019 constare
757 3963 887 4036 potest,
907 3953 1000 4037 quod
1020 3973 1088 4036 quo
1107 3955 1247 4035 propius
1265 3951 1390 4036 aliquis

250 4054 480 4137 conjungitur
495 4054 656 4129 Domino,
671 4074 714 4116 eo
729 4052 860 4116 felicior
874 4049 945 4116 fiat.
991 4049 1059 4115 Sed
1075 4049 1224 4115 felicitas
1236 4050 1296 4113 illa
1311 4071 1389 4115 raro

251 4174 297 4217 se
313 4151 511 4217 manifestat
530 4153 564 4215 in
583 4151 732 4230 mundo;
756 4151 835 4235 quia
850 4149 955 4215 homo
970 4158 1053 4214 tunc
1073 4148 1107 4213 in
1127 4157 1224 4213 statu
1239 4146 1389 4212 naturali

251 4260 327 4325 est,
348 4269 388 4312 ac
411 4248 569 4313 naturale
588 4268 657 4319 non
676 4248 909 4312 communicat
928 4265 1006 4310 cum
1025 4244 1197 4328 spirituali
1218 4265 1280 4330 per
1302 4264 1388 4310 con·

252 4347 405 4423 tinuum,
426 4347 487 4411 sed
506 4367 566 4431 per
584 4343 935 4427 correspondentias;
957 4353 995 4409 et
1013 4343 1100 4408 haec
1119 4343 1390 4409 communicatio

251 4467 330 4511 non
350 4446 501 4511 sentitur
515 4464 617 4530 quam
637 4464 698 4528 per
715 4442 889 4528 quandam
905 4442 1057 4527 quietem
1076 4452 1113 4508 et
1132 4460 1254 4527 pacem
1270 4440 1389 4518 animi,

252 4565 349 4628 quae
371 4543 539 4627 imprimis
562 4541 600 4607 fit
623 4550 704 4626 post
728 4560 863 4624 pugnas
885 4549 1008 4604 contra
1027 4540 1129 4604 mala.
1175 4537 1226 4603 At
1250 4537 1390 4620 quando

251 4637 366 4705 nomo
388 4640 486 4706 exuit
505 4649 636 4703 statum
661 4636 866 4713 naturalem,
886 4655 926 4700 ac
951 4637 1058 4700 intrat
1082 4645 1210 4699 statum
1228 4633 1393 4712 spiritua·
