3352 5374
340 631 384 716 96
695 640 899 694 SAPIENTIA
921 641 1117 695 ANGELICA

340 815 403 880 dus
419 813 609 880 voluntatis
626 833 665 879 ac
683 809 880 878 intellectus
896 823 933 878 et
951 812 1030 878 inde
1046 811 1209 890 conclusi,
1227 823 1263 879 et
1283 815 1330 879 sic
1351 815 1468 882 deter-

340 907 540 972 minationis
556 907 600 970 ad
619 925 728 981 usum,
746 906 870 970 dentur
886 907 975 989 apud
994 907 1112 985 illum;
1137 925 1217 970 nam
1234 907 1396 973 voluntas
1412 919 1469 974 est

340 999 598 1084 receptaculum
621 1001 757 1074 amoris,
778 1009 814 1063 et
838 995 1033 1063 intelledtus
1052 999 1308 1088 receptaculum
1329 1003 1479 1082 sapien··

341 1094 423 1168 tiae,
441 1113 482 1156 ac
513 1092 710 1156 conclusum
735 1102 789 1155 est
819 1111 972 1180 ususex
1002 1091 1079 1155 illis.
1124 1091 1182 1155 Ex
1212 1093 1333 1175 quibus
1356 1102 1469 1176 patet,

342 1185 434 1268 quod
457 1185 548 1268 apud
571 1185 831 1267 unumquemvis
853 1183 1027 1247 hominem
1051 1185 1096 1248 sit
1119 1184 1281 1250 voluntas
1304 1195 1341 1248 et
1363 1185 1469 1250 intel·

342 1273 452 1340 ledtus
471 1278 647 1350 naturalis,
665 1275 852 1359 spiritualis
870 1285 907 1340 et
926 1276 1088 1340 caelestis
1108 1279 1141 1340 in
1162 1279 1319 1359 potentia
1338 1298 1358 1340 a
1378 1279 1468 1341 nati·

342 1372 462 1444 vitate,
482 1379 518 1433 et
538 1371 571 1433 in
591 1367 668 1433 aftu
687 1370 768 1432 dum
787 1371 994 1451 aperiuntur.
1040 1369 1169 1444 Verbo,
1189 1391 1287 1434 mens
1306 1370 1469 1446 hominis,

342 1481 430 1544 quae
449 1462 610 1525 consistit
629 1482 674 1524 ex
694 1461 874 1524 voluntate
894 1472 929 1524 et
953 1458 1143 1538 intelledtu,
1164 1485 1209 1525 ex
1233 1465 1408 1528 creatione
1432 1473 1469 1528 et

342 1555 423 1619 inde
441 1575 489 1619 ex
508 1555 692 1618 nativitate
708 1565 762 1617 est
779 1555 881 1616 trium
898 1554 1077 1636 graduum,
1095 1557 1145 1617 ita
1163 1556 1254 1638 quod
1274 1555 1405 1620 homini
1424 1558 1470 1622 sit

342 1667 440 1711 mens
457 1647 633 1720 naturalis,
651 1664 748 1708 mens
764 1646 948 1727 spiritualis
968 1655 1002 1708 et
1022 1665 1120 1709 mens
1133 1647 1304 1722 caelestis,
1322 1659 1358 1710 et
1377 1648 1470 1730 quod

342 1740 448 1804 homo
460 1758 520 1819 per
532 1740 565 1803 id
582 1738 709 1802 elevari
723 1739 831 1820 possit
845 1739 878 1800 in
891 1739 1094 1819 sapientiam
1106 1739 1310 1820 angelicam.
1324 1759 1364 1803 ac
1376 1741 1470 1804 illam

343 1832 519 1915 possidere
531 1831 669 1912 quando
682 1832 714 1893 in
729 1831 857 1893 mundo
868 1831 951 1893 vivit
964 1851 971 1906 ;
989 1830 1048 1892 sed
1060 1851 1165 1913 usque
1178 1833 1211 1894 in
1226 1832 1317 1894 illam
1332 1852 1400 1895 non
1409 1853 1470 1896 ve·

344 1927 396 1987 nit
412 1924 477 1986 nisi
496 1943 597 2004 quam
614 1932 693 2004 post
711 1932 869 1996 mortem,
887 1923 915 1986 si
934 1922 972 1986 lit
988 1923 1143 2005 angelus,
1162 1935 1198 1987 et
1218 1934 1300 1987 tunc
1320 1924 1471 2007 loquitur

344 2014 528 2079 ineffabilia
547 2027 582 2078 et
600 2015 746 2078 naturali
762 2015 892 2077 homini
907 2015 1277 2096 incomprehensibilia.
1314 2015 1470 2098 Cognovi

343 2108 520 2172 hominem
541 2108 759 2171 mediocriter
782 2103 920 2170 doftum
947 2108 982 2170 in
1002 2108 1142 2183 mundo,
1159 2117 1195 2171 et
1224 2118 1303 2189 post
1322 2120 1469 2173 mortem

344 2202 414 2265 vidi
429 2200 525 2264 illum
535 2212 571 2264 et
591 2199 726 2264 locutus
738 2218 812 2263 sum
830 2218 906 2262 cum
919 2198 980 2263 illo
998 2201 1032 2262 in
1049 2200 1157 2274 caelo,
1170 2209 1208 2264 et
1224 2200 1315 2264 clare
1334 2203 1470 2283 percepi

344 2295 436 2377 quod
454 2293 589 2357 locutus
605 2293 650 2356 sit
666 2293 754 2355 sicut
765 2291 919 2373 angelus,
932 2301 967 2355 et
983 2293 1075 2375 quod
1086 2292 1146 2356 illa
1161 2312 1248 2375 quae
1259 2292 1394 2356 locutus
1404 2304 1469 2368 est,

345 2387 475 2451 homini
495 2385 643 2470 naturali
657 2383 944 2467 imperceptibilia
959 2396 1086 2449 essent.
1120 2383 1233 2449 Causa
1248 2397 1333 2462 erat,
1347 2387 1426 2468 quia
1436 2387 1470 2449 in

345 2468 474 2544 mundo
491 2487 675 2560 praecepta
691 2476 798 2539 Verbi
817 2476 1028 2557 applicuerat
1045 2478 1148 2551 vitae,
1166 2489 1202 2542 et
1222 2475 1376 2542 coluerat
1399 2477 1471 2542 Do·

347 2573 488 2647 minum,
506 2583 541 2634 et
556 2571 636 2633 inde
656 2569 836 2632 aDomino
855 2570 888 2632 in
909 2571 1049 2632 tertium
1061 2571 1205 2650 gradum
1224 2572 1349 2634 amoris
1361 2581 1398 2635 et
1417 2591 1471 2633 sa·

347 2665 496 2746 pientiae
515 2663 669 2726 elevatus
682 2675 747 2726 est.
780 2661 930 2725 Interest
944 2671 981 2725 ut
995 2662 1079 2725 haec
1100 2663 1249 2726 elevatio
1265 2665 1391 2727 mentis
1410 2663 1472 2727 hu·

349 2775 470 2819 manae
484 2757 621 2830 sciatur,
639 2756 717 2818 inde
733 2756 823 2818 enim
844 2755 974 2837 pendet
987 2752 1184 2819 intellectus
1200 2756 1426 2837 sequentium.

411 2867 513 2935 24⁰.
543 2849 629 2914 Sunt
648 2851 748 2914 binae
767 2851 951 2914 facultates
975 2871 994 2913 a
1010 2849 1161 2914 Domino
1178 2852 1267 2933 apud
1287 2851 1471 2929 hominem,

349 2963 409 3026 per
432 2963 516 3025 quas
539 2943 644 3006 homo
668 2944 890 3026 distinguitur
912 2965 932 3007 a
955 2944 1085 3007 bestiis.
1132 2943 1211 3008 Una
1234 2943 1379 3006 facultas
1407 2954 1471 3020 est,

349 3037 441 3119 quod
465 3036 575 3117 possit
598 3036 794 3118 intelligere
817 3037 897 3119 quid
921 3056 1040 3100 verum
1063 3045 1129 3111 est,
1155 3046 1191 3099 et
1221 3037 1301 3118 quid
1325 3036 1472 3116 bonum';

349 3128 434 3193 haec
457 3126 603 3192 facultas
622 3139 764 3192 vocatur
783 3129 1009 3204 rationalitas,
1031 3138 1067 3192 et
1090 3138 1145 3191 est
1164 3127 1308 3192 facultas
1331 3127 1402 3209 ejus
1421 3129 1471 3191 in·

351 3218 531 3285 telleftus:
566 3219 676 3285 altera
698 3221 846 3285 facultas
875 3231 928 3284 est
957 3221 1049 3304 quod
1081 3221 1191 3303 possit
1221 3220 1332 3284 facere
1355 3240 1473 3284 verum

350 3325 386 3378 et
410 3314 557 3391 bonum;
585 3314 670 3377 haec
693 3313 839 3377 facultas
857 3323 1000 3376 vocatur
1018 3313 1171 3387 libertas,
1192 3322 1228 3376 et
1251 3324 1306 3378 est
1329 3313 1474 3377 facultas

350 3407 421 3488 ejus
445 3405 653 3469 voluntatis:
689 3405 795 3470 homo
818 3407 907 3468 enim
931 3415 1049 3487 potest
1076 3426 1121 3468 ex
1153 3405 1390 3469 rationalitate
1413 3425 1475 3469 sua

351 3501 506 3580 cogitare
522 3498 681 3580 quicquid
699 3497 804 3572 lubet,
819 3507 891 3561 tarn
908 3517 985 3560 curn
1003 3497 1080 3561 Deo
1095 3517 1198 3580 quam
1214 3508 1336 3562 contra
1349 3498 1473 3573 Deum,

352 3601 387 3654 et
411 3610 488 3653 curn
512 3590 671 3670 proximo
693 3600 729 3652 et
753 3601 874 3653 contra
897 3591 1112 3672 proximum3
1144 3601 1179 3652 et
1203 3610 1337 3673 quoque
1357 3600 1474 3672 potest

352 3684 442 3749 velle
471 3696 506 3749 et
533 3685 655 3759 facere,
681 3705 767 3766 quae
791 3687 946 3767 cogitat;
980 3686 1041 3748 sed
1064 3705 1141 3748 cum
1166 3686 1261 3749 videt
1285 3685 1412 3749 malum
1438 3694 1474 3750 et

353 3778 455 3842 timet
489 3796 646 3857 poenam,
681 3786 797 3857 potest
831 3799 875 3839 ex
910 3777 1016 3840 libero
1047 3779 1213 3842 desistere
1251 3799 1271 3840 a
1307 3779 1474 3842 faciendo.

355 3871 471 3936 Homo
484 3893 530 3934 ex
544 3871 632 3935 binis
645 3870 710 3934 illis
723 3871 943 3936 facultatibus
962 3884 1016 3937 est
1035 3873 1152 3950 homo,
1167 3884 1203 3937 et
1219 3874 1440 3955 distinguitur
1454 3893 1475 3937 a

352 3965 481 4028 bestiis.
514 3963 618 4027 Binae
631 3963 711 4026 illae
720 3963 902 4028 facultates
913 3965 1129 4029 sunthomini
1145 3965 1335 4040 aDomino,
1345 3975 1380 4029 et
1393 3985 1474 4029 con-

354 4060 449 4123 tinue
469 4069 548 4121 sunt
565 4058 609 4122 ab
632 4056 724 4140 Ipso,
743 4078 804 4122 nec
822 4059 851 4122 ei
868 4059 1084 4138 auferuntur;
1110 4061 1232 4123 namsi
1252 4059 1473 4134 auferrentur,

353 4155 479 4237 periret
499 4154 683 4217 humanum
700 4153 781 4236 ejus.
821 4154 860 4217 ln
874 4154 925 4217 his
944 4155 1033 4219 binis
1045 4153 1266 4219 facultatibus
1286 4165 1339 4218 est
1357 4153 1475 4217 Domi·

353 4271 415 4313 nus
435 4248 524 4330 apud
544 4251 805 4333 unumquemvis
827 4250 1013 4327 hominem,
1032 4261 1104 4316 tam
1119 4249 1209 4332 apud
1229 4249 1357 4312 bonum
1376 4267 1475 4332 quam

353 4345 443 4427 apud
458 4344 606 4424 malum;
623 4356 704 4411 sunt
715 4347 795 4410 illae
808 4346 941 4409 mansio
953 4345 1093 4410 Domini
1112 4347 1144 4408 in
1160 4345 1312 4409 humano
1327 4362 1474 4428 genere:

353 4441 432 4504 inde
452 4451 506 4504 est
522 4441 613 4524 quod
630 4443 740 4506 omnis
756 4441 861 4505 homo
874 4451 946 4505 tam
962 4442 1073 4505 bonus
1089 4461 1190 4525 quam
1207 4440 1317 4504 malus
1334 4442 1427 4504 vivat
1442 4439 1476 4503 in

355 4546 544 4601 aeternum.
590 4536 640 4601 At
658 4539 790 4601 mansio
806 4537 946 4600 Domini
963 4537 1101 4620 propior
1117 4537 1205 4620 apud
1221 4535 1396 4601 hominem
1412 4542 1475 4610 est,

354 4633 442 4695 sicut
455 4631 558 4696 homo
571 4633 691 4696 mediis
701 4633 767 4696 illis
777 4632 997 4696 facultatibus
1009 4633 1119 4716 aperit
1130 4632 1255 4716 gradus
1268 4633 1475 4715 superiores;
