3410 5382
517 668 568 719 DE
592 667 731 718 DIVINA
755 665 1113 718 momerium-N.
1133 667 1186 734 92.
1379 661 1418 729 57

284 840 377 924 quod
396 839 491 916 lacit,
509 860 578 904 non
595 849 649 904 est
665 858 783 904 verum
803 849 840 904 et
859 839 989 903 bonum
1010 839 1044 902 in
1064 859 1112 914 se,
1130 847 1185 902 est
1204 836 1295 900 enim
1312 834 1419 901 homo

283 935 416 1013 inillis,
437 945 473 1000 et
493 955 562 998 non
583 935 754 1000 Dominus
778 936 812 998 in
831 935 921 1014 illis;
949 954 989 999 ac
1013 935 1142 998 bonum
1166 933 1288 1016 inquo
1311 932 1417 995 homo

284 1042 350 1108 est,
381 1033 410 1096 si
440 1030 505 1095 ¹¹¹fit
536 1040 681 1115 propter
710 1030 871 1109 salutem,
896 1041 951 1096 est
974 1031 1103 1094 bonum
1131 1029 1356 1104 meritorium,
1381 1037 1419 1093 at

283 1127 412 1192 bonum
433 1128 467 1190 in
487 1148 556 1210 quo
576 1127 746 1190 Dominus
765 1136 832 1204 est,
853 1147 923 1192 non
942 1135 996 1192 est
1016 1125 1240 1190 meritorium.

348 1237 418 1304 91.
448 1221 552 1305 Quod
569 1233 688 1287 autem
701 1223 836 1306 agnitio
851 1223 1004 1300 Domini,
1018 1232 1055 1286 et
1071 1221 1163 1306 quod
1179 1221 1314 1304 agnitio
1326 1221 1418 1303 quod

283 1317 535 1382 omnebonum
555 1328 592 1382 et
611 1339 729 1383 verum
748 1318 793 1384 sit
816 1319 862 1384 ab
880 1319 974 1403 Ipso,
994 1311 1099 1382 saciat
1123 1326 1161 1381 ut
1184 1316 1290 1380 homo
1312 1315 1419 1380 resor-

284 1423 399 1478 metur
422 1423 458 1478 et
481 1424 719 1497 regeneretur,
743 1425 798 1479 est
821 1414 913 1498 quod
940 1415 1041 1498 pauci
1067 1421 1214 1497 possunt
1237 1410 1419 1476 intellectu

282 1510 424 1589 videre;
448 1529 528 1574 nam
548 1519 668 1593 potest
692 1511 851 1592 cogitari,
871 1508 963 1593 Quid
986 1509 1070 1574 facit
1093 1509 1226 1591 agnitio
1248 1507 1319 1584 illa,
1339 1528 1417 1572 cum

284 1604 455 1669 Dominus
482 1607 705 1688 omnipotens
735 1616 801 1684 est,
829 1615 866 1671 et
890 1605 966 1669 vult
996 1605 1149 1669 omnium
1177 1603 1351 1668 salutem?
1382 1613 1419 1670 et

283 1700 364 1765 inde
383 1700 476 1784 quod
496 1701 607 1784 possit
626 1711 662 1766 et
682 1700 780 1776 velit,
801 1701 908 1764 modo
926 1700 970 1765 ad
989 1700 1260 1764 misericordiam
1278 1719 1418 1764 movea-

283 1804 350 1860 tur.
397 1794 466 1860 Sed
482 1797 532 1859 ita
549 1797 717 1879 cogitare,
735 1816 805 1859 non
821 1806 876 1860 est
892 1816 937 1860 ex
955 1796 1107 1859 Domino
1121 1815 1129 1875 ;
1153 1795 1204 1859 ita
1220 1815 1284 1860 nec
1301 1806 1355 1859 est
1372 1817 1417 1860 ex

283 1890 440 1957 interiori
460 1891 535 1954 visu
554 1888 767 1969 intellectus,
786 1890 853 1956 hoc
873 1901 941 1968 est,
962 1911 1008 1955 ex
1027 1889 1143 1973 aliqua
1161 1888 1416 1956 illustrationes

283 2006 389 2068 quare
416 1986 498 2069 quid
525 1987 661 2068 agnitio
685 1995 859 2069 operatur,
879 1986 935 2050 hic
958 1987 1077 2070 paucis
1101 1986 1246 2050 dicetur.
1287 1999 1345 2063 [2]
1376 1987 1417 2051 In

283 2083 416 2145 mundo
434 2079 615 2164 spirituali,
635 2082 692 2146 ubi
711 2083 824 2164 spatia
843 2091 924 2146 sunt
944 2081 1049 2146 modo
1068 2081 1306 2165 apparentiae,
1326 2083 1417 2163 sapi·

283 2177 380 2242 entia
402 2175 485 2241 lacit
508 2178 753 2260 praesentiam,
774 2185 810 2241 et
832 2197 929 2241 amor
946 2177 1029 2242 iacit
1052 2175 1354 2258 conjunctionem
1383 2187 1420 2244 et

282 2272 446 2336 vicissim.
493 2271 606 2337 Datur
632 2272 768 2354 agnitio
795 2272 937 2336 Domini
963 2293 1008 2337 ex
1040 2271 1224 2355 sapientia,
1253 2281 1290 2336 et
1317 2274 1419 2338 datur

281 2367 420 2449 agnitio
439 2366 579 2430 Domini
603 2387 796 2432 examore.
842 2367 991 2450 Agnitio
1011 2367 1152 2431 Domini
1167 2388 1214 2431 ex
1235 2369 1418 2450 sapientia,

284 2482 373 2546 quae
391 2461 425 2525 in
442 2481 479 2525 se
497 2460 655 2544 spectata
671 2472 726 2527 est
744 2461 855 2526 solum
872 2464 1039 2546 cognitio,
1057 2464 1160 2527 datur
1175 2483 1221 2526 ex
1238 2460 1417 2544 doctrinm

284 2567 322 2622 et
335 2558 470 2640 agnitio
482 2557 623 2622 Domini
638 2579 684 2622 ex
700 2578 817 2622 amore
833 2558 936 2623 datur
948 2580 993 2622 ex
1008 2559 1080 2622 vita
1096 2559 1284 2623 secundam
1300 2558 1395 2623 illam
1409 2582 1416 2639 ;

283 2652 371 2718 haec
396 2651 457 2717 dat
486 2650 775 2734 conjunctionem,
809 2653 869 2716 illa
896 2663 1013 2717 autem
1040 2654 1296 2737 praesentiam:
1329 2676 1417 2738 quae

284 2768 391 2814 causa
410 2757 477 2825 est,
495 2747 587 2831 quod
603 2749 660 2831 qui
677 2746 834 2830 rejiciunt
852 2745 1044 2812 doctrinam
1061 2749 1105 2814 de
1124 2749 1286 2826 Domino,
1307 2773 1344 2815 se
1364 2773 1417 2815 re·

285 2853 453 2910 moveant
476 2846 522 2910 ab
549 2845 652 2928 Ips0;
682 2854 718 2909 et
745 2846 823 2928 quia
849 2845 897 2910 illi
921 2847 1026 2910 etiam
1054 2845 1210 2928 rejiciunt
1232 2849 1352 2924 vitam,
1380 2869 1418 2913 se

285 2950 451 3025 separent
482 2941 528 3005 ab
558 2941 660 3023 Ipso:
691 2951 728 3005 at
755 2942 811 3024 qui
839 2961 907 3004 non
938 2941 1096 3023 rejiciunt
1122 2939 1327 3020 doctrinam,
1356 2945 1418 3008 sed

284 3037 407 3112 vitam,
424 3034 475 3100 illi
492 3045 697 3119 praesentes
716 3046 808 3112 sunt,
826 3036 887 3099 sed
907 3033 1018 3120 usque'
1031 3037 1204 3119 separati:
1229 3048 1309 3103 sunt
1329 3041 1418 3105 sicut

286 3132 399 3206 amici,
413 3133 470 3214 qui
487 3130 732 3215 colloquuntur
748 3131 839 3197 inter
855 3153 904 3208 se,
918 3133 981 3195 sed
997 3153 1067 3197 non
1084 3143 1204 3196 mutuo
1220 3144 1340 3199 amant
1357 3156 1394 3199 se
1409 3158 1417 3214 ;

285 3238 323 3292 et
347 3237 427 3292 sunt
451 3229 541 3292 sicut
560 3228 638 3303 duo,
659 3247 803 3311 quorum
824 3248 910 3290 unus
929 3238 1095 3311 tanquam
1115 3229 1244 3292 amicus
1267 3229 1419 3311 loquitur

286 3345 365 3391 cum
389 3325 512 3402 altero,
533 3326 594 3389 sed
614 3335 780 3408 tanquam
800 3326 956 3389 inimicus
976 3326 1051 3389 odit
1069 3323 1176 3389 illum.
1224 3338 1282 3401 [3.]
1315 3325 1417 3408 Quod

286 3424 337 3487 ita
355 3423 412 3499 sit,
433 3425 539 3488 etiam
563 3446 584 3489 a
607 3424 781 3488 communi
803 3423 882 3487 idea
905 3433 1026 3487 notum
1046 3431 1112 3499 est,
1131 3423 1224 3506 quod
1247 3425 1304 3506 qui
1328 3425 1417 3490 bene

286 3522 393 3585 docet
417 3531 453 3586 et
476 3522 566 3586 bene
588 3522 685 3598 vivit,
711 3522 876 3598 salvetur,
897 3541 966 3584 non
985 3531 1102 3584 autem
1122 3521 1178 3604 qui
1199 3521 1289 3586 bene
1313 3523 1418 3588 docet

287 3629 323 3683 et
355 3618 446 3682 male
472 3619 558 3683 vivit
569 3640 577 3699 ;
611 3628 685 3683 tum
712 3618 804 3702 quod
828 3619 885 3702 qui
913 3638 981 3681 non
1009 3618 1169 3699 agnoscit
1194 3617 1318 3696 Deum,
1348 3641 1418 3685 non

287 3715 412 3780 salvari
436 3717 557 3798 possit.
603 3715 661 3779 Ex
685 3716 738 3779 his
761 3725 872 3797 patet,
897 3713 1008 3800 q'ualis
1030 3715 1152 3797 religio
1169 3725 1235 3792 est,
1260 3717 1419 3798 cogitare

287 3813 333 3878 de
357 3813 508 3878 Domino
527 3835 572 3878 ex
592 3811 669 3890 fide,
698 3822 736 3877 ut
755 3822 911 3889 vocatur,
938 3821 975 3876 et
1001 3811 1201 3877 nonfacere
1223 3812 1351 3897 aliquid
1371 3835 1418 3878 ex

288 3910 470 3975 charitate.
516 3908 631 3993 Quare
647 3911 733 3974 dicit
749 3909 931 3986 Dominus,

341 4053 472 4118 uQuid..
486 4053 532 4134 M?
547 4056 651 4134 vocptis
667 4053 792 4112 Domine,
806 4053 932 4131 Domine,
944 4062 972 4103 et
989 4066 1045 4102 non
1058 4051 1146 4102 tacitis
1158 4066 1227 4116 quae
1240 4053 1320 4132 clleo?
1353 4054 1418 4104 Om.

422 4117 1417 4248 snesnmillicientem?cenulenta-n

381 4281 395 4310 0
423 4267 505 4315 super
517 4264 607 4315 petra:
626 4255 748 4317 quivero
766 4253 840 4301 audit
853 4261 880 4301 et
897 4267 953 4301 non
969 4251 1039 4309 iacit,
1055 4251 1153 4300 similis
1171 4259 1213 4300 est
1226 4251 1332 4302 homini
1346 4252 1418 4302 aedi-

425 4317 514 4368 ficanti
526 4320 638 4368 domum
650 4331 731 4382 super
742 4318 826 4367 humo
841 4319 900 4366 sine
915 4317 1093 4366 fundamento
1101 4313 1117 4337 ’¹
1131 4314 1204 4379 (Luc.
1218 4319 1253 4368 vi.
1265 4319 1368 4382 46-49).

356 4469 454 4552 ¹²¹9&
483 4469 558 4555 (vi.)
589 4469 687 4551 Quod
696 4469 876 4556 coryimllio
890 4467 1029 4534 Domini
1040 4490 1112 4534 cum
1130 4467 1269 4548 homine,
1286 4480 1320 4536 et
1333 4471 1417 4537 rm·-

286 4577 394 4650 proca
409 4567 553 4633 hominis
569 4591 641 4632 cum
656 4568 807 4644 Domino,
820 4578 886 4650 per
898 4567 995 4630 binas
1012 4567 1092 4631 illas
1100 4567 1288 4648 facultates
1293 4569 1420 4653 fiat.—

289 4663 498 4746 Conjunftio
522 4687 598 4731 cum
623 4665 775 4729 Domino
798 4677 834 4730 et
857 4664 1074 4747 regeneratio
1097 4684 1202 4728 unum
1226 4675 1317 4740 sunt,
1339 4686 1419 4730 nam
