3426 5382
328 629 370 700 54
680 623 886 676 8ΑΡῙΕΝΤΙΑ
910 623 1109 676 ANGELICA

325 809 402 866 tare
425 797 518 883 quod
537 805 720 882 peccatum
739 797 796 874 sit,
816 805 853 860 et
876 795 988 879 magis
1007 795 1098 880 quod
1122 795 1188 862 hoc
1208 805 1245 862 et
1268 795 1353 863 illud
1373 819 1459 882 pec·

324 907 443 961 catum
472 895 528 970 sit,
554 902 590 958 et
614 912 692 957 cum
719 891 967 977 aliquantisper
989 891 1150 976 explorat
1173 893 1208 956 id
1231 894 1322 976 apud
1344 915 1393 971 se,
1418 906 1457 962 ct

324 1011 394 1056 non
414 991 489 1056 vult
509 988 605 1053 illud.
652 993 710 1054 [0.]
745 987 864 1053 Status
883 986 1030 1052 hominis
1049 987 1180 1062 tertius,
1200 988 1262 1071 qui
1275 998 1327 1053 est
1342 1001 1459 1056 status

323 1085 599 1170 regenerationis,
626 1084 771 1168 excipit,
796 1093 832 1149 et
861 1083 1082 1149 continuatur
1105 1085 1215 1149 statui
1238 1085 1350 1167 priori.
1395 1087 1453 1150 ln·

323 1181 428 1248 choat
452 1202 529 1248 cum
552 1181 659 1246 homo
678 1180 816 1245 desistit
840 1200 860 1244 a
884 1178 982 1243 malis
1006 1188 1043 1243 ut
1066 1182 1231 1261 peccatis,
1251 1190 1287 1245 et
1310 1201 1455 1265 progre-

322 1279 415 1344 ditur
430 1281 519 1343 sicut
535 1279 623 1361 fugit
640 1275 712 1352 illa,
731 1296 770 1340 ac
788 1273 962 1360 perficitur
979 1275 1068 1340 sicut
1084 1286 1217 1358 pugnat
1234 1286 1356 1341 contra
1372 1277 1457 1358 i11a;

322 1383 358 1439 et
382 1385 464 1438 tunc
488 1376 577 1439 sicut
600 1373 707 1437 vincit
732 1394 778 1436 ex
803 1372 964 1446 Domino,
984 1381 1211 1454 regeneratus
1234 1382 1299 1436 est.
1346 1373 1451 1457 Apud

322 1469 429 1546 illum,
450 1471 506 1554 qui
529 1479 767 1552 regeneratur,
786 1468 933 1532 vertitur
956 1468 1043 1531 ordo
1061 1469 1179 1546 vitae;
1203 1465 1280 1532 fita
1304 1468 1456 1532 naturali

321 1565 517 1648 spiritualis,
535 1585 615 1630 nam
634 1565 793 1630 naturale
813 1573 1010 1647 separatum
1027 1584 1047 1628 a
1067 1562 1236 1646 spirituali
1252 1573 1307 1629 est
1329 1573 1456 1628 contra

320 1662 488 1738 ordinem,
502 1672 538 1726 et
554 1661 734 1743 spirituale
751 1671 805 1727 est
823 1661 1012 1725 secundum
1029 1662 1183 1726 ordinem
1197 1681 1205 1738 ;
1225 1680 1329 1744 quare
1345 1659 1456 1724 homo

320 1769 546 1838 regeneratus
562 1761 636 1841 agit
653 1778 699 1821 ex
717 1759 901 1832 charitate,
915 1766 951 1820 et
968 1755 1053 1820 illud
1070 1755 1148 1820 fidei
1163 1776 1245 1820 suae
1261 1755 1342 1819 iacit
1358 1757 1453 1838 quod

320 1851 392 1933 ejus
422 1851 601 1917 charitatis
631 1863 696 1916 est.
742 1853 811 1918 Sed
841 1873 948 1937 usquc
978 1872 1047 1916 non
1078 1851 1117 1916 fit
1146 1851 1222 1935 plus
1252 1851 1454 1934 spiritualis,

320 1966 423 2028 quam
447 1957 612 2030 quantum
636 1949 670 2011 in
689 1949 780 2012 veris
802 1958 878 2026 est;
907 1967 986 2010 nam
1011 1948 1250 2011 omnishomo
1272 1967 1334 2031 per
1355 1968 1451 2024 vera,

320 2051 356 2105 et
380 2043 567 2124 pervitam
590 2043 779 2107 secundum
804 2043 874 2118 illa,
900 2054 1144 2126 regeneratur;
1171 2063 1233 2126 per
1255 2063 1336 2107 vera
1357 2044 1450 2107 enim

319 2139 384 2202 scit
401 2140 521 2212 vitam,
539 2147 575 2203 et
592 2158 654 2221 per
669 2140 776 2202 vitam
794 2139 874 2204 facit
895 2139 954 2203 illa
970 2161 978 2217 ;
1003 2141 1052 2203 ita
1067 2139 1247 2222 conjungit
1263 2139 1391 2203 bonum
1411 2149 1451 2206 et

318 2253 447 2309 verum,
465 2235 557 2316 quod
573 2245 628 2298 est
647 2234 842 2318 conjugium
860 2235 1049 2316 spirituale,
1067 2237 1101 2298 in
1117 2255 1185 2318 quo
1201 2245 1255 2299 est
1271 2234 1414 2300 caelum.

381 2331 453 2415 85·
485 2329 587 2412 Quod
607 2329 713 2394 homo
729 2351 789 2412 per
808 2331 906 2394 binas
926 2331 1004 2393 illas
1023 2329 1219 2406 facultates,
1237 2352 1301 2413 que
1318 2352 1449 2396 vocan-

317 2435 373 2490 tur
395 2425 613 2490 rationalitas
637 2436 673 2490 et
697 2425 851 2501 libertas,
872 2424 1074 2490 reformetur
1096 2437 1132 2490 et
1157 2437 1390 2508 regeneretur,
1410 2439 1449 2494 et

316 2522 410 2606 quod
429 2524 558 2605 absque
582 2522 650 2586 illis
673 2522 848 2586 reformari
871 2532 907 2586 et
931 2523 1127 2604 regenerari
1151 2542 1219 2586 non
1243 2525 1365 2605 possit,
1390 2535 1450 2589 est

316 2619 395 2700 quia
420 2637 480 2698 per
509 2617 782 2681 rationalitatem
814 2627 934 2700 potest
965 2617 1161 2700 intelligere
1189 2628 1225 2682 et
1253 2621 1339 2684 scire
1364 2622 1447 2704 quid

317 2711 445 2776 malum
470 2721 505 2776 et
529 2713 610 2795 quid
633 2712 772 2788 bonum,
790 2724 826 2776 et
850 2714 930 2777 inde
947 2714 1027 2796 quid
1051 2711 1172 2776 salsum
1192 2723 1227 2778 et
1245 2733 1383 2793 verum;
1407 2727 1446 2782 et

315 2827 376 2890 per
394 2807 591 2872 libertatem
610 2817 728 2889 potest
744 2808 835 2872 velle
854 2809 888 2872 id
907 2809 998 2892 quod
1016 2807 1182 2891 intelligit
1198 2818 1234 2875 et
1251 2812 1327 2875 scit.
1372 2810 1446 2876 Sed

314 2904 476 2986 quamdiu
496 2903 682 2984 jucundum
707 2905 833 2967 amoris
853 2905 933 2968 mali
952 2917 1088 2987 regnat,
1109 2925 1178 2969 non
1197 2914 1313 2988 potest
1337 2905 1447 2973 libere

312 2999 405 3064 velle
428 2999 555 3063 bonum
580 3008 616 3063 et
635 3018 764 3074 verum,
782 3010 817 3062 et
841 2999 901 3063 illa
925 3003 1067 3066 rationis
1081 3022 1172 3065 suae
1195 3001 1317 3075 iacere,
1338 3023 1447 3086 quare

313 3113 383 3158 non
404 3103 524 3176 potest
543 3093 602 3157 illa
621 3094 685 3159 sibi
704 3096 947 3178 appropriare;
976 3116 1055 3160 nam
1075 3106 1113 3161 ut
1137 3117 1238 3179 supra
1261 3107 1444 3163 ostensum

312 3199 378 3267 est,
398 3187 458 3255 illa
474 3211 561 3274 quae
577 3190 682 3254 homo
701 3211 747 3254 ex
765 3190 873 3255 libero
893 3194 1081 3256 secundum
1100 3193 1272 3257 rationem
1291 3195 1376 3276 agit,
1392 3195 1445 3259 illi

311 3288 579 3370 appropriantur
596 3297 633 3351 ut
653 3286 735 3369 ejus,
754 3297 790 3352 et
808 3289 873 3352 nisi
893 3289 1159 3371 appropriantur
1178 3298 1215 3354 ut
1234 3289 1317 3371 ejus,
1335 3290 1446 3356 homo

310 3402 381 3448 non
412 3383 617 3448 reformatur
639 3393 675 3447 et
699 3395 945 3467 regeneratur:
980 3395 1015 3449 et
1038 3395 1119 3448 tunc
1144 3387 1289 3466 primum
1317 3407 1362 3450 ex
1385 3386 1439 3468 ju·

310 3480 425 3544 cundo
443 3480 570 3542 amoris
591 3480 674 3543 boni
697 3490 733 3544 et
757 3483 828 3545 veri
848 3484 932 3565 agit,
951 3481 1090 3565 quando
1108 3479 1294 3562 jucundum
1314 3483 1444 3546 amoris

310 3576 392 3640 mali
411 3584 447 3639 et
466 3575 541 3638 falsi
560 3585 732 3639 remotum
752 3588 829 3657 est;
861 3599 941 3642 nam
966 3579 1034 3642 duo
1055 3575 1204 3659 jucunda
1225 3578 1351 3640 amoris
1374 3578 1442 3642 sibi

308 3672 472 3755 opposita
489 3690 557 3734 non
574 3672 674 3735 simul
691 3673 827 3738 dantur.
872 3674 929 3738 Ex
942 3674 1093 3757 jucundo
1109 3674 1235 3736 amoris
1251 3692 1367 3754 agere,
1384 3683 1442 3739 est

309 3787 354 3830 ex
379 3766 509 3846 liber03
534 3777 570 3832 et
589 3767 668 3851 quia
687 3770 778 3834 ratio
796 3771 889 3835 iavet
912 3771 1032 3847 amori,
1052 3769 1158 3834 etiam
1179 3777 1231 3832 est
1249 3771 1442 3835 secundum

307 3864 489 3927 rationem.

371 3957 446 4024 86.
477 3956 566 4041 Quia
585 3957 715 4025 homini
735 3971 807 4026 tam
824 3962 916 4026 malo
936 3981 1038 4045 quam
1056 3963 1150 4026 bono
1168 3959 1385 4025 rationalitas
1401 3969 1441 4026 et

307 4051 452 4119 libertas
482 4065 547 4132 est,
580 4066 697 4139 potest
728 4066 801 4122 tam
832 4058 941 4122 malus
971 4079 1073 4142 quam
1103 4059 1213 4122 bonus
1242 4056 1441 4140 intelligere

306 4169 425 4215 verum
446 4161 481 4216 et
506 4152 618 4217 facere
638 4153 786 4233 bonum;
811 4155 871 4218 sed
892 4154 1002 4218 malus
1026 4175 1095 4219 non
1119 4163 1237 4239 potest
1262 4174 1307 4217 ex
1327 4152 1442 4218 libero

306 4248 496 4312 secundum
516 4248 699 4324 rationem,
720 4250 831 4314 bonus
851 4260 969 4313 autem
988 4260 1130 4332 potest;
1155 4252 1233 4334 quia
1252 4249 1363 4315 malus
1382 4262 1436 4316 est

305 4342 342 4407 in
360 4341 513 4424 jucundo
536 4344 663 4408 amoris
689 4345 782 4419 mali,
806 4346 917 4410 bonus
940 4356 1056 4411 autem
1080 4348 1113 4410 in
1134 4345 1287 4428 jucundo
1309 4349 1441 4412 amoris

306 4437 398 4502 boni.
445 4438 560 4521 Quare
575 4459 693 4504 verum
710 4441 801 4524 quod
817 4441 921 4504 homo
937 4441 1049 4506 malus
1064 4442 1239 4525 intelligit,
1254 4453 1289 4509 et
1306 4444 1437 4508 bonum

306 4535 398 4618 quod
423 4535 516 4612 iacit,
541 4535 666 4601 cinon
694 4539 970 4620 appropriantur,
996 4539 1057 4602 sed
1081 4541 1344 4622 appropriantur
1370 4539 1433 4604 ho·

307 4634 390 4696 mini
407 4632 499 4696 bono
514 4653 523 4712 ;
547 4642 584 4698 et
599 4633 727 4715 absque
744 4635 1023 4716 appropriatione
1041 4637 1128 4697 sicut
1146 4637 1228 4714 ejus,
1248 4656 1316 4698 non
1334 4637 1439 4699 datur
