3418 5368
308 610 372 677 216
663 619 865 671 simenem
889 617 1085 669 nucamcn

308 799 397 863 sicut
421 805 567 882 peccata
589 794 635 858 sit
658 794 732 876 ipsa
753 792 895 877 religio;
917 791 1080 857 dixerunt
1102 791 1194 877 quod
1217 813 1287 858 non
1305 792 1431 870 sciant,

308 907 344 960 et
358 894 449 977 quod
466 893 531 957 hoc
545 893 589 956 sit
603 909 729 954 novum
742 889 915 974 quoddam
928 888 1096 954 hattenus
1109 911 1177 954 non
1189 892 1357 969 auditum,
1370 890 1433 955 sed

308 991 401 1074 quod
424 990 578 1053 auditum
598 989 653 1063 sit,
678 987 769 1071 quod
793 986 921 1050 bonum
949 1007 1018 1050 non
1042 988 1176 1069 possint
1199 988 1311 1052 lacere
1334 1009 1357 1052 a
1382 1008 1431 1064 se,

308 1099 344 1151 et
357 1086 449 1170 quod
462 1105 531 1149 non
545 1085 613 1148 sint
626 1084 689 1148 sub
703 1082 787 1167 jugo
800 1083 896 1165 legis.
936 1082 1050 1165 Quum
1063 1085 1147 1158 dixi,
1162 1083 1293 1148 Annon
1306 1085 1431 1161 sciant,

308 1183 401 1266 quod
417 1181 523 1245 homo
538 1201 575 1244 se
591 1180 835 1262 exploraturus
847 1181 904 1257 sit,
918 1191 1065 1263 peccata
1080 1201 1141 1243 sua
1156 1180 1299 1258 visurus,
1312 1181 1433 1264 paeni·

274 1334 277 1338 .
308 1279 456 1344 tentiam
473 1275 619 1352 adiutus,
633 1287 669 1341 et
686 1277 765 1340 dein
777 1277 885 1340 vitam
901 1295 1025 1340 novam
1042 1276 1275 1353 inchoaturus,
1288 1286 1325 1341 et
1340 1273 1432 1360 quod

308 1376 435 1459 alioqui
455 1384 600 1457 peccata
619 1373 939 1450 nonremittantur,
959 1382 995 1437 et
1015 1372 1043 1437 si
1062 1384 1207 1457 peccata
1224 1393 1295 1438 non
1313 1374 1433 1438 remit·

309 1481 439 1545 tuntur,
460 1490 529 1533 non
553 1469 741 1544 salventur,
761 1480 797 1534 et
821 1470 911 1554 quod
934 1469 1000 1533 hoc
1024 1468 1094 1532 alta
1113 1490 1200 1533 voce
1221 1467 1432 1552 praeledtum

308 1569 353 1631 sit
370 1567 450 1641 illis,
467 1566 605 1649 quoties
622 1563 784 1630 Sanctam
801 1565 931 1630 Cenam
948 1565 1155 1630 obiverunt?
1178 1567 1433 1649 responderunt

309 1663 400 1749 quod
425 1662 469 1726 ad
492 1661 552 1725 illa
576 1682 644 1726 non
664 1662 890 1737 attenderint,
909 1661 970 1724 sed
990 1661 1102 1725 solum
1120 1662 1165 1724 ad
1185 1663 1230 1738 id,
1250 1663 1343 1747 quod
1366 1661 1433 1724 illis

308 1760 464 1824 remissio
480 1767 701 1840 peccatorum
720 1759 765 1821 sit
785 1778 845 1840 per
860 1755 1122 1822 Sacramentum
1139 1756 1266 1835 Cenae,
1287 1769 1323 1822 et
1341 1756 1433 1840 quod

309 1855 405 1932 fides,
423 1854 489 1918 illis
508 1853 751 1930 nescientibus,
765 1863 927 1937 operetur
942 1853 1080 1937 reliqua.
1119 1867 1177 1929 [3.]
1201 1854 1331 1918 Iterum
1347 1854 1432 1929 dixi,

309 1951 377 2016 Cur
393 1950 560 2014 docuistis
577 1949 725 2013 infantes
740 1960 877 2013 vestros
893 1947 1123 2031 decalogum?
1157 1948 1295 2014 Numne
1312 1959 1349 2013 ut
1366 1949 1432 2012 sci·

308 2057 386 2111 rent
399 2067 487 2130 quae
499 2045 590 2108 mala
603 2055 683 2109 sunt
700 2056 855 2128 peccata,
869 2066 956 2128 quae
969 2045 1154 2127 fugienda?
1178 2066 1258 2108 num
1270 2045 1381 2108 solum
1395 2053 1433 2108 ut

308 2142 367 2206 illa
387 2143 513 2206 scirent
533 2149 569 2204 et
587 2142 778 2216 crederent,
795 2150 832 2205 et
852 2161 923 2204 non
941 2140 1118 2204 iacerent?
1163 2140 1231 2205 Cur
1246 2161 1330 2223 ergo
1349 2141 1433 2203 dici-

309 2248 364 2301 tur
388 2239 479 2322 quod
503 2237 538 2301 id
565 2255 691 2301 novum
719 2235 785 2300 sit?
830 2234 889 2299 Ad
916 2236 982 2300 hoc
1010 2257 1079 2300 non
1106 2235 1198 2300 aliud
1223 2237 1432 2319 respondere

308 2344 508 2417 potuerunt,
522 2353 625 2418 quam
641 2333 733 2415 quod
750 2332 861 2395 sciant
872 2342 909 2396 et
925 2352 1031 2414 usque
1045 2352 1113 2395 non
1130 2333 1262 2412 sciant;
1286 2341 1323 2395 et
1340 2330 1433 2415 quod

308 2449 475 2514 nusquam
496 2430 653 2512 cogitent
677 2428 720 2491 de
743 2438 849 2492 sexto
868 2438 1056 2510 praecepto
1079 2446 1157 2491 cum
1180 2427 1430 2502 adulterantur,

307 2525 350 2588 de
367 2527 517 2608 septimo
532 2533 721 2608 praecepto
736 2544 814 2586 cum
830 2523 1045 2587 clandestine
1057 2522 1211 2587 iurantur
1223 2545 1284 2586 seu
1298 2523 1432 2585 desrau·

307 2621 405 2695 dant,
426 2630 461 2683 et
481 2621 529 2682 sic
549 2640 674 2702 porro;
700 2619 810 2682 minus
828 2620 919 2703 quod
938 2618 1022 2681 talia
1040 2619 1110 2682 sint
1130 2629 1251 2683 contra
1271 2618 1431 2682 Divinam

308 2713 450 2797 Legem,
475 2714 525 2779 ita
547 2725 671 2778 contra
693 2713 815 2778 Deum.
861 2729 918 2790 [4.]
948 2712 1036 2778 Cum
1060 2715 1247 2777 memoravi
1270 2713 1367 2796 plura
1386 2733 1432 2776 ex

307 2804 472 2884 dodtrinis
491 2808 714 2874 ecclesiarum
734 2820 771 2874 et
789 2830 835 2872 ex
854 2808 972 2873 Verbo
993 2809 1245 2884 confirmantia,
1265 2810 1357 2892 quod
1381 2808 1431 2872 lu·

308 2927 389 2988 gere
405 2917 440 2970 et
454 2906 604 2970 aversari
621 2904 712 2968 mala
728 2914 765 2969 ut
781 2915 926 2986 peccata
940 2905 986 2969 sit
1000 2907 1076 2988 ipsa
1091 2907 1211 2988 religio
1224 2904 1431 2982 Christiana,

307 3013 343 3065 et
368 3002 459 3084 quod
482 3002 590 3065 cuivis
613 2999 697 3065 fides
716 3001 762 3065 sit
780 3001 869 3064 sicut
888 3000 1027 3083 fugitet
1046 3013 1233 3078 aversatur,
1254 3003 1431 3065 conticue-

306 3108 407 3162 runt:
439 3098 499 3162 sed
523 3096 717 3162 confirmati
739 3106 827 3172 sunt,
852 3098 943 3180 quod
963 3116 1081 3162 verum
1105 3099 1160 3173 sit,
1182 3118 1259 3162 cum
1276 3098 1432 3160 viderent

308 3187 543 3277 quod'omnes
566 3192 831 3275 explorarentur
858 3195 970 3276 quoad
993 3194 1113 3270 vitam,
1138 3204 1173 3258 et
1199 3193 1432 3275 judicarentur

308 3291 497 3353 secundum
523 3286 623 3366 satta,
647 3299 683 3352 et
711 3309 813 3352 nemo
842 3290 1029 3352 secundum
1058 3288 1159 3353 fidem
1191 3297 1383 3370 separatam
1410 3310 1431 3352 a

308 3389 391 3460 vita,
409 3388 572 3470 quoniam
589 3387 695 3449 cuivis
711 3395 765 3448 est
781 3383 866 3448 fides
885 3386 1074 3449 secundum
1091 3384 1195 3449 illam.
1238 3397 1295 3459 [5.]
1327 3382 1430 3466 Quod

189 3554 192 3558 ¹
308 3481 523 3545 Christianus
543 3482 634 3545 orbis
650 3481 762 3564 quoad
780 3481 966 3542 maximam
983 3493 1117 3563 partem
1134 3482 1218 3545 illud
1236 3481 1430 3558 nesciverit,

307 3587 361 3640 est
379 3577 519 3658 exlege
537 3575 683 3639 Divinae
700 3576 951 3650 Providentiae,
970 3577 1059 3658 quod
1080 3580 1200 3660 cuique
1219 3577 1431 3660 relinquatur

308 3694 353 3736 ex
385 3671 495 3736 libero
527 3672 715 3735 secundum
746 3673 915 3736 rationem
947 3693 1050 3754 agere
1079 3672 1136 3754 (de
1165 3696 1240 3757 qua,
1269 3693 1371 3754 supra
1398 3693 1430 3737 n.

307 3783 423 3849 71-99,
437 3777 473 3832 et
486 3789 517 3830 n.
535 3767 712 3849 100-128):
738 3777 810 3831 tum
827 3789 871 3830 ex
886 3769 975 3850 lege,
989 3769 1079 3850 quod
1095 3790 1162 3831 non
1176 3769 1296 3851 aliquis
1308 3771 1429 3832 imme-

307 3863 403 3926 diate
416 3886 434 3927 e
448 3863 547 3927 caelo
559 3863 736 3938 doceatur,
748 3865 809 3926 sed
823 3865 973 3927 mediate
986 3887 1046 3946 per
1059 3863 1224 3938 Verbum,
1238 3862 1430 3929 dod'trinam

306 3970 344 4022 et
368 3960 707 4042 praedicationesex
728 3959 788 4024 illo
814 3959 872 4042 (de
896 3982 963 4043 quo
982 3981 1013 4023 n.
1036 3960 1213 4043 154-174):
1239 3972 1273 4025 et
1294 3983 1428 4045 quoque

306 4078 354 4119 ex
370 4053 500 4118 cundtis
517 4054 649 4137 legibus
666 4058 910 4138 permissionis,
927 4078 1014 4139 quae
1031 4057 1135 4118 etiam
1153 4067 1233 4120 sunt
1253 4056 1349 4138 leges
1368 4056 1429 4120 Di·

306 4155 407 4214 vinae
424 4151 675 4215 Providentiae.
722 4151 821 4215 Plura
837 4153 879 4215 de
895 4153 948 4214 his
964 4153 1122 4216 videatur
1138 4174 1239 4234 supra
1258 4153 1304 4236 (n.
1322 4151 1411 4236 258).

332 4333 335 4338 Ι
373 4246 493 4331 [”274.
519 4245 592 4330 (iv.)
621 4247 717 4325 Quod
728 4259 842 4310 contra
854 4247 1017 4311 Divinam
1028 4247 1285 4312 Provr'dentiam
1294 4249 1430 4312 dubium

303 4344 414 4426 possit
430 4342 557 4423 inferri
575 4364 617 4406 cx
637 4365 683 4418 eo,
701 4343 792 4425 quod
805 4343 867 4405 lrrrc
885 4365 987 4425 usque
1006 4344 1212 4418 nesciverint,
1230 4345 1321 4427 quod
1334 4343 1430 4407 homo

305 4440 404 4502 vr'vat
424 4439 519 4502 homo
533 4449 614 4520 post
631 4450 790 4512 mortem
812 4449 844 4502 et
865 4439 925 4501 lroc
947 4460 1009 4501 non
1027 4439 1129 4522 prius
1147 4439 1308 4504 detectum
1330 4440 1430 4504 sit.-

308 4533 420 4598 Causa
443 4535 533 4616 quod
558 4535 623 4598 hoc
648 4535 866 4610 nesciverint,
892 4544 946 4598 est
969 4537 1048 4617 quia
1072 4536 1212 4598 interius
1235 4536 1326 4617 apud
1350 4535 1429 4600 illos

302 4630 362 4711 qui
389 4649 456 4690 non
476 4629 609 4709 lugiunt
630 4631 721 4693 mala
745 4640 782 4693 ut
806 4641 962 4713 peccata,
981 4630 1068 4694 latet
1093 4630 1188 4708 fides,
1209 4632 1300 4711 quod
1323 4633 1429 4696 homo
