3352 5374
424 661 496 712 .DE
517 661 654 714 DIVINO
677 662 821 727 AMORE,
841 664 934 717 PARS
955 665 1090 718 111.-N.
1113 657 1181 737 185.
1331 671 1372 743 73

253 833 419 909 umbram,
439 843 499 897 aut
522 833 646 898 caloris
674 836 717 900 ad
747 835 863 920 frigus.
907 835 960 902 At
982 838 1108 922 gradus
1131 839 1373 909 discretisunt

252 949 391 1011 prorsus
409 929 486 1009 alii,
510 941 590 994 sunt
603 932 691 995 sicut
708 933 831 1015 priora,
845 935 1046 1016 posteriora,
1060 943 1097 999 et
1113 945 1310 1019 postrema;
1332 958 1374 1003 ac

250 1025 340 1090 sicut
358 1024 445 1102 finis,
466 1046 569 1090 causa
583 1036 619 1091 et
639 1026 788 1092 effectus.
834 1029 880 1094 Hi
899 1031 1025 1112 gradus
1044 1029 1184 1098 discreti
1202 1033 1372 1112 dicuntur,

249 1121 330 1202 quia
352 1123 445 1203 prius
463 1141 524 1205 per
541 1144 579 1188 se
598 1133 663 1198 est,
684 1125 855 1206 posterius
874 1145 936 1208 per
954 1147 1001 1204 se,
1022 1136 1058 1191 et
1080 1137 1294 1208 postremum
1314 1151 1375 1213 per

250 1236 299 1290 se,
324 1217 386 1281 sed
418 1238 523 1302 usque
554 1219 654 1283 simul
679 1223 807 1304 sumpti
829 1240 933 1286 unum
957 1222 1095 1287 faciunt.
1141 1221 1229 1290 Sunt
1260 1237 1373 1290 atmo-

249 1311 418 1398 spbaeras
437 1332 457 1376 a
475 1333 609 1378 summo
628 1315 671 1378 ad
691 1316 807 1392 imum,
825 1337 885 1380 seu
903 1338 925 1381 a
942 1317 1015 1381 sole
1033 1319 1076 1381 ad
1097 1319 1269 1394 tellurem,
1288 1343 1374 1400 quae

250 1417 421 1474 vocantur
443 1405 602 1470 aetheres
625 1415 661 1469 et
691 1425 799 1480 aeres,
819 1405 959 1469 discreti
989 1407 1022 1468 in
1047 1405 1136 1469 tales
1159 1407 1308 1487 gradus;
1340 1416 1375 1468 et

250 1514 332 1569 sunt
351 1503 440 1566 sicut
459 1501 637 1583 simplicia,
658 1511 874 1583 congregata
893 1521 938 1564 ex
957 1501 1035 1576 illis,
1056 1522 1095 1564 ac
1115 1503 1238 1564 iterum
1258 1522 1303 1564 ex
1324 1499 1376 1563 his

249 1606 475 1680 congregata,
490 1617 577 1678 quae
593 1596 693 1659 simul
710 1606 849 1679 sumpta
864 1607 1031 1660 vocantur
1044 1598 1286 1679 compositum.
1329 1593 1375 1658 Hi

249 1695 377 1778 gradus
392 1701 472 1758 sunt
492 1693 642 1768 discreti,
659 1694 738 1775 quia
753 1691 914 1757 distincte
931 1694 1097 1768 existunt,
1115 1712 1155 1756 ac
1175 1691 1373 1774 intelligun-

249 1798 306 1854 tur
323 1810 382 1872 per
397 1788 523 1871 gradus
536 1787 750 1867 altitudinis;
773 1788 822 1851 illi
838 1798 954 1852 autem
971 1789 1098 1870 gradus
1113 1798 1193 1852 sunt
1210 1788 1373 1863 continui,

248 1887 327 1970 quia
346 1886 509 1949 continue
527 1885 734 1960 increscunt,
752 1904 792 1947 ac
811 1883 1052 1966 intelliguntur
1070 1904 1131 1968 per
1149 1883 1274 1967 gradus
1294 1880 1373 1946 lati·

250 1981 390 2045 tudinis.

313 2075 406 2158 185
438 2073 563 2140 Omnia
586 2084 622 2138 et
645 2074 781 2157 singula
803 2095 891 2157 quae
920 2075 953 2138 in
980 2076 1109 2139 mundo
1135 2075 1312 2156 spirituali,
1337 2084 1373 2140 et

248 2191 337 2253 quae
360 2171 395 2232 in
414 2171 542 2234 mundo
562 2170 710 2234 naturali
729 2171 896 2246 existunt,
914 2191 959 2234 ex
979 2171 1141 2253 gradibus
1160 2170 1318 2234 discretis
1337 2180 1373 2235 et

247 2264 349 2330 simul
371 2267 603 2349 exgradibus
627 2265 800 2330 continuis
823 2267 1035 2342 coexistunt,
1059 2286 1119 2328 seu
1141 2286 1188 2330 ex
1210 2266 1372 2348 gradibus

247 2360 442 2427 altitudinis
464 2373 499 2426 et
523 2383 569 2425 ex
588 2361 751 2444 gradibus
770 2360 971 2426 latitudinis.
1016 2360 1081 2424 Illa
1100 2361 1267 2425 dimensio
1285 2381 1372 2445 quae

247 2457 409 2522 consistit
439 2477 485 2520 ex
508 2457 671 2539 gradibus
694 2457 861 2532 discretis,
885 2466 1029 2521 vocatur
1051 2456 1220 2534 altitudo;
1254 2466 1289 2520 et
1313 2455 1372 2521 illa

246 2571 334 2636 quae
353 2574 398 2616 ex
417 2551 579 2634 gradibus
595 2552 777 2626 continuis,
795 2561 939 2615 vocatur
955 2551 1125 2614 latitudo:
1150 2552 1235 2615 situs
1254 2570 1371 2616 eorum

248 2645 440 2731 respective
470 2647 513 2710 ad
544 2647 653 2710 visum
681 2647 772 2710 oculi
801 2666 870 2710 non
900 2657 1012 2711 mutat
1042 2648 1370 2712 denominationem.

247 2742 392 2827 Absque
410 2742 608 2825 cognitione
632 2742 753 2807 horum
766 2744 944 2825 graduum,
962 2763 1032 2807 non
1048 2743 1128 2806 sciri
1143 2743 1270 2827 aliquid
1290 2753 1369 2827 pot·

245 2849 301 2904 est
319 2839 363 2903 de
383 2838 577 2902 discrimine
593 2838 682 2902 inter
697 2848 768 2903 tres
785 2838 910 2914 caelos,
929 2859 991 2902 nec
1012 2839 1054 2902 de
1071 2839 1265 2903 discrimine
1281 2841 1371 2904 inter

247 2952 401 2998 amorem
424 2943 460 2997 et
487 2935 692 3014 sapientiam
715 2933 917 3016 angelorum
940 2935 997 3008 ibi,
1022 2954 1085 2998 nec
1108 2935 1151 2999 de
1175 2935 1370 3000 discrimine

241 3031 339 3096 inter
356 3030 509 3094 calorem
528 3039 565 3094 et
585 3030 696 3095 lucem
715 3032 750 3094 in
769 3029 891 3113 quibus
910 3040 1002 3106 sunt,
1023 3050 1086 3094 nec
1106 3031 1149 3094 de
1173 3029 1368 3093 discrimine

246 3127 336 3190 inter
351 3126 612 3208 atmospbaeras
624 3146 710 3209 quae
722 3125 878 3190 ambiunt
895 3135 930 3189 et
946 3127 1140 3190 continent.
1185 3124 1273 3188 Tum
1289 3125 1368 3189 abs·

244 3243 312 3304 que
345 3223 544 3305 cognitione
577 3220 698 3285 horum
732 3222 911 3304 graduum,
943 3221 1027 3285 nihil
1061 3223 1139 3285 sciri
1172 3230 1289 3302 potest
1325 3220 1369 3283 de

244 3317 439 3381 discrimine
461 3317 665 3381 facultatum
688 3317 887 3381 interiorum
912 3336 998 3398 quae
1026 3317 1151 3379 mentis
1175 3325 1254 3380 sunt
1278 3316 1368 3406 apud

244 3411 413 3489 homines,
437 3413 487 3477 ita
512 3431 576 3475 nec
604 3413 647 3476 de
675 3422 769 3476 statu
788 3412 923 3476 illorum
947 3412 1061 3494 quoad
1089 3411 1368 3476 reformationem

243 3517 281 3572 et
300 3507 619 3590 regenerationem
643 3527 706 3571 nec
726 3507 769 3571 de
786 3508 980 3572 discrimine
995 3505 1199 3570 facultatum
1216 3510 1368 3572 exterio·

244 3620 329 3676 rurn,
354 3622 441 3685 quae
466 3603 618 3683 corporis
644 3613 735 3677 sunt,
760 3612 832 3666 tam
863 3603 953 3685 apud
979 3601 1124 3683 angelos
1149 3622 1250 3684 quam
1277 3603 1367 3684 apud

245 3697 402 3764 homines
416 3718 425 3776 3
448 3707 484 3761 et
500 3716 637 3780 prorsus
653 3697 737 3760 nihil
756 3697 800 3761 de
818 3698 1014 3762 discrimine
1030 3698 1120 3761 inter
1136 3698 1312 3780 spirituale
1331 3692 1383 3763 et'

244 3792 412 3868 naturale,
430 3802 465 3856 et
484 3793 564 3859 inde
581 3793 664 3857 nihil
683 3793 727 3857 de
745 3794 1073 3874 correspondentia:
1097 3794 1202 3856 immo
1222 3793 1305 3857 nihil
1325 3794 1367 3857 de

245 3888 315 3952 ullo
330 3889 526 3952 discrimine
541 3890 634 3954 vitae
650 3891 740 3953 inter
755 3888 913 3954 homines
929 3900 964 3953 et
981 3889 1121 3964 bestias,
1135 3897 1171 3952 et
1188 3889 1231 3953 de
1247 3889 1366 3952 discri-

244 3986 335 4048 mine
354 3985 444 4049 inter
467 3985 596 4049 bestias
612 3981 831 4067 perfedtiores
854 3995 890 4049 et
916 3982 1206 4066 imperfectiorem
1237 4003 1300 4048 nec
1323 3984 1367 4048 de

242 4079 494 4144 discriminibus
510 4080 599 4144 inter
614 4081 739 4145 formas
753 4082 852 4163 regni
868 4078 1084 4162 vegetabilis,
1098 4089 1134 4144 et
1150 4081 1240 4144 inter
1256 4089 1366 4143 mate·

243 4175 310 4238 rias
320 4177 418 4258 regni
431 4174 613 4239 mineralis.
655 4174 713 4239 Ex
730 4176 852 4259 quibus
869 4185 1030 4240 constare
1047 4184 1176 4258 potest,
1196 4175 1286 4258 quod
1303 4174 1363 4251 illi,

242 4271 300 4354 qui
313 4271 377 4336 hos
386 4272 512 4354 gradus
522 4273 695 4354 ignorant,
707 4289 777 4334 non
787 4291 833 4335 ex
845 4270 959 4355 aliquo
967 4269 1096 4353 judicio
1105 4270 1239 4352 possint
1250 4269 1365 4335 videre

241 4385 386 4445 causas;
410 4365 531 4430 vident
549 4366 655 4430 modo
673 4363 823 4442 effedtus,
844 4375 880 4430 et
899 4365 1054 4447 judicant
1073 4385 1193 4430 causas
1217 4385 1262 4429 ex
1285 4364 1363 4442 illis,

227 4460 333 4542 'quod
349 4459 388 4525 fit
404 4460 603 4545 plerumque
618 4482 664 4525 ex
679 4458 876 4525 indudtione
888 4457 1063 4525 effeEtibus
1076 4461 1239 4526 continua
1255 4482 1263 4524 :
1287 4480 1364 4525 cum

242 4562 361 4618 tamen
380 4575 503 4619 causae
522 4575 591 4620 non
611 4556 804 4637 producunt
824 4553 963 4620 effectus
986 4576 1047 4638 per
1069 4558 1281 4632 continuum,
1302 4558 1363 4621 sed

244 4667 303 4730 per
318 4650 523 4730 discretum;
547 4649 639 4715 aliud
655 4651 746 4714 enim
766 4661 819 4714 est
835 4670 948 4726 causa,
965 4661 1002 4716 et
1021 4651 1113 4716 aliud
1128 4661 1183 4716 est
1202 4649 1362 4728 effeEtus3
