3448 5374
520 713 570 762 ua
594 713 732 763 urvnm
758 711 1116 763 monimntum-u.
1137 701 1187 782 36.
1378 720 1418 788 ²5

283 889 330 952 sit
359 885 488 950 elevari
517 887 551 950 in
582 887 717 949 ratione
747 884 935 968 triplicata,
964 895 1000 950 et
1031 887 1122 970 quod
1156 887 1190 950 in
1222 891 1416 973 unoquovis

282 983 393 1066 gradu
417 983 527 1065 possit
551 981 666 1063 perfici
689 983 723 1045 in
747 983 883 1045 ratione
903 982 1051 1065 simplici
1075 982 1119 1046 ad
1143 1003 1314 1048 summum
1334 986 1415 1068 ejus.

284 1088 342 1152 [8.]
374 1075 441 1160 Qui
458 1077 673 1142 elevationes
690 1085 726 1141 et
742 1074 970 1160 perietiiones
989 1077 1112 1141 horum
1131 1081 1301 1161 graduum
1321 1101 1416 1145 com·

282 1171 481 1252 prehendit,
494 1173 552 1236 ille
569 1182 688 1255 potest
705 1172 921 1257 aliquantum
938 1175 1114 1256 percipere
1134 1175 1181 1251 id,
1196 1177 1287 1257 quod
1301 1176 1344 1240 de
1361 1199 1415 1240 sa·

282 1267 414 1347 pientia
433 1268 592 1352 angelica
611 1269 745 1344 dicitur,
765 1268 857 1350 quod
878 1270 923 1333 sit
944 1267 1147 1348 ineffabilis;
1174 1271 1259 1335 haec
1280 1293 1416 1355 quoque

281 1373 355 1427 tam
375 1364 555 1428 ineffabilis
578 1373 642 1440 est,
664 1375 700 1427 ut
723 1363 817 1428 mille
840 1365 939 1430 ideae
963 1366 1190 1448 cogitationis
1210 1366 1413 1450 angelorum

281 1481 328 1525 ex
361 1482 422 1526 sua
453 1463 626 1544 sapientia
649 1481 718 1524 non
743 1461 879 1543 possint
903 1463 1023 1526 sistere
1047 1481 1148 1543 quam
1173 1481 1276 1525 unam
1300 1465 1413 1527 ideam

281 1559 506 1639 cogitationis
517 1559 694 1623 hominum
708 1579 754 1620 ex
770 1577 831 1620 sua
843 1559 1027 1641 sapientia,
1042 1570 1242 1640 nongentae
1255 1571 1291 1623 et
1305 1581 1413 1623 nona-

280 1654 381 1734 ginta
400 1673 526 1718 novem
545 1653 625 1717 illae
647 1652 746 1716 ideae
770 1654 994 1735 cogitationis
1013 1654 1217 1736 angelorum
1238 1675 1307 1718 non
1331 1675 1412 1737 pos·

280 1759 360 1814 sunt
382 1751 520 1827 intrare,
540 1758 621 1813 sunt
643 1750 734 1812 enim
758 1749 1054 1832 supranaturalia:
1088 1750 1179 1833 quod
1203 1752 1251 1814 ita
1274 1752 1332 1825 sit,
1353 1772 1413 1834 per

280 1846 395 1909 vivam
411 1847 661 1931 experientiam
674 1844 801 1929 pluries
817 1847 937 1910 datum
955 1855 1008 1909 est
1023 1846 1120 1910 scire.
1166 1843 1247 1922 Sed,
1265 1855 1303 1910 ut
1320 1849 1412 1928 prius

279 1939 409 2006 dietum
439 1951 503 2017 est,
528 1961 632 2006 nemo
657 1942 692 2005 in
722 1943 929 2024 sapientiam
954 1941 1049 2004 illam
1073 1941 1279 2006 ineffabilem
1303 1964 1411 2026 ange·

279 2035 390 2102 lorum
409 2039 526 2101 venire
544 2046 676 2120 potest,
694 2037 758 2100 nisi
778 2058 838 2120 per
854 2034 1132 2118 conjundtionem
1150 2057 1226 2101 cum
1247 2037 1410 2116 Domino,

278 2142 316 2196 et
347 2132 535 2197 secundum
559 2131 667 2207 illam,
693 2151 774 2196 nam
804 2133 899 2198 solus
930 2131 1099 2196 Dominus
1124 2135 1236 2217 aperit
1264 2135 1409 2214 gradum

277 2230 491 2313 spiritualem
511 2239 548 2293 et
566 2229 712 2311 gradum
732 2229 932 2305 caelestem,
953 2239 990 2293 at
1014 2229 1190 2293 duntaxat
1209 2231 1300 2312 apud
1320 2231 1409 2308 illos,

278 2327 335 2408 qui
351 2327 492 2407 sapiunt
510 2346 554 2388 ex
573 2324 675 2407 lps0;
706 2335 742 2388 et
759 2324 809 2389 illi
825 2327 964 2408 sapiunt
982 2347 1028 2389 ex
1044 2324 1208 2401 Domino,
1226 2327 1282 2409 qui
1299 2325 1409 2408 rejici-

279 2431 342 2485 unt
359 2421 545 2495 diabolum,
563 2419 629 2483 hoc
647 2429 710 2494 est,
729 2420 857 2484 malum
877 2442 897 2483 a
916 2441 963 2485 se.

341 2531 414 2600 35·
444 2514 514 2581 Sed
545 2535 588 2579 ne
616 2514 737 2579 credat
760 2516 893 2600 aliquis,
914 2516 1006 2600 quod
1030 2517 1204 2601 sapientia
1226 2517 1327 2581 alicui
1351 2521 1407 2596 sit,

277 2612 371 2695 quod
394 2613 483 2677 sciat
502 2612 624 2686 multa,
645 2621 681 2675 et
704 2613 797 2695 quod
821 2613 991 2694 percipiat
1015 2611 1075 2675 illa
1099 2614 1132 2676 in
1152 2614 1300 2696 quadam
1320 2613 1407 2691 luce,

277 2719 314 2772 et
330 2708 422 2791 quod
437 2707 678 2790 intelligenter
689 2709 800 2790 possit
816 2708 909 2790 loqui
927 2708 997 2783 illa,
1011 2709 1076 2771 nisi
1093 2708 1153 2771 illa
1169 2710 1214 2772 sit
1225 2709 1409 2792 conjun&a

266 2805 405 2884 'amori3
432 2824 530 2868 amor
548 2805 640 2867 enim
663 2823 725 2886 per
747 2824 825 2867 suas
835 2801 1037 2868 affedliones
1055 2804 1214 2886 producit
1232 2806 1348 2884 illam;
1380 2809 1408 2871 si

277 2919 347 2963 non
366 2898 550 2982 conjunCta
570 2908 625 2963 est
644 2901 763 2975 amori,
780 2910 835 2964 est
855 2900 943 2963 sicut
963 2911 1144 2964 meteoron
1163 2901 1197 2964 in
1217 2921 1295 2965 aere
1314 2903 1406 2985 quod

277 2997 465 3072 evanescit,
489 3005 525 3060 et
549 2996 639 3059 sicut
662 2994 764 3058 stella
787 2996 937 3074 cadens3
968 3007 1005 3059 at
1029 2995 1200 3077 sapientia
1223 2996 1407 3078 conjundta

275 3092 395 3168 amori,
423 3101 478 3156 est
507 3093 596 3154 sicut
628 3090 712 3154 solis
743 3090 803 3153 lux
833 3111 988 3167 manens,
1016 3098 1051 3154 et
1081 3090 1171 3154 sicut
1193 3092 1297 3156 stella
1324 3092 1406 3159 lixa.

276 3185 388 3251 Amor
401 3188 592 3269 sapientiae
605 3195 659 3250 est
672 3184 813 3262 homini,
826 3196 994 3269 quantum
1009 3195 1184 3249 aversatur
1197 3186 1404 3253 diabolicam

275 3284 424 3358 turbam,
445 3304 532 3365 quae
551 3292 632 3346 sunt
651 3283 952 3364 concupiscentiae
973 3282 1052 3345 mali
1073 3291 1108 3345 et
1128 3281 1213 3345 salsi.

338 3379 412 3462 36·
435 3378 622 3460 Sapientia,
636 3399 723 3461 quae
736 3379 780 3441 ad
797 3379 1054 3461 perceptionem
1070 3378 1178 3453 venit,
1196 3387 1249 3442 est
1264 3399 1406 3462 percep·

267 3475 325 3539 'tio
341 3475 411 3538 veri
430 3497 476 3539 ex
495 3472 675 3539 affedlione
691 3473 774 3556 ejus,
792 3475 957 3556 imprimis
977 3473 1156 3557 perceptio
1172 3475 1244 3538 veri
1264 3475 1403 3556 spiritu·

275 3571 359 3649 alis;
384 3591 464 3634 nam
479 3580 533 3635 est
551 3590 670 3634 verum
690 3570 801 3644 civile,
818 3590 938 3633 verum
959 3568 1099 3646 morale,
1120 3578 1156 3634 et
1179 3590 1297 3634 verum
1317 3573 1403 3653 spir·

274 3666 390 3732 ituale.
428 3666 483 3730 Illi
502 3668 558 3749 qui
577 3667 610 3730 in
628 3667 851 3749 perceptione
863 3665 936 3728 veri
953 3666 1140 3747 spiritualis
1158 3687 1204 3730 ex
1222 3663 1404 3733 affedlione

275 3761 346 3842 ejus
362 3771 452 3837 sunt,
470 3765 576 3826 etiam
592 3763 626 3826 in
643 3763 868 3844 perceptione
883 3762 955 3824 veri
974 3761 1114 3824 moralis
1130 3771 1167 3827 et
1185 3763 1295 3826 civilis
1311 3773 1401 3839 sunt,

275 3879 355 3922 nam
378 3856 513 3922 afletiio
535 3860 606 3922 veri
630 3857 817 3940 spiritualis
840 3866 895 3921 est
919 3858 1033 3920 anima
1057 3858 1202 3922 illarum.
1246 3857 1402 3923 Locutus

274 3973 349 4018 sum
382 3955 589 4037 quandoque
617 3973 694 4018 cum
717 3952 852 4036 angelis
877 3953 920 4017 de
947 3954 1129 4033 sapientia,
1154 3955 1211 4036 qui
1238 3955 1401 4019 dixerunt

273 4050 366 4133 quod
385 4051 556 4132 sapientia
575 4051 621 4114 sit
640 4047 836 4130 conjundtio
854 4068 933 4112 cum
953 4047 1116 4123 Domino,
1133 4050 1212 4131 quia
1231 4048 1401 4113 Dominus

273 4156 329 4210 est
343 4147 418 4228 ipsa
434 4145 631 4227 Sapientia;
655 4155 691 4210 et
707 4144 799 4228 quod
815 4146 849 4208 in
864 4144 961 4207 illam
978 4141 1254 4226 conjundtionem
1271 4146 1400 4222 veniat,

273 4241 330 4324 qui
347 4239 454 4322 rejicit
472 4241 638 4305 infernum
659 4261 679 4304 a
697 4261 746 4316 se,
765 4261 805 4304 ac
826 4251 964 4305 tantum
984 4241 1016 4303 in
1037 4239 1142 4314 illam,
1160 4251 1327 4324 quantum
1346 4262 1399 4304 re·

270 4335 355 4420 jicit.
401 4335 585 4414 Dixerunt,
605 4337 698 4421 quod
721 4337 785 4401 sibi
804 4344 1067 4418 repraesentent
1086 4336 1290 4418 sapientiam
1310 4336 1399 4402 sicut

273 4431 494 4515 magnificum
514 4442 550 4497 et
569 4433 823 4497 ornatissimum
843 4432 1021 4516 palatium,
1038 4432 1072 4495 in
1092 4432 1184 4514 quod
1200 4432 1399 4497 ascenditur

272 4549 334 4610 per
353 4528 536 4593 duodecim
556 4529 703 4610 gradus;
728 4538 764 4594 et
782 4529 873 4611 quod
895 4547 997 4592 nemo
1020 4527 1064 4590 ad
1087 4527 1233 4610 primum
1252 4528 1397 4609 gradum

272 4629 403 4702 veniat,
428 4628 493 4690 nisi
521 4647 542 4691 a
572 4625 723 4690 Domino
746 4647 806 4709 per
828 4622 1107 4705 conjundtionem
1137 4644 1214 4689 cum
1245 4625 1337 4709 Ipso,
1362 4637 1398 4691 et

274 4723 366 4806 quod
385 4724 527 4808 quisque
546 4721 712 4787 ascendat
730 4722 919 4786 secundum
939 4718 1225 4802 conjund‘tionem,
1246 4731 1282 4785 et
1306 4721 1397 4805 quod
