3418 5368
296 637 359 702 204
652 634 854 686 saranum
878 635 1073 686 nuosucn

295 805 471 871 subditam
491 816 861 892 gentem-permanet;
886 825 1006 870 omnes
1030 806 1120 871 enim
1145 805 1193 870 illi
1217 827 1262 870 ex
1282 827 1323 870 ea
1342 803 1422 872 reli·

294 902 410 982 gione,
437 903 492 984 qui
519 903 624 966 etiam
652 889 838 966 Dominum
866 901 1007 976 adeunt,
1036 922 1075 965 ac
1104 900 1195 965 mala
1223 901 1357 984 fugiunt
1383 911 1421 980 ut

294 1007 452 1080 peccata,
467 996 663 1076 salvantur;
687 1007 896 1082 quapropter
912 1017 957 1062 ex
977 995 1044 1061 illis
1060 999 1162 1061 etiam
1179 995 1293 1080 plures
1309 997 1421 1062 socie·

295 1101 388 1156 tates
406 1090 577 1157 caelestes
594 1103 675 1157 sunt
693 1093 727 1157 in
747 1093 875 1158 mundo
894 1092 1072 1176 spirituali,
1119 1091 1165 1156 Et
1185 1112 1321 1176 quoque
1340 1111 1420 1174 pro·

294 1187 403 1252 visum
424 1197 489 1263 est,
511 1199 548 1254 ut
568 1189 612 1254 sit
634 1208 720 1271 gens
740 1189 831 1253 inter
851 1188 931 1253 illos
950 1208 1037 1271 quae
1060 1207 1128 1252 non
1153 1185 1281 1251 subivit
1300 1186 1421 1270 jugum

293 1283 374 1349 talis
393 1283 650 1360 dominationis,
668 1294 704 1350 et
724 1305 811 1368 quae
831 1280 987 1348 sanetum
1007 1283 1113 1348 habet
1134 1279 1309 1362 Verbum;
1332 1281 1421 1348 haec

293 1399 380 1463 gens
411 1379 535 1444 nobilis
566 1390 619 1445 est
654 1399 740 1462 gens
775 1377 919 1445 Gallica.
972 1377 1041 1444 Sed
1071 1377 1152 1462 quid
1180 1375 1308 1442 fafium
1338 1378 1421 1443 esti

294 1485 353 1551 [5.]
385 1471 535 1562 Quando
550 1493 647 1539 amor
663 1475 713 1538 sui
730 1475 849 1540 evexit
866 1473 1054 1538 dominium
1071 1473 1238 1558 usquead
1255 1472 1419 1538 thronum

293 1566 445 1646 Domini,
465 1570 613 1636 removit
633 1569 762 1651 ipsum,
782 1580 818 1636 et
839 1590 876 1635 se
899 1587 1000 1652 super
1019 1569 1194 1652 imposuit,
1214 1588 1283 1633 non
1303 1570 1420 1652 potuit

292 1663 393 1728 aliter
417 1664 475 1728 ille
498 1683 605 1741 amor,
623 1667 679 1749 qui
706 1675 760 1730 est
781 1661 934 1740 Lucifer,
964 1682 1065 1749 quam
1092 1663 1271 1748 profanare
1301 1666 1420 1729 omnia

293 1755 400 1824 Verbi
416 1771 452 1826 et
472 1759 660 1825 ecclesiae:
687 1761 778 1844 quod
799 1783 842 1826 ne
861 1759 967 1835 lieret,
988 1759 1157 1824 Dominus
1175 1779 1235 1843 per
1254 1759 1417 1824 Divinam

291 1873 387 1920 suam
406 1855 659 1922 Providentiam
677 1858 862 1932 consuluit,
876 1867 912 1920 ut
930 1857 1058 1920 acultu
1075 1855 1185 1938 Ipsius
1200 1855 1418 1933 recederent,

289 1968 330 2015 ac
351 1951 551 2017 invocarent
569 1951 726 2016 homines
746 1939 913 2026 mortuos,
931 1962 1070 2017 orarent
1087 1951 1130 2014 ad
1148 1950 1321 2032 sculptilia
1338 1951 1416 2015 illo·

290 2064 376 2122 rum,
393 2047 631 2112 oscularentur
646 2068 724 2112 ossa
741 2047 888 2122 illorum,
906 2058 942 2112 et
960 2039 1224 2129 procumberent
1239 2046 1283 2109 ad
1300 2046 1417 2129 sepul·

290 2160 348 2206 cra
367 2142 514 2216 illorum,
533 2143 755 2228 prohiberent
776 2141 929 2208 Verbum
950 2143 1031 2226 legi,
1051 2151 1087 2207 et
1106 2139 1263 2206 sandium
1283 2142 1415 2208 cultum

290 2256 418 2321 ponere
443 2241 474 2302 in
500 2239 611 2303 missis
635 2239 779 2321 avulgo
803 2259 872 2303 non
900 2235 1098 2312 intellectis,
1123 2248 1158 2302 et
1183 2257 1244 2320 pro
1266 2249 1419 2320 argento

290 2334 439 2399 vendere
463 2333 634 2413 salutem;
664 2335 825 2417 quoniam
849 2335 876 2398 si
901 2335 985 2398 haec
1011 2352 1079 2396 non
1098 2332 1273 2406 fecissent,
1294 2333 1418 2400 sancta

291 2426 396 2494 Verbi
412 2441 449 2495 et
465 2430 632 2495 ecclesiae
650 2429 948 2513 profanavissent:
972 2447 1064 2504 nam,
1078 2437 1114 2494 ut
1129 2428 1162 2492 in
1182 2428 1418 2510 praecedente

289 2525 505 2610 paragrapho
523 2537 702 2591 ostensum
719 2536 784 2598 est,
804 2545 873 2590 non
890 2524 945 2590 alii
961 2523 1145 2608 profanant
1161 2520 1293 2597 sanita,
1311 2544 1416 2607 quam

289 2623 345 2708 qui
365 2624 477 2686 sciunt
498 2621 568 2686 illa.
615 2625 672 2687 [6.]
705 2621 757 2687 Ne
777 2623 892 2709 itaque
916 2619 1137 2704 profanarent
1161 2618 1416 2686 sanflissimam

289 2715 430 2793 Cenam,
451 2739 495 2782 ex
518 2717 642 2783 Divina
667 2717 804 2783 Domini
829 2717 1049 2783 Providentia
1071 2727 1137 2792 est,
1159 2730 1195 2781 ut
1219 2717 1417 2784 dividerent

288 2813 392 2888 illam,
413 2831 453 2877 ac
477 2832 601 2897 panem
623 2813 748 2879 darent
772 2814 909 2897 populo,
931 2834 970 2879 ac
995 2815 1069 2896 ipse
1092 2815 1208 2876 vinum
1232 2812 1415 2893 biberent:

288 2908 403 2973 vinum
424 2910 566 2973 enimin
587 2905 714 2974 Sandia
736 2907 830 2975 Cena
853 2907 1024 2992 significat
1044 2905 1201 2974 sancium
1221 2927 1349 2986 verum,
1369 2927 1413 2975 ac

287 3005 385 3087 panis
408 3001 564 3068 sancium
588 3005 739 3083 bonum;
763 3015 800 3071 at
823 3023 901 3071 cum
921 3006 1030 3070 divisa
1052 3016 1144 3079 sunt,
1168 3001 1339 3088 significat
1360 3007 1413 3071 vi·

287 3118 367 3163 num
387 3098 603 3182 profanatum
623 3119 751 3176 verum,
772 3120 812 3165 ac
832 3102 930 3183 panis
949 3100 1179 3165 adulteratum
1199 3097 1346 3178 bonum;
1370 3121 1414 3168 ac

286 3196 424 3281 insuper
442 3195 535 3279 quod
559 3195 653 3259 illam
676 3215 876 3280 corpoream
900 3207 936 3261 et
956 3194 1170 3260 materialem
1190 3194 1354 3271 facerent,
1374 3207 1414 3263 et

286 3291 351 3356 hoc
376 3311 437 3373 pro
460 3292 620 3373 primario
644 3291 819 3374 religionis
842 3295 1070 3356 assumerent:
1116 3288 1183 3371 Qui
1206 3291 1250 3356 ad
1273 3292 1413 3375 singula

285 3385 345 3450 illa
361 3388 511 3451 animum
527 3387 688 3462 advertit,
707 3399 743 3453 et
761 3387 821 3452 illa
840 3387 874 3450 in
893 3386 1042 3470 quadam
1062 3385 1293 3452 illustratione
1312 3407 1411 3452 men·

284 3484 329 3546 tis
344 3483 522 3566 expendit,
541 3493 659 3565 potest
676 3483 793 3548 videre
810 3481 956 3547 Divinae
973 3481 1212 3547 Providentiae
1229 3483 1412 3562 mirabilia,

284 3581 327 3646 ad
356 3580 539 3645 tutandum
570 3577 690 3645 saneta
720 3579 899 3656 ecclesiae,
923 3590 958 3644 et
987 3580 1030 3644 ad
1061 3579 1263 3645 salvandum
1287 3601 1413 3647 omnes

283 3687 506 3760 quotcunque
521 3676 646 3740 salvari
658 3687 818 3760 possunt,
832 3688 867 3742 et
884 3677 980 3762 quasi
992 3697 1037 3740 ex
1054 3677 1213 3742 incendio
1229 3680 1412 3761 eripiendi,

281 3773 339 3856 qui
357 3771 478 3837 volunt
495 3773 587 3855 eripi.

347 3867 443 3950 258.
475 3865 537 3950 (v.)
571 3865 668 3947 Quod
690 3889 778 3932 mere
799 3867 969 3934 naturalis
991 3867 1086 3933 aomo
1107 3880 1224 3935 contra
1245 3868 1412 3938 Urbanam

283 3960 537 4028 Prova'dentiam
552 3983 588 4028 se
601 3962 771 4048 confirmet
784 3986 827 4028 ex
840 3987 885 4040 eo,
899 3965 990 4049 quod
1001 3965 1091 4029 inter
1107 3965 1182 4030 illos
1198 3966 1260 4050 qni
1271 3967 1407 4050 relegero·

283 4079 355 4124 nem
376 4057 613 4126 Christianam
631 4060 844 4144 profitentur,
870 4060 940 4124 sint
960 4061 1021 4144 qui
1040 4061 1259 4126 salvationem
1277 4072 1412 4144 ponunt·

282 4154 317 4218 in
332 4154 533 4238 quibasdam
551 4153 682 4220 vocibus
699 4177 782 4239 quas
800 4156 941 4238 cogitent
958 4166 990 4220 et
1008 4156 1197 4239 loquantur,
1212 4168 1246 4222 et
1259 4177 1323 4222 non
1338 4158 1407 4222 ali·

281 4249 366 4334 quid
377 4251 411 4314 in
428 4249 520 4316 bonis
536 4271 620 4334 quae
629 4245 922 4334 faciant-Quod
942 4251 991 4316 illi
1011 4251 1101 4317 tales
1121 4254 1201 4328 sint,
1218 4255 1275 4337 qui
1291 4252 1406 4318 solam

280 4340 384 4411 fidem
403 4345 532 4411 faciunt
555 4345 755 4422 salvificam,
775 4358 810 4411 et
831 4368 900 4411 non
920 4347 1027 4413 vitam
1047 4347 1239 4424 charitatis,
1259 4349 1408 4431 proinde

281 4441 337 4523 qui
358 4439 458 4505 fidem
479 4463 498 4505 a
518 4441 691 4507 charitate
710 4452 884 4526 separant,
905 4443 938 4506 in
958 4437 1121 4507 Dotirino
1144 4442 1261 4509 Novae
1282 4443 1426 4509 Hiero-⁸

281 4534 425 4616 solymae
446 4535 487 4600 de
507 4534 599 4612 Fide,
625 4549 803 4602 ostensum
827 4548 905 4617 est;
937 4549 973 4602 et
998 4559 1133 4622 quoque
1157 4541 1216 4614 ibi,
1239 4540 1331 4624 quod
1354 4539 1407 4606 illl

280 4649 340 4714 per
359 4629 625 4708 “Philistaeos,''
640 4653 766 4717 perque
784 4633 1033 4710 “draconem'’
1046 4644 1082 4698 et
1102 4653 1163 4717 per
1181 4634 1355 4712 “hircos'’
1370 4635 1407 4700 in
