3422 5380
296 649 360 718 230
639 647 842 700 SAPIENTIA
863 643 1062 698 ANGELICA

358 820 453 887 ²81·
485 818 560 906 (iv.)
587 816 685 900 Quod
695 817 744 886 sic
755 815 938 902 permissio
952 817 1039 884 mali
1051 817 1099 883 sit
1108 827 1254 903 propter
1263 821 1372 908 finem
1386 831 1430 890 ut

295 915 628 982 salvatam-Notum
647 925 713 992 est,
733 916 825 1000 quod
841 915 947 980 homo
967 916 1001 979 in
1021 914 1125 997 plena
1145 914 1310 981 libertate
1326 918 1423 1000 cogi·

294 1013 394 1079 tandi
410 1022 445 1076 et
462 1013 600 1077 volendi
617 1014 672 1088 sit,
690 1013 751 1078 sed
767 1031 837 1076 non
853 1013 888 1076 in
907 1012 1012 1095 plena
1027 1011 1190 1077 libertate
1206 1011 1372 1097 loquendi
1387 1021 1426 1079 et

294 1109 441 1174 faciendi
464 1108 624 1194 quicquid
647 1109 782 1190 cogitat
805 1117 841 1172 et
864 1105 950 1173 vult.
997 1107 1119 1172 Potest
1147 1108 1240 1173 enim
1267 1107 1425 1192 cogitare

294 1204 384 1269 sicut
403 1204 537 1281 atheus,
559 1224 687 1287 negare
707 1203 830 1282 Deum,
848 1213 885 1269 et
901 1201 1024 1268 santia
1038 1202 1148 1268 Verbi
1169 1201 1235 1289 [et]
1256 1202 1427 1270 ecclesiae

295 1299 547 1384 blasphemare,
565 1301 671 1363 immo
691 1309 809 1382 potest
826 1299 917 1363 velle
934 1297 1072 1382 loquela
1091 1309 1126 1363 et
1150 1297 1243 1364 ladio
1266 1299 1327 1365 illa
1345 1319 1422 1384 per·

295 1397 375 1460 dere
399 1396 568 1479 usquead
592 1415 709 1458 eorum
733 1396 1027 1474 internecionem;
1055 1396 1117 1459 sed
1137 1395 1202 1460 hoc
1223 1396 1320 1479 leges
1339 1395 1425 1460 civi·

295 1492 358 1569 les,
376 1491 525 1556 morales
544 1501 580 1556 et
600 1490 858 1556 ecclesiasticae
881 1501 1025 1569 arcent;
1050 1511 1155 1573 quare
1175 1492 1279 1575 impia
1295 1502 1331 1555 et
1348 1512 1424 1557 sce·

294 1588 386 1652 lesta
411 1586 472 1653 illa
496 1588 590 1652 intus
619 1587 713 1650 fovet
743 1587 933 1669 cogitando
962 1596 998 1650 et
1029 1585 1192 1662 volendo,
1224 1597 1260 1651 et
1287 1607 1427 1672 quoque

294 1682 520 1760 intendendo,
552 1683 614 1747 sed
645 1702 752 1766 usque
786 1701 855 1745 non
886 1683 1054 1746 iaciendo.
1113 1681 1231 1746 Homo
1263 1685 1319 1767 qui
1353 1703 1425 1748 non

294 1779 419 1843 atheus
442 1789 508 1854 est,
531 1781 635 1844 etiam
658 1779 693 1843 in
721 1777 824 1861 plena
851 1779 1014 1842 libertate
1040 1787 1096 1844 est
1124 1779 1302 1862 cogitandi
1325 1777 1426 1862 plura

295 1896 382 1959 quae
399 1876 479 1939 mali
499 1885 590 1949 sunt,
608 1886 646 1938 ut
662 1874 888 1950 fraudulenta,
906 1875 1045 1952 lasciva,
1063 1875 1284 1950 vindicativa,
1303 1884 1339 1938 et
1356 1874 1426 1938 alia

294 1971 427 2044 insana,
448 1971 539 2053 quod
563 1970 669 2034 etiam
692 1970 775 2034 iacit
795 1988 855 2051 per
873 1971 975 2033 vices.
1022 1967 1108 2052 Quis
1127 1981 1247 2053 potest
1270 1971 1424 2045 credere,

295 2068 387 2150 quod
411 2068 475 2129 nisi
494 2065 597 2148 plena
615 2066 758 2130 libertas
776 2066 865 2130 soret
888 2066 1030 2141 homini,
1052 2087 1120 2130 non
1141 2069 1246 2132 modo
1266 2087 1334 2131 non
1353 2065 1422 2130 sal·

295 2163 367 2225 vari
389 2170 522 2246 posset,
547 2161 608 2224 sed
632 2163 738 2226 etiam
765 2161 799 2224 in
824 2171 938 2226 totum
964 2162 1113 2243 periret?
1160 2173 1217 2238 [2.]
1251 2161 1426 2226 Audiatur

296 2277 385 2322 nunc
417 2277 541 2322 causa:
577 2255 699 2322 Omnis
729 2257 836 2322 homo
861 2258 896 2320 in
921 2256 1020 2321 malis
1044 2257 1190 2341 plurium
1214 2278 1378 2340 generum
1402 2279 1423 2322 a

295 2355 483 2418 nativitate
506 2362 584 2432 est;
615 2350 675 2416 illa
703 2353 795 2418 mala
818 2355 936 2418 insunt
958 2353 1133 2417 voluntati
1154 2352 1246 2435 ejus;
1278 2365 1314 2418 et
1336 2375 1426 2437 quae

294 2449 468 2514 voluntati
490 2450 619 2525 insunt,
644 2459 826 2527 amantur3
852 2469 931 2513 nam
955 2449 1047 2533 quod
1071 2447 1176 2512 homo
1199 2471 1244 2512 ex
1268 2451 1424 2514 interiori

294 2545 380 2621 vult,
398 2546 462 2609 hoc
483 2555 599 2623 amat;
623 2554 660 2609 et
679 2546 770 2628 quod
794 2556 900 2620 amat,
918 2544 983 2608 hoc
1001 2543 1100 2622 vult;
1124 2555 1159 2609 et
1183 2565 1280 2608 amor
1298 2545 1420 2609 volun-

294 2643 380 2706 tatis
403 2640 511 2704 influit
535 2641 569 2704 in
597 2639 824 2716 intelletium
849 2652 886 2705 et
909 2640 954 2704 ibi
977 2640 1059 2704 facit
1083 2650 1121 2704 ut
1140 2639 1327 2723 jucundum
1351 2641 1426 2721 ejus

295 2737 485 2813 sentiatur;
508 2737 590 2799 inde
608 2737 705 2800 venit
727 2739 762 2801 in
786 2737 1031 2819 cogitationes,
1050 2746 1087 2800 et
1103 2756 1238 2819 quoque
1254 2738 1287 2800 in
1307 2739 1420 2800 inten—

296 2831 419 2894 tiones.
465 2827 579 2913 Quare
603 2832 666 2894 nisi
688 2833 950 2914 permitteretur
972 2831 1104 2895 homini
1123 2833 1280 2913 cogitare
1299 2853 1422 2896 secun-

295 2927 377 2990 dum
396 2944 549 2990 amorem
565 2926 756 2990 voluntatis
775 2926 857 3007 ejus,
875 2929 931 3010 qui
948 2925 997 2990 illi
1013 2949 1058 2990 ex
1076 2926 1286 2991 hereditario
1302 2929 1424 2992 insitus

296 3032 363 3097 est,
380 3041 476 3084 amor
491 3021 550 3085 ille
566 3021 717 3084 inclusus
734 3031 890 3086 maneret
908 3033 943 3086 et
961 3041 1128 3105 nusquam
1145 3023 1179 3085 in
1200 3020 1422 3106 conspedium

296 3116 445 3181 hominis
471 3118 625 3196 veniret;
658 3127 695 3188 et
723 3138 819 3182 amor
845 3118 927 3181 mali
957 3138 1026 3181 non
1057 3136 1228 3199 apparens
1254 3127 1309 3183 est
1334 3119 1425 3181 sicut

296 3212 407 3276 hostis
422 3213 457 3277 in
473 3213 614 3288 insidiis,
628 3214 718 3278 sicut
733 3215 847 3278 sanies
862 3215 896 3276 in
914 3214 1039 3288 ulcere,
1057 3214 1146 3277 sicut
1164 3223 1371 3278 venenatum
1390 3215 1425 3276 in

296 3309 474 3391 sanguine,
503 3319 539 3373 et
570 3311 658 3373 sicut
687 3310 832 3391 putredo
861 3309 896 3372 in
924 3305 1087 3392 pestore;
1116 3328 1204 3391 quae
1233 3309 1261 3371 si
1291 3309 1427 3374 inclusa

295 3415 468 3482 tenentur,
483 3407 590 3471 letum
606 3407 783 3471 inducunt.
822 3408 873 3471 At
886 3428 970 3471 vero
987 3426 1064 3470 cum
1081 3406 1163 3471 licet
1179 3405 1310 3470 homini
1326 3409 1425 3490 cogi-

297 3512 371 3567 tare
389 3504 481 3567 mala
495 3505 621 3567 amoris
638 3505 731 3568 vitae
750 3525 833 3568 suae
853 3524 958 3587 usque
975 3503 1019 3565 ad
1038 3503 1279 3580 intentionem,
1297 3523 1422 3568 sanan·

297 3607 353 3662 tur
368 3597 428 3661 illa
448 3619 507 3680 per
526 3599 640 3662 media
657 3598 858 3682 spiritualia,
877 3600 967 3662 sicut
987 3598 1099 3661 morbi
1116 3619 1177 3681 per
1193 3599 1306 3662 media
1323 3608 1423 3662 natu-

297 3695 390 3758 ralia.
437 3705 495 3770 [3.]
527 3692 648 3775 Qualis
676 3696 780 3760 homo
807 3696 939 3758 iuturus
967 3703 1070 3768 esset,
1099 3695 1127 3757 si
1154 3714 1223 3758 non
1247 3694 1366 3758 liceret
1393 3695 1426 3758 ei

297 3791 453 3873 cogitare
472 3791 661 3854 secundum
677 3791 826 3874 jucunda
845 3791 972 3855 amoris
991 3791 1084 3854 vitae
1107 3811 1201 3868 suae,
1220 3810 1309 3854 nunc
1330 3791 1424 3854 dice·

297 3895 362 3949 tur.
398 3887 477 3951 Non
493 3887 583 3952 foret
598 3887 704 3953 homo
720 3889 885 3972 amplius;
910 3889 1104 3972 perditurus
1120 3897 1215 3951 esset
1233 3886 1330 3950 binas
1347 3905 1427 3948 suas

296 3982 493 4060 facultates,
511 4006 597 4068 quae
612 3996 783 4050 vocantur
798 3984 942 4050 libertas
957 3994 994 4049 et
1011 3981 1240 4058 rationalitas,
1254 3983 1287 4045 in
1304 3981 1427 4061 quibus

298 4082 459 4146 consistit
478 4082 551 4164 ipsa
567 4081 786 4161 humanitas;
808 4081 957 4165 jucunda
978 4079 1145 4145 malorum
1162 4078 1305 4141 istorum
1322 4096 1425 4140 occu·

298 4187 421 4258 parent
448 4177 612 4242 interiora
639 4181 765 4243 mentis
791 4177 873 4260 ejus,
898 4199 1003 4261 usque
1027 4175 1116 4241 adeo
1143 4184 1181 4239 ut
1209 4173 1427 4237 recluderent

298 4285 447 4358 portam,
473 4284 508 4337 et
532 4283 614 4337 tunc
640 4295 709 4338 non
735 4284 852 4357 posset
878 4273 977 4338 aliter
999 4291 1102 4356 quam
1127 4270 1251 4337 similia
1274 4269 1366 4352 loqui
1389 4281 1425 4333 et

298 4390 423 4453 agere;
451 4379 487 4433 et
513 4369 560 4432 sic
589 4369 756 4433 insaniret
785 4391 853 4433 non
877 4368 989 4433 solum
1012 4387 1129 4432 coram
1156 4390 1206 4446 se,
1230 4369 1291 4432 sed
1319 4367 1425 4430 etiam

299 4486 416 4530 coram
433 4466 572 4540 mundo,
590 4476 626 4528 et
642 4467 783 4529 tandem
802 4487 870 4529 non
890 4467 993 4529 sciret
1009 4463 1126 4529 velare
1142 4465 1314 4549 pudenda.
1356 4462 1425 4527 Sed

299 4583 344 4625 ne
360 4559 440 4626 talis
460 4559 530 4635 fiat,
549 4561 762 4642 permittitur
781 4561 918 4644 quidem
937 4561 968 4624 ei
992 4561 1148 4643 cogitare
1168 4570 1205 4625 et
1223 4561 1315 4626 velle
1336 4560 1427 4624 mala

299 4657 502 4721 hereditatis
527 4676 619 4732 suae,
637 4657 698 4720 sed
723 4677 790 4723 non
815 4655 908 4739 loqui
931 4666 967 4720 et
989 4656 1102 4722 iacere
1125 4655 1205 4737 illa;
1231 4678 1269 4722 ac
1293 4650 1428 4722 interea¹
