3418 5370
322 633 387 695 280
662 643 867 693 snmsurrn
890 641 1088 692 nucsmcn

320 818 377 901 qui
398 816 474 880 odit
494 815 654 889 alterum,
675 835 744 878 non
763 814 881 878 videat
902 835 964 878 nec
985 816 1170 880 conveniat
1189 815 1296 891 illum,
1316 836 1356 881 ac
1376 815 1448 882 dis·

320 922 398 978 tent
416 911 605 975 secundum
618 910 765 993 gradum
778 930 846 994 quo
863 930 930 974 non
945 920 1050 987 amat,
1064 931 1124 974 seu
1140 931 1208 994 quo
1223 913 1298 974 odit
1311 934 1319 990 ;
1342 913 1448 978 immo

319 1009 348 1072 si
373 1027 539 1091 praesens
562 1016 628 1080 est,
649 1014 685 1069 et
710 1015 793 1070 tunc
816 1008 1017 1070 recordatur
1035 1006 1116 1081 odii,
1137 1005 1174 1070 fit
1196 1007 1448 1090 inconspicuas.

320 1108 380 1168 [3.]
414 1102 471 1166 Ex
505 1101 559 1166 his
585 1102 703 1184 paucis
725 1099 887 1166 constare
909 1111 1039 1185 potest,
1064 1103 1156 1166 unde
1178 1104 1385 1184 praesentia,
1409 1112 1447 1169 et

320 1198 411 1262 unde
434 1194 632 1280 conjunctio
654 1198 689 1261 in
712 1197 880 1277 spirituali
905 1198 1052 1277 mundo;
1084 1198 1176 1282 quod
1201 1218 1325 1281 nempe
1348 1219 1446 1282 prae·

318 1297 432 1360 sentia
454 1297 500 1360 sit
524 1317 570 1359 ex
594 1294 835 1358 recordatione
854 1294 996 1359 alterius
1019 1315 1096 1376 cum
1119 1295 1290 1359 desiderio
1308 1296 1447 1361 videndi

318 1388 425 1466 illum,
446 1400 482 1456 et
506 1391 598 1474 quod
618 1386 814 1471 conjunctio
832 1391 876 1454 sit
899 1411 945 1453 ex
968 1388 1149 1455 affectione
1168 1412 1255 1474 quae
1274 1400 1328 1455 est
1350 1412 1446 1456 amo·

318 1486 374 1550 ris.
420 1485 538 1551 Simile
554 1495 608 1551 est
623 1505 702 1549 cum
719 1488 877 1550 omnibus
890 1507 978 1570 quae
993 1488 1027 1550 in
1044 1497 1162 1550 mente
1178 1487 1329 1551 humana
1345 1498 1447 1568 sunt;

319 1582 354 1644 in
383 1582 443 1647 illa
466 1593 548 1647 sunt
571 1583 761 1657 innumera,
786 1593 821 1646 et
845 1583 982 1664 singula
1004 1583 1050 1646 ibi
1073 1583 1274 1648 consociata
1297 1595 1333 1648 et
1364 1603 1446 1648 con-

316 1675 434 1759 juntta
453 1691 533 1745 sunt
554 1679 742 1743 secundum
761 1678 969 1756 affectiones,
990 1690 1050 1745 aut
1072 1681 1163 1745 sicut
1185 1701 1251 1744 una
1274 1702 1328 1746 res
1351 1689 1447 1746 amat

319 1776 476 1838 alteram.
527 1789 585 1852 [4.]
619 1773 717 1839 Haec
737 1773 932 1857 conjunctio
953 1786 1008 1840 est
1032 1773 1230 1859 conjundiio
1249 1778 1446 1861 spiritualis,

319 1892 407 1955 quae
438 1873 501 1936 sibi
532 1870 653 1936 similis
683 1880 737 1935 est
771 1872 805 1934 in
836 1871 1075 1935 communibus
1108 1881 1144 1935 et
1175 1873 1447 1956 particularibus.

319 1965 510 2049 Spiritualis
529 1966 615 2031 haec
631 1964 828 2049 conjunctio
843 1968 1011 2049 originem
1027 1968 1122 2032 ducit
1141 1988 1187 2032 ex
1207 1966 1447 2051 conjundtione

321 2061 460 2126 Domini
481 2081 558 2126 cum
578 2063 707 2126 mundo
726 2063 905 2144 spirituali,
926 2072 962 2126 et
985 2082 1063 2126 cum
1083 2064 1213 2127 mundo
1232 2064 1392 2139 naturali,
1411 2065 1446 2128 in

319 2159 494 2222 communi
514 2167 549 2221 et
569 2158 602 2220 in
623 2157 829 2240 particulari.
876 2157 933 2220 Ex
952 2159 1074 2241 quibus
1097 2169 1207 2240 patet,
1228 2161 1319 2242 quod
1339 2180 1446 2242 quan·

319 2263 393 2318 tum
413 2255 487 2336 quis
503 2253 684 2334 cognoscit
705 2253 902 2326 Dominum,
920 2263 956 2318 et
975 2275 1021 2316 ex
1040 2255 1298 2336 cognitionibus
1313 2256 1446 2338 cogitat

319 2349 363 2412 de
388 2349 479 2431 Ipso,
500 2358 637 2413 tantum
657 2347 825 2411 Dominus
844 2366 1008 2429 praesens
1030 2350 1096 2428 sit;
1125 2359 1161 2414 et
1185 2359 1352 2433 quantum
1371 2351 1446 2433 quis

320 2447 480 2528 agnoscit
500 2444 618 2528 Ipsum
635 2463 681 2506 ex
700 2440 881 2508 affectione
900 2446 1036 2520 amoris,
1054 2455 1194 2510 tantum
1211 2445 1380 2508 Dominus
1398 2446 1447 2512 illi

319 2539 522 2621 conjunctus
544 2541 609 2602 sit:
638 2558 677 2604 ac
700 2540 862 2614 vicissim,
882 2541 973 2623 quod
993 2551 1159 2625 quantum
1178 2542 1253 2624 quis
1272 2561 1342 2604 non
1361 2562 1445 2624 cog·

319 2638 433 2700 noscit
457 2637 654 2710 Dominum,
679 2645 818 2700 tantum
843 2635 1012 2699 Dominus
1035 2637 1161 2700 absens
1189 2637 1255 2714 sit;
1286 2647 1322 2701 et
1354 2640 1445 2721 quod

319 2743 486 2816 quantum
516 2733 591 2815 quis
618 2742 727 2813 negat
759 2731 887 2814 Ipsum,
916 2741 1054 2796 tantum
1084 2729 1258 2814 sejunctus
1286 2735 1342 2797 sit.
1388 2739 1445 2802 [0.]

320 2823 524 2907 Conjundtio
541 2826 634 2901 iacit,
655 2835 692 2890 ut
712 2825 882 2890 Dominus
900 2836 1016 2891 vertat
1034 2826 1156 2890 faciem
1180 2826 1250 2909 ejus
1269 2828 1312 2890 ad
1337 2827 1392 2903 Se,
1412 2835 1448 2892 et

319 2933 402 2988 tunc
426 2922 530 2985 ducat
553 2921 671 3000 illum;
701 2931 738 2985 et
765 2919 932 3003 sejunctio
957 2921 1049 2998 lacit,
1070 2934 1108 2987 ut
1136 2922 1303 2987 infernum
1330 2934 1446 2988 vertat

319 3017 442 3082 faciem
466 3015 538 3098 ejus
560 3016 606 3079 ad
628 3037 677 3092 se,
701 3036 743 3080 ac
767 3017 874 3080 ducat
897 3017 1004 3080 illum.
1050 3016 1165 3099 Quare
1188 3038 1309 3081 omnes
1331 3019 1446 3102 angeli

319 3113 408 3178 caeli
426 3121 566 3176 vertunt
583 3132 662 3176 suas
677 3111 783 3176 sacies
798 3114 842 3175 ad
862 3113 1049 3176 Dominum
1068 3123 1106 3177 ut
1126 3112 1253 3190 Solem,
1271 3125 1307 3179 et
1326 3135 1447 3179 omnes

319 3211 457 3292 spiritus
486 3208 606 3273 inferni
635 3218 799 3272 avertunt
829 3229 908 3272 suas
931 3209 1037 3272 iacies
1060 3229 1080 3272 a
1107 3208 1267 3273 Domino.
1313 3210 1370 3273 Ex
1394 3211 1446 3274 his

319 3314 430 3387 patet,
456 3304 536 3388 quid
567 3313 731 3386 operatur
754 3305 889 3386 agnitio
920 3304 996 3378 Dei,
1020 3312 1055 3368 et
1084 3305 1167 3387 quid
1198 3307 1339 3388 negatio
1370 3306 1445 3370 Dei.

320 3400 368 3463 Et
391 3400 450 3475 illi,
474 3400 531 3482 qui
555 3409 686 3481 negant
710 3399 823 3463 Deum
845 3401 879 3463 in
902 3400 1042 3474 mundo,
1063 3412 1196 3482 negant
1226 3401 1342 3484 lpsum
1366 3409 1446 3484 post

320 3508 488 3574 mortem;
513 3505 549 3558 et
569 3494 654 3560 fiunt
678 3495 872 3577 organizati
890 3496 1079 3559 secundum
1098 3497 1367 3579 descriptionem
1390 3517 1445 3560 su·

321 3612 382 3673 pra
407 3590 454 3672 (n.
482 3591 578 3672 319):
603 3601 639 3654 et
663 3591 879 3673 organizatio
898 3588 1038 3654 inducia
1060 3592 1094 3654 in
1118 3594 1247 3655 mundo
1266 3602 1446 3675 permanet

319 3688 353 3750 in
393 3698 583 3751 aeternum.
636 3693 693 3753 [6.]
737 3684 951 3750 Secundum:
992 3685 1091 3764 Quod
1118 3686 1258 3770 quisque
1288 3697 1449 3770 agnoscar

319 3781 436 3856 Deum,
461 3791 494 3845 et
518 3781 740 3865 conjicngatur
765 3781 843 3866 Ipsi
861 3781 1039 3845 secundum
1061 3781 1180 3844 bonum
1206 3782 1296 3846 vitae
1316 3803 1447 3846 suae.—

320 3875 540 3958 Cognoscere
562 3876 672 3939 Deum
692 3887 836 3959 possunt
853 3897 974 3940 omnes
994 3876 1050 3959 qui
1069 3877 1197 3959 aliquid
1216 3899 1261 3941 ex
1281 3877 1446 3961 religione

319 3973 454 4050 sciunt;
479 3981 624 4055 possunt
644 3992 779 4055 quoque
798 3993 844 4035 ex
863 3973 1010 4035 scientia
1028 3993 1088 4035 seu
1107 3975 1273 4036 memoria
1293 3973 1386 4057 loqui
1402 3974 1446 4039 de

320 4066 419 4145 Deo;
443 4079 478 4131 et
502 4067 606 4151 aliqui
625 4067 731 4130 etiarn
750 4088 796 4132 ex
816 4064 998 4130 intellectu
1016 4069 1172 4149 cogitare
1195 4069 1239 4132 de
1263 4068 1360 4146 Deo;
1384 4068 1446 4133 sed

319 4162 398 4237 hoc,
415 4163 444 4226 si
461 4182 531 4226 non
551 4164 640 4225 bene
656 4163 753 4236 vivit,
772 4183 840 4225 non
860 4162 951 4226 aliud
969 4162 1053 4227 lacit
1072 4183 1175 4246 quam
1191 4166 1445 4246 praesentiam3

318 4267 438 4343 potest
460 4259 552 4321 enim
576 4257 796 4322 nihilominus
819 4267 976 4322 avertere
999 4278 1037 4322 se
1067 4259 1112 4321 ab
1136 4257 1229 4340 Ipso,
1249 4269 1286 4324 et
1309 4269 1445 4325 vertere

318 4374 356 4418 se
386 4352 430 4416 ad
460 4353 639 4427 infernum,
657 4352 748 4436 quod
780 4350 818 4416 fit
852 4354 880 4416 si
914 4351 1004 4417 male
1030 4354 1128 4417 vivit.
1173 4351 1225 4419 At
1255 4375 1445 4437 agnoscere

320 4447 432 4512 Deum
452 4448 566 4522 corde,
584 4466 653 4510 non
674 4457 819 4530 possunt
838 4447 895 4511 alii
914 4467 1015 4530 quam
1035 4449 1091 4531 qui
1109 4447 1199 4512 bene
1214 4449 1356 4528 vivunt;
1379 4449 1444 4514 hos

320 4543 489 4606 Dominus
506 4543 694 4606 secundum
712 4543 839 4606 bonum
856 4543 949 4605 vitae
965 4563 1083 4606 eorum
1099 4543 1225 4607 avertit
1240 4546 1284 4607 ab
1300 4546 1441 4622 inferno,

319 4648 355 4702 et
380 4640 484 4701 vertit
515 4639 558 4701 ad
588 4636 642 4702 Se.
688 4637 798 4702 Causa
821 4648 887 4713 est,
911 4639 989 4721 quia
1018 4638 1051 4701 hi
1082 4639 1145 4702 soli
1168 4649 1287 4702 amant
1312 4641 1442 4720 Deum;
