3418 5368
445 587 498 638 mc
521 587 660 640 murm
682 587 1040 642 snoudunam-u.
1059 573 1190 662 277[a].
1319 593 1387 662 219

245 781 329 824 cum
345 761 541 825 discrimine
556 759 648 845 quod
668 773 788 846 posset
803 765 960 846 cogitare
979 766 1013 830 id
1032 767 1126 850 quod
1141 789 1287 854 corpore
1303 789 1385 835 sen·

245 860 306 934 tit,
321 869 357 920 et
374 857 593 922 rationaliter
604 858 801 922 discernere
818 880 922 923 unum
941 862 986 924 ab
1000 862 1124 940 altero,
1139 874 1175 929 et
1190 866 1283 949 quod
1300 885 1383 950 pos·

245 965 305 1018 set
317 957 450 1028 instrui,
465 976 504 1019 ac
521 953 593 1018 fieri
611 954 723 1018 civilis
738 964 775 1019 et
792 955 931 1020 moralis
944 957 1060 1034 homo,
1074 969 1109 1023 et
1126 963 1270 1026 tandem
1285 964 1383 1048 spiri-

250 1051 365 1115 tualis.
411 1050 512 1127 Nam,
539 1061 576 1114 ut
607 1047 735 1114 dictum
766 1062 833 1126 est,
858 1062 912 1115 est
942 1051 1073 1118 homini
1105 1056 1297 1139 spirituale,
1321 1079 1384 1142 per

244 1149 342 1230 quod
365 1149 591 1230 distinguitur
620 1168 640 1211 a
672 1145 774 1210 bruto
786 1147 946 1224 animali;
977 1169 1038 1231 per
1062 1149 1146 1214 illud
1176 1153 1268 1218 enim
1294 1156 1382 1220 scire

244 1254 381 1324 potest,
401 1246 482 1326 quid
502 1245 631 1307 malum
656 1257 692 1306 et
716 1241 843 1306 bonum
864 1242 974 1318 civile,
998 1256 1071 1309 tum
1090 1246 1171 1330 quid
1191 1248 1319 1312 malum
1344 1259 1380 1316 et

249 1341 378 1403 bonum
398 1341 540 1416 morale,
560 1351 597 1405 et
620 1361 767 1424 quoque,
785 1343 813 1404 si
832 1341 919 1416 vult,
941 1342 1023 1424 quid
1043 1342 1171 1406 malum
1191 1353 1228 1406 et
1251 1343 1379 1409 bonum

244 1437 437 1516 spirituale.
482 1434 631 1519 Quando
655 1457 752 1499 amor
776 1437 925 1519 proximi
949 1457 1067 1500 versus
1090 1448 1145 1501 est
1168 1439 1203 1502 in
1226 1459 1379 1504 amorem

245 1535 311 1604 sui,
332 1533 438 1596 homo
456 1553 526 1597 non
545 1532 694 1615 amplius
712 1533 827 1614 potuit
846 1533 881 1595 in
902 1530 1014 1597 lucem
1030 1533 1196 1599 scientiae
1215 1546 1251 1599 et
1276 1535 1379 1600 intel·

244 1627 414 1709 ligentiac
430 1631 536 1704 nasci,
553 1630 665 1692 sedin
685 1626 870 1710 caliginem
884 1629 1113 1710 ignorantiae,
1130 1631 1210 1712 quia
1225 1631 1259 1694 iu
1276 1630 1379 1714 plane

246 1726 409 1789 ultimum
439 1729 543 1802 vitae,
563 1727 655 1809 quod
683 1736 829 1789 vocatur
851 1726 1010 1789 sensuale
1034 1745 1250 1809 corporeum,
1274 1739 1311 1793 et
1334 1729 1379 1794 ab

243 1821 309 1885 illo
336 1823 370 1884 in
396 1823 560 1885 interiora
579 1824 706 1885 mentis
726 1819 894 1884 naturalis
919 1841 980 1904 per
1000 1819 1245 1886 instrudtiones
1269 1825 1377 1888 intro·

242 1917 338 1991 duci,
359 1938 493 1999 semper
524 1921 717 1981 comitante
736 1917 913 2000 spirituali.
960 1915 1073 1980 Causa
1099 1919 1192 2000 quod
1217 1931 1379 1986 nascatur

242 2014 282 2076 in
314 2012 468 2076 ultimum
497 2015 601 2087 vitae,
622 2014 713 2095 quod
744 2023 890 2076 vocatur
912 2012 1072 2076 sensuale
1103 2032 1318 2096 corporeum,
1343 2030 1379 2081 et

248 2111 328 2173 ideo
358 2109 392 2172 in
422 2110 605 2191 caliginem
630 2110 861 2191 ignorantiae,
886 2108 1058 2172 videbitur
1084 2110 1118 2172 in
1142 2111 1376 2193 sequentibus.

249 2211 307 2272 [2.]
339 2203 442 2286 Quod
458 2225 556 2268 amor
571 2206 720 2288 proximi
736 2215 772 2268 et
791 2225 889 2268 amor
904 2207 955 2268 sui
971 2207 1042 2269 sint
1059 2195 1195 2270 amores
1211 2208 1376 2289 oppositi,

241 2303 391 2384 quisque
409 2311 529 2384 potest
547 2301 687 2380 videre;
715 2321 811 2364 amor
834 2302 927 2364 enim
947 2303 1097 2382 proximi
1117 2301 1192 2364 vult
1216 2301 1376 2367 omnibus

249 2397 338 2460 bene
356 2418 376 2460 a
396 2418 443 2471 se,
461 2417 556 2460 amor
572 2406 689 2460 autem
706 2398 756 2459 sui
773 2395 847 2459 vult
866 2397 930 2458 sibi
948 2395 1012 2459 soli
1029 2397 1116 2460 bene
1133 2396 1178 2460 ab
1193 2398 1353 2460 omnibus
1368 2419 1376 2476 ;

241 2513 345 2555 amor
367 2493 517 2574 proximi
539 2492 615 2556 vult
637 2493 765 2555 servire
789 2492 960 2564 omnibus,
985 2503 1020 2555 et
1045 2511 1143 2555 amor
1165 2493 1216 2556 sui
1238 2491 1313 2556 vult
1339 2505 1377 2558 ut

240 2607 369 2651 omnes
387 2589 451 2652 sibi
471 2590 642 2666 serviant;
666 2607 763 2651 amor
778 2588 926 2669 proximi
944 2584 1079 2669 spedtat
1097 2607 1217 2651 omnes
1237 2597 1276 2652 ut
1294 2609 1377 2654 suos

240 2683 368 2746 tratres
386 2693 423 2749 et
446 2685 587 2760 amicos,
607 2704 705 2748 amor
722 2685 772 2747 sui
796 2694 911 2747 autem
933 2681 1067 2765 spedtat
1087 2703 1209 2748 omnes
1232 2693 1271 2748 ut
1294 2705 1376 2751 suos

239 2778 404 2855 famulos,
428 2789 465 2843 et
492 2780 519 2843 si
550 2799 620 2842 non
643 2779 863 2855 famulantur,
884 2790 921 2843 ut
955 2800 1036 2843 suos
1059 2780 1237 2860 inimicos;
1267 2780 1376 2846 verbo

239 2872 383 2957 spedtat
401 2897 439 2940 se
458 2875 582 2950 solum,
598 2884 635 2938 et
654 2874 740 2938 alios
759 2875 818 2938 vix
839 2884 876 2938 ut
895 2874 1064 2952 homines,
1081 2895 1167 2959 quos
1185 2875 1291 2940 corde
1311 2877 1375 2941 mi·

241 2991 310 3034 nus
325 2973 488 3035 aestimat
505 2990 607 3054 quam
624 2991 704 3034 suos
723 2992 830 3054 equos
849 2980 885 3034 et
902 2990 1007 3034 canes
1022 2993 1030 3048 ;
1054 2980 1090 3035 et
1110 2971 1189 3053 quia
1203 2970 1283 3036 illos
1301 2982 1375 3038 tam

239 3066 331 3130 viles
350 3065 496 3148 spectat,
517 3069 622 3130 etiam
643 3066 737 3130 nihili
761 3066 842 3130 l'acit
864 3065 931 3129 illis
955 3066 1170 3142 malefacere,
1190 3067 1271 3132 inde
1294 3067 1375 3134 odia

238 3173 281 3226 et
301 3160 484 3238 vindictae,
504 3163 674 3226 adulteria
697 3171 734 3225 et
757 3162 1001 3236 scortationes,
1021 3161 1112 3225 furta
1133 3171 1169 3226 et
1191 3162 1372 3227 defrauda-

244 3261 369 3335 tiones,
390 3259 572 3322 mendacia
590 3269 626 3321 et
651 3257 980 3339 blasphemationes,
1002 3257 1169 3321 saevitiae
1191 3268 1228 3322 et
1251 3259 1372 3324 crude·

239 3354 374 3430 litates,
391 3365 428 3418 et
444 3353 568 3416 similia
584 3353 660 3416 alia.
707 3351 805 3416 Haec
822 3363 903 3415 sunt
919 3351 1022 3427 mala,
1039 3352 1072 3415 in
1092 3353 1214 3435 quibus
1229 3352 1336 3418 homo
1353 3375 1374 3418 a

239 3451 429 3514 nativitate
445 3459 510 3515 est.
555 3447 656 3530 Quod
677 3448 736 3511 illa
755 3450 1003 3530 permittantur
1022 3458 1164 3530 propter
1182 3447 1297 3524 finem,
1316 3449 1374 3531 qui

237 3555 298 3610 est
317 3545 478 3621 salvatio,
497 3545 532 3609 in
555 3545 620 3609 hoc
644 3545 764 3608 ordine
783 3543 1095 3607 demonstrandum
1118 3553 1173 3608 est
1186 3565 1238 3606 :—

426 3680 470 3748 (i.)
497 3680 583 3752 Quod
597 3683 692 3733 amnis
707 3679 791 3732 homa
810 3682 842 3731 e'n
862 3678 938 3732 mala
956 3681 1004 3739 sit,
1021 3683 1048 3730 et
1065 3678 1145 3747 quod
1158 3679 1340 3732 abducendus
1354 3695 1373 3732 a

563 3751 641 3806 mala
652 3757 687 3804 ut
698 3751 885 3821 reformetur.

416 3824 470 3891 (ii.)
497 3823 583 3894 Quod
590 3822 670 3876 mala
683 3838 739 3874 non
747 3825 862 3891 possint
876 3823 1023 3875 removeri
1032 3823 1095 3873 nisi
1105 3824 1280 3890 appareant.

404 3894 467 3962 (iii.)
495 3894 580 3966 Quod
586 3899 731 3964 quantum
741 3892 822 3945 mala
835 3898 1028 3954 removentur,
1043 3899 1159 3944 tantum
1172 3894 1373 3946 remittantur.

403 3967 465 4034 (iv.)
493 3965 578 4036 Quod
586 3968 630 4018 sic
635 3967 794 4035 permissio
806 3965 882 4016 male¹
890 3966 931 4017 sit
939 3967 1065 4034 propter
1070 3963 1162 4032 finem
1174 3968 1208 4014 ut
1219 3963 1355 4016 salvatio.

299 4109 454 4196 ²77[a].
490 4109 541 4194 (i.)
574 4106 674 4189 Quod
696 4105 805 4174 amnis
831 4105 926 4172 horno
958 4105 994 4171 in
1020 4105 1108 4172 malo
1131 4104 1190 4184 sit,
1212 4115 1246 4171 et
1278 4102 1371 4188 quod

227 4206 445 4273 abducendus
471 4227 493 4269 a
516 4203 605 4269 mala
636 4213 675 4268 ret
704 4199 1066 4285 reformatum-Quod
1098 4201 1205 4266 cuivis
1234 4199 1366 4265 homini

229 4302 282 4367 sit
306 4300 433 4364 malum
457 4299 702 4364 hereditarium
725 4308 762 4364 et
785 4297 877 4381 quod
901 4297 1006 4362 homo
1029 4319 1075 4362 ex
1098 4295 1159 4361 illo
1181 4296 1216 4360 in
1238 4316 1366 4361 concu-

234 4397 407 4481 piscentia
427 4395 573 4479 plurium
593 4394 762 4460 malorum
785 4394 843 4468 sit,
863 4402 987 4457 uotum
1005 4402 1060 4458 est
1082 4393 1117 4456 in
1136 4390 1306 4474 ecclesia;
1330 4401 1367 4457 et

229 4491 317 4556 inde
340 4500 406 4566 est,
430 4490 522 4575 quod
546 4490 652 4555 homo
670 4509 747 4554 ase
770 4507 840 4552 non
863 4489 976 4571 possit
997 4486 1127 4552 bonum
1149 4486 1273 4566 lacere,
1294 4507 1366 4556 ma·

230 4585 309 4652 ,lum
325 4585 417 4652 enim
436 4605 506 4653 non
528 4585 610 4652 lacit
633 4585 774 4665 bonum,
794 4583 860 4649 nisi
882 4583 955 4650 tale
976 4583 1012 4649 in
1035 4602 1103 4670 quo
1125 4582 1220 4651 intus
1239 4585 1372 4659 malum
