<?xml version="1.0" encoding="UTF-8"?>
<!DOCTYPE html PUBLIC "-//W3C//DTD XHTML 1.0 Transitional//EN"
    "http://www.w3.org/TR/xhtml1/DTD/xhtml1-transitional.dtd">
<html xmlns="http://www.w3.org/1999/xhtml" xml:lang="en" lang="en">
 <head>
  <title>
</title>
<meta http-equiv="Content-Type" content="text/html;charset=utf-8" />
  <meta name='ocr-system' content='tesseract 3.04.00' />
  <meta name='ocr-capabilities' content='ocr_page ocr_carea ocr_par ocr_line ocrx_word'/>
</head>
<body>
  <div class='ocr_page' id='page_1' title='image "./sapientaangelic01swedgoog_0139.png"; bbox 0 0 3352 5374; ppageno 0'>
   <div class='ocr_carea' id='block_1_1' title="bbox 324 623 1098 697">
    <p class='ocr_par' dir='ltr' id='par_1_1' title="bbox 324 623 1098 697">
     <span class='ocr_line' id='line_1_1' title="bbox 324 623 1098 697; baseline -0.001 -18"><span class='ocrx_word' id='word_1_1' title='bbox 324 629 387 697; x_wconf 82' lang='lat'>124</span> <span class='ocrx_word' id='word_1_2' title='bbox 671 623 876 680; x_wconf 66' lang='lat' dir='ltr'>sumum</span> <span class='ocrx_word' id='word_1_3' title='bbox 899 623 1098 679; x_wconf 75' lang='lat' dir='ltr'>ANGELICA</span> 
     </span>
    </p>
   </div>
   <div class='ocr_carea' id='block_1_2' title="bbox 304 795 1446 4518">
    <p class='ocr_par' dir='ltr' id='par_1_2' title="bbox 311 795 1446 3179">
     <span class='ocr_line' id='line_1_2' title="bbox 319 795 1446 882; baseline 0.003 -18"><span class='ocrx_word' id='word_1_4' title='bbox 319 797 413 866; x_wconf 85' lang='lat' dir='ltr'>solus</span> <span class='ocrx_word' id='word_1_5' title='bbox 428 799 524 864; x_wconf 87' lang='lat' dir='ltr'>Deus</span> <span class='ocrx_word' id='word_1_6' title='bbox 546 805 600 864; x_wconf 89' lang='lat' dir='ltr'>est</span> <span class='ocrx_word' id='word_1_7' title='bbox 617 795 821 864; x_wconf 82' lang='lat' dir='ltr'>Substantia</span> <span class='ocrx_word' id='word_1_8' title='bbox 838 797 873 862; x_wconf 92' lang='lat' dir='ltr'>in</span> <span class='ocrx_word' id='word_1_9' title='bbox 892 819 940 876; x_wconf 90' lang='lat' dir='ltr'>se,</span> <span class='ocrx_word' id='word_1_10' title='bbox 961 807 996 864; x_wconf 89' lang='lat' dir='ltr'>et</span> <span class='ocrx_word' id='word_1_11' title='bbox 1016 798 1095 863; x_wconf 90' lang='lat' dir='ltr'>inde</span> <span class='ocrx_word' id='word_1_12' title='bbox 1114 800 1225 882; x_wconf 84' lang='lat' dir='ltr'>ipsum</span> <span class='ocrx_word' id='word_1_13' title='bbox 1244 800 1341 878; x_wconf 88' lang='lat' dir='ltr'>Esse,</span> <span class='ocrx_word' id='word_1_14' title='bbox 1360 822 1446 867; x_wconf 90' lang='lat' dir='ltr'>con·</span> 
     </span>
     <span class='ocr_line' id='line_1_3' title="bbox 319 893 1445 979; baseline 0.005 -21"><span class='ocrx_word' id='word_1_15' title='bbox 319 903 391 960; x_wconf 85' lang='lat' dir='ltr'>stat</span> <span class='ocrx_word' id='word_1_16' title='bbox 407 894 500 979; x_wconf 91' lang='lat' dir='ltr'>quod</span> <span class='ocrx_word' id='word_1_17' title='bbox 517 914 586 960; x_wconf 91' lang='lat' dir='ltr'>non</span> <span class='ocrx_word' id='word_1_18' title='bbox 602 893 740 959; x_wconf 87' lang='lat' dir='ltr'>aliunde</span> <span class='ocrx_word' id='word_1_19' title='bbox 756 895 800 958; x_wconf 91' lang='lat' dir='ltr'>sit</span> <span class='ocrx_word' id='word_1_20' title='bbox 817 893 1007 964; x_wconf 80' lang='lat' dir='ltr'>existentia</span> <span class='ocrx_word' id='word_1_21' title='bbox 1022 913 1144 958; x_wconf 90' lang='lat' dir='ltr'>rerum.</span> <span class='ocrx_word' id='word_1_22' title='bbox 1190 893 1268 961; x_wconf 86' lang='lat' dir='ltr'>Hoc</span> <span class='ocrx_word' id='word_1_23' title='bbox 1284 898 1445 966; x_wconf 88' lang='lat' dir='ltr'>viderunt</span> 
     </span>
     <span class='ocr_line' id='line_1_4' title="bbox 318 989 1441 1075; baseline 0.004 -21"><span class='ocrx_word' id='word_1_24' title='bbox 318 990 443 1075; x_wconf 87' lang='lat' dir='ltr'>plures,</span> <span class='ocrx_word' id='word_1_25' title='bbox 458 991 536 1074; x_wconf 89' lang='lat' dir='ltr'>quia</span> <span class='ocrx_word' id='word_1_26' title='bbox 551 991 640 1056; x_wconf 90' lang='lat' dir='ltr'>ratio</span> <span class='ocrx_word' id='word_1_27' title='bbox 652 990 715 1054; x_wconf 93' lang='lat' dir='ltr'>dat</span> <span class='ocrx_word' id='word_1_28' title='bbox 730 991 848 1054; x_wconf 87' lang='lat' dir='ltr'>videre</span> <span class='ocrx_word' id='word_1_29' title='bbox 863 1010 871 1068; x_wconf 89' lang='lat'>;</span> <span class='ocrx_word' id='word_1_30' title='bbox 894 989 956 1054; x_wconf 89' lang='lat' dir='ltr'>sed</span> <span class='ocrx_word' id='word_1_31' title='bbox 970 1009 1039 1054; x_wconf 90' lang='lat' dir='ltr'>non</span> <span class='ocrx_word' id='word_1_32' title='bbox 1052 991 1124 1054; x_wconf 91' lang='lat' dir='ltr'>ausi</span> <span class='ocrx_word' id='word_1_33' title='bbox 1135 999 1216 1055; x_wconf 88' lang='lat' dir='ltr'>sunt</span> <span class='ocrx_word' id='word_1_34' title='bbox 1229 991 1441 1070; x_wconf 89' lang='lat' dir='ltr'>confirmare,</span> 
     </span>
     <span class='ocr_line' id='line_1_5' title="bbox 318 1084 1443 1171; baseline 0.001 -20"><span class='ocrx_word' id='word_1_35' title='bbox 318 1085 483 1151; x_wconf 88' lang='lat' dir='ltr'>timentes</span> <span class='ocrx_word' id='word_1_36' title='bbox 506 1085 597 1169; x_wconf 90' lang='lat' dir='ltr'>quod</span> <span class='ocrx_word' id='word_1_37' title='bbox 622 1087 671 1150; x_wconf 88' lang='lat' dir='ltr'>sic</span> <span class='ocrx_word' id='word_1_38' title='bbox 701 1086 735 1149; x_wconf 90' lang='lat' dir='ltr'>in</span> <span class='ocrx_word' id='word_1_39' title='bbox 762 1084 1014 1167; x_wconf 85' lang='lat' dir='ltr'>cogitationem</span> <span class='ocrx_word' id='word_1_40' title='bbox 1044 1085 1133 1149; x_wconf 87' lang='lat' dir='ltr'>sorte</span> <span class='ocrx_word' id='word_1_41' title='bbox 1160 1088 1330 1162; x_wconf 88' lang='lat' dir='ltr'>venirent,</span> <span class='ocrx_word' id='word_1_42' title='bbox 1351 1089 1443 1171; x_wconf 90' lang='lat' dir='ltr'>quod</span> 
     </span>
     <span class='ocr_line' id='line_1_6' title="bbox 317 1178 1443 1264; baseline 0.004 -20"><span class='ocrx_word' id='word_1_43' title='bbox 317 1181 513 1246; x_wconf 90' lang='lat' dir='ltr'>universum</span> <span class='ocrx_word' id='word_1_44' title='bbox 532 1189 688 1246; x_wconf 90' lang='lat' dir='ltr'>creatum</span> <span class='ocrx_word' id='word_1_45' title='bbox 707 1182 752 1245; x_wconf 89' lang='lat' dir='ltr'>sit</span> <span class='ocrx_word' id='word_1_46' title='bbox 772 1179 866 1244; x_wconf 90' lang='lat' dir='ltr'>Deus</span> <span class='ocrx_word' id='word_1_47' title='bbox 885 1181 964 1263; x_wconf 90' lang='lat' dir='ltr'>quia</span> <span class='ocrx_word' id='word_1_48' title='bbox 986 1201 1006 1243; x_wconf 90' lang='lat' dir='ltr'>a</span> <span class='ocrx_word' id='word_1_49' title='bbox 1025 1178 1112 1256; x_wconf 90' lang='lat' dir='ltr'>Deo,</span> <span class='ocrx_word' id='word_1_50' title='bbox 1133 1180 1188 1244; x_wconf 92' lang='lat' dir='ltr'>vel</span> <span class='ocrx_word' id='word_1_51' title='bbox 1208 1183 1298 1264; x_wconf 93' lang='lat' dir='ltr'>quod</span> <span class='ocrx_word' id='word_1_52' title='bbox 1318 1195 1443 1248; x_wconf 92' lang='lat' dir='ltr'>natura</span> 
     </span>
     <span class='ocr_line' id='line_1_7' title="bbox 316 1274 1440 1360; baseline 0.002 -18"><span class='ocrx_word' id='word_1_53' title='bbox 316 1279 363 1342; x_wconf 89' lang='lat' dir='ltr'>sit</span> <span class='ocrx_word' id='word_1_54' title='bbox 378 1298 425 1343; x_wconf 86' lang='lat' dir='ltr'>ex</span> <span class='ocrx_word' id='word_1_55' title='bbox 445 1298 492 1356; x_wconf 88' lang='lat' dir='ltr'>se,</span> <span class='ocrx_word' id='word_1_56' title='bbox 509 1285 546 1343; x_wconf 91' lang='lat' dir='ltr'>et</span> <span class='ocrx_word' id='word_1_57' title='bbox 565 1278 614 1342; x_wconf 88' lang='lat' dir='ltr'>sic</span> <span class='ocrx_word' id='word_1_58' title='bbox 633 1276 724 1360; x_wconf 90' lang='lat' dir='ltr'>quod</span> <span class='ocrx_word' id='word_1_59' title='bbox 740 1276 899 1340; x_wconf 89' lang='lat' dir='ltr'>intimum</span> <span class='ocrx_word' id='word_1_60' title='bbox 916 1274 987 1357; x_wconf 88' lang='lat' dir='ltr'>ejus</span> <span class='ocrx_word' id='word_1_61' title='bbox 1007 1277 1051 1339; x_wconf 92' lang='lat' dir='ltr'>sit</span> <span class='ocrx_word' id='word_1_62' title='bbox 1068 1276 1159 1359; x_wconf 93' lang='lat' dir='ltr'>quod</span> <span class='ocrx_word' id='word_1_63' title='bbox 1176 1288 1320 1342; x_wconf 89' lang='lat' dir='ltr'>vocatur</span> <span class='ocrx_word' id='word_1_64' title='bbox 1336 1279 1440 1344; x_wconf 91' lang='lat' dir='ltr'>Deus.</span> 
     </span>
     <span class='ocr_line' id='line_1_8' title="bbox 317 1371 1440 1457; baseline 0.002 -21"><span class='ocrx_word' id='word_1_65' title='bbox 317 1373 403 1438; x_wconf 92' lang='lat' dir='ltr'>Inde</span> <span class='ocrx_word' id='word_1_66' title='bbox 422 1383 488 1450; x_wconf 87' lang='lat' dir='ltr'>est,</span> <span class='ocrx_word' id='word_1_67' title='bbox 508 1373 599 1457; x_wconf 92' lang='lat' dir='ltr'>quod</span> <span class='ocrx_word' id='word_1_68' title='bbox 619 1372 760 1437; x_wconf 87' lang='lat' dir='ltr'>tametsi</span> <span class='ocrx_word' id='word_1_69' title='bbox 780 1371 893 1455; x_wconf 87' lang='lat' dir='ltr'>plures</span> <span class='ocrx_word' id='word_1_70' title='bbox 909 1373 1079 1448; x_wconf 88' lang='lat' dir='ltr'>viderunt,</span> <span class='ocrx_word' id='word_1_71' title='bbox 1096 1374 1187 1455; x_wconf 93' lang='lat' dir='ltr'>quod</span> <span class='ocrx_word' id='word_1_72' title='bbox 1207 1376 1359 1437; x_wconf 91' lang='lat' dir='ltr'>omnium</span> <span class='ocrx_word' id='word_1_73' title='bbox 1378 1397 1440 1438; x_wconf 84' lang='lat' dir='ltr'>ex·</span> 
     </span>
     <span class='ocr_line' id='line_1_9' title="bbox 316 1466 1438 1552; baseline 0.001 -18"><span class='ocrx_word' id='word_1_74' title='bbox 316 1468 458 1534; x_wconf 84' lang='lat' dir='ltr'>istentia</span> <span class='ocrx_word' id='word_1_75' title='bbox 477 1488 547 1534; x_wconf 91' lang='lat' dir='ltr'>non</span> <span class='ocrx_word' id='word_1_76' title='bbox 566 1467 705 1532; x_wconf 90' lang='lat' dir='ltr'>aliunde</span> <span class='ocrx_word' id='word_1_77' title='bbox 723 1469 769 1532; x_wconf 90' lang='lat' dir='ltr'>sit</span> <span class='ocrx_word' id='word_1_78' title='bbox 793 1487 894 1550; x_wconf 90' lang='lat' dir='ltr'>quam</span> <span class='ocrx_word' id='word_1_79' title='bbox 925 1487 945 1530; x_wconf 92' lang='lat' dir='ltr'>a</span> <span class='ocrx_word' id='word_1_80' title='bbox 974 1466 1051 1532; x_wconf 92' lang='lat' dir='ltr'>Deo</span> <span class='ocrx_word' id='word_1_81' title='bbox 1081 1478 1115 1532; x_wconf 91' lang='lat' dir='ltr'>et</span> <span class='ocrx_word' id='word_1_82' title='bbox 1145 1489 1190 1532; x_wconf 90' lang='lat' dir='ltr'>ex</span> <span class='ocrx_word' id='word_1_83' title='bbox 1211 1469 1321 1552; x_wconf 87' lang='lat' dir='ltr'>Ipsius</span> <span class='ocrx_word' id='word_1_84' title='bbox 1341 1470 1438 1546; x_wconf 88' lang='lat' dir='ltr'>Esse,</span> 
     </span>
     <span class='ocr_line' id='line_1_10' title="bbox 316 1563 1439 1646; baseline 0.003 -18"><span class='ocrx_word' id='word_1_85' title='bbox 316 1583 388 1630; x_wconf 91' lang='lat' dir='ltr'>non</span> <span class='ocrx_word' id='word_1_86' title='bbox 410 1574 528 1631; x_wconf 89' lang='lat' dir='ltr'>tamen</span> <span class='ocrx_word' id='word_1_87' title='bbox 551 1563 643 1629; x_wconf 90' lang='lat' dir='ltr'>ultra</span> <span class='ocrx_word' id='word_1_88' title='bbox 666 1565 918 1646; x_wconf 86' lang='lat' dir='ltr'>cogitationem</span> <span class='ocrx_word' id='word_1_89' title='bbox 942 1565 1086 1646; x_wconf 85' lang='lat' dir='ltr'>primam</span> <span class='ocrx_word' id='word_1_90' title='bbox 1110 1564 1154 1628; x_wconf 90' lang='lat' dir='ltr'>de</span> <span class='ocrx_word' id='word_1_91' title='bbox 1183 1586 1226 1629; x_wconf 91' lang='lat' dir='ltr'>eo</span> <span class='ocrx_word' id='word_1_92' title='bbox 1256 1568 1329 1630; x_wconf 85' lang='lat' dir='ltr'>ausi</span> <span class='ocrx_word' id='word_1_93' title='bbox 1359 1577 1439 1631; x_wconf 89' lang='lat' dir='ltr'>sunt</span> 
     </span>
     <span class='ocr_line' id='line_1_11' title="bbox 316 1657 1439 1746; baseline 0 -20"><span class='ocrx_word' id='word_1_94' title='bbox 316 1661 490 1746; x_wconf 82' lang='lat' dir='ltr'>progredi,</span> <span class='ocrx_word' id='word_1_95' title='bbox 514 1680 557 1725; x_wconf 92' lang='lat' dir='ltr'>ne</span> <span class='ocrx_word' id='word_1_96' title='bbox 586 1657 802 1743; x_wconf 70' lang='lat' dir='ltr'>intellectum</span> <span class='ocrx_word' id='word_1_97' title='bbox 834 1677 931 1724; x_wconf 90' lang='lat' dir='ltr'>suum</span> <span class='ocrx_word' id='word_1_98' title='bbox 954 1660 1158 1724; x_wconf 86' lang='lat' dir='ltr'>intricarent</span> <span class='ocrx_word' id='word_1_99' title='bbox 1188 1660 1282 1725; x_wconf 91' lang='lat' dir='ltr'>nodo</span> <span class='ocrx_word' id='word_1_100' title='bbox 1310 1661 1439 1726; x_wconf 89' lang='lat' dir='ltr'>Gordio</span> 
     </span>
     <span class='ocr_line' id='line_1_12' title="bbox 315 1751 1438 1839; baseline 0.001 -19"><span class='ocrx_word' id='word_1_101' title='bbox 315 1756 367 1820; x_wconf 94' lang='lat' dir='ltr'>ita</span> <span class='ocrx_word' id='word_1_102' title='bbox 388 1751 493 1832; x_wconf 74' lang='lat' dir='ltr'>dicto,</span> <span class='ocrx_word' id='word_1_103' title='bbox 513 1775 534 1820; x_wconf 93' lang='lat' dir='ltr'>a</span> <span class='ocrx_word' id='word_1_104' title='bbox 556 1774 624 1839; x_wconf 92' lang='lat' dir='ltr'>quo</span> <span class='ocrx_word' id='word_1_105' title='bbox 647 1755 742 1818; x_wconf 90' lang='lat' dir='ltr'>illum</span> <span class='ocrx_word' id='word_1_106' title='bbox 762 1756 935 1819; x_wconf 88' lang='lat' dir='ltr'>extricare</span> <span class='ocrx_word' id='word_1_107' title='bbox 955 1764 1078 1838; x_wconf 90' lang='lat' dir='ltr'>postea</span> <span class='ocrx_word' id='word_1_108' title='bbox 1098 1757 1290 1839; x_wconf 89' lang='lat' dir='ltr'>nequirent.</span> <span class='ocrx_word' id='word_1_109' title='bbox 1336 1755 1438 1839; x_wconf 88' lang='lat' dir='ltr'>Quod</span> 
     </span>
     <span class='ocr_line' id='line_1_13' title="bbox 314 1848 1435 1934; baseline -0.001 -17"><span class='ocrx_word' id='word_1_110' title='bbox 314 1848 532 1917; x_wconf 74' lang='lat' dir='ltr'>intellectum</span> <span class='ocrx_word' id='word_1_111' title='bbox 556 1853 727 1916; x_wconf 87' lang='lat' dir='ltr'>extricare</span> <span class='ocrx_word' id='word_1_112' title='bbox 751 1851 943 1933; x_wconf 88' lang='lat' dir='ltr'>nequirent,</span> <span class='ocrx_word' id='word_1_113' title='bbox 967 1860 1021 1915; x_wconf 89' lang='lat' dir='ltr'>est</span> <span class='ocrx_word' id='word_1_114' title='bbox 1044 1871 1158 1925; x_wconf 89' lang='lat' dir='ltr'>causa,</span> <span class='ocrx_word' id='word_1_115' title='bbox 1182 1853 1327 1934; x_wconf 91' lang='lat' dir='ltr'>quiade</span> <span class='ocrx_word' id='word_1_116' title='bbox 1350 1852 1435 1928; x_wconf 90' lang='lat' dir='ltr'>Deo,</span> 
     </span>
     <span class='ocr_line' id='line_1_14' title="bbox 314 1944 1437 2030; baseline 0.001 -19"><span class='ocrx_word' id='word_1_117' title='bbox 314 1955 353 2011; x_wconf 92' lang='lat' dir='ltr'>et</span> <span class='ocrx_word' id='word_1_118' title='bbox 375 1946 420 2010; x_wconf 88' lang='lat' dir='ltr'>de</span> <span class='ocrx_word' id='word_1_119' title='bbox 442 1948 617 2011; x_wconf 87' lang='lat' dir='ltr'>creatione</span> <span class='ocrx_word' id='word_1_120' title='bbox 640 1945 801 2012; x_wconf 86' lang='lat' dir='ltr'>Universi</span> <span class='ocrx_word' id='word_1_121' title='bbox 828 1966 848 2009; x_wconf 92' lang='lat' dir='ltr'>a</span> <span class='ocrx_word' id='word_1_122' title='bbox 870 1944 958 2021; x_wconf 90' lang='lat' dir='ltr'>Deo,</span> <span class='ocrx_word' id='word_1_123' title='bbox 979 1947 1178 2028; x_wconf 91' lang='lat' dir='ltr'>cogitarunt</span> <span class='ocrx_word' id='word_1_124' title='bbox 1205 1968 1251 2010; x_wconf 90' lang='lat' dir='ltr'>ex</span> <span class='ocrx_word' id='word_1_125' title='bbox 1280 1956 1437 2030; x_wconf 89' lang='lat' dir='ltr'>ternpore</span> 
     </span>
     <span class='ocr_line' id='line_1_15' title="bbox 314 2041 1435 2126; baseline -0.001 -18"><span class='ocrx_word' id='word_1_126' title='bbox 314 2051 353 2108; x_wconf 93' lang='lat' dir='ltr'>et</span> <span class='ocrx_word' id='word_1_127' title='bbox 382 2041 507 2123; x_wconf 89' lang='lat' dir='ltr'>spatio,</span> <span class='ocrx_word' id='word_1_128' title='bbox 536 2063 624 2124; x_wconf 91' lang='lat' dir='ltr'>quae</span> <span class='ocrx_word' id='word_1_129' title='bbox 650 2043 787 2124; x_wconf 87' lang='lat' dir='ltr'>propria</span> <span class='ocrx_word' id='word_1_130' title='bbox 817 2051 961 2106; x_wconf 91' lang='lat' dir='ltr'>naturae</span> <span class='ocrx_word' id='word_1_131' title='bbox 989 2050 1131 2118; x_wconf 69' lang='lat' dir='ltr'>suntet</span> <span class='ocrx_word' id='word_1_132' title='bbox 1147 2063 1191 2105; x_wconf 84' lang='lat' dir='ltr'>ex</span> <span class='ocrx_word' id='word_1_133' title='bbox 1217 2052 1339 2107; x_wconf 89' lang='lat' dir='ltr'>natura</span> <span class='ocrx_word' id='word_1_134' title='bbox 1360 2063 1435 2126; x_wconf 91' lang='lat' dir='ltr'>per·</span> 
     </span>
     <span class='ocr_line' id='line_1_16' title="bbox 314 2136 1435 2221; baseline -0.001 -19"><span class='ocrx_word' id='word_1_135' title='bbox 314 2139 427 2221; x_wconf 89' lang='lat' dir='ltr'>cipere</span> <span class='ocrx_word' id='word_1_136' title='bbox 456 2136 567 2202; x_wconf 90' lang='lat' dir='ltr'>Deum</span> <span class='ocrx_word' id='word_1_137' title='bbox 601 2147 638 2202; x_wconf 91' lang='lat' dir='ltr'>et</span> <span class='ocrx_word' id='word_1_138' title='bbox 656 2139 867 2202; x_wconf 87' lang='lat' dir='ltr'>creationem</span> <span class='ocrx_word' id='word_1_139' title='bbox 890 2136 1062 2213; x_wconf 89' lang='lat' dir='ltr'>Universi,</span> <span class='ocrx_word' id='word_1_140' title='bbox 1080 2157 1182 2201; x_wconf 91' lang='lat' dir='ltr'>nemo</span> <span class='ocrx_word' id='word_1_141' title='bbox 1202 2146 1343 2220; x_wconf 88' lang='lat' dir='ltr'>potest;</span> <span class='ocrx_word' id='word_1_142' title='bbox 1374 2139 1435 2203; x_wconf 89' lang='lat' dir='ltr'>sed</span> 
     </span>
     <span class='ocr_line' id='line_1_17' title="bbox 314 2231 1435 2318; baseline 0.001 -21"><span class='ocrx_word' id='word_1_143' title='bbox 314 2235 437 2309; x_wconf 89' lang='lat' dir='ltr'>omnis,</span> <span class='ocrx_word' id='word_1_144' title='bbox 459 2233 551 2315; x_wconf 88' lang='lat' dir='ltr'>cujus</span> <span class='ocrx_word' id='word_1_145' title='bbox 569 2231 769 2298; x_wconf 65' lang='lat' dir='ltr'>intellectus</span> <span class='ocrx_word' id='word_1_146' title='bbox 791 2234 827 2297; x_wconf 90' lang='lat' dir='ltr'>in</span> <span class='ocrx_word' id='word_1_147' title='bbox 850 2232 963 2316; x_wconf 89' lang='lat' dir='ltr'>aliqua</span> <span class='ocrx_word' id='word_1_148' title='bbox 985 2232 1061 2296; x_wconf 87' lang='lat' dir='ltr'>luce</span> <span class='ocrx_word' id='word_1_149' title='bbox 1084 2233 1246 2298; x_wconf 90' lang='lat' dir='ltr'>interiore</span> <span class='ocrx_word' id='word_1_150' title='bbox 1269 2244 1334 2309; x_wconf 91' lang='lat' dir='ltr'>est,</span> <span class='ocrx_word' id='word_1_151' title='bbox 1359 2255 1435 2318; x_wconf 89' lang='lat' dir='ltr'>per·</span> 
     </span>
     <span class='ocr_line' id='line_1_18' title="bbox 313 2328 1435 2414; baseline 0.002 -20"><span class='ocrx_word' id='word_1_152' title='bbox 313 2331 429 2414; x_wconf 90' lang='lat' dir='ltr'>cipere</span> <span class='ocrx_word' id='word_1_153' title='bbox 459 2340 577 2414; x_wconf 86' lang='lat' dir='ltr'>potest</span> <span class='ocrx_word' id='word_1_154' title='bbox 607 2340 766 2394; x_wconf 87' lang='lat' dir='ltr'>naturam</span> <span class='ocrx_word' id='word_1_155' title='bbox 793 2338 830 2394; x_wconf 91' lang='lat' dir='ltr'>et</span> <span class='ocrx_word' id='word_1_156' title='bbox 847 2329 1059 2393; x_wconf 89' lang='lat' dir='ltr'>creationem</span> <span class='ocrx_word' id='word_1_157' title='bbox 1086 2331 1157 2410; x_wconf 87' lang='lat' dir='ltr'>ejus</span> <span class='ocrx_word' id='word_1_158' title='bbox 1176 2350 1222 2393; x_wconf 88' lang='lat' dir='ltr'>ex</span> <span class='ocrx_word' id='word_1_159' title='bbox 1248 2328 1337 2407; x_wconf 86' lang='lat' dir='ltr'>Deo,</span> <span class='ocrx_word' id='word_1_160' title='bbox 1357 2333 1435 2414; x_wconf 93' lang='lat' dir='ltr'>quia</span> 
     </span>
     <span class='ocr_line' id='line_1_19' title="bbox 313 2422 1435 2509; baseline 0.001 -18"><span class='ocrx_word' id='word_1_161' title='bbox 313 2426 408 2491; x_wconf 91' lang='lat' dir='ltr'>Deus</span> <span class='ocrx_word' id='word_1_162' title='bbox 428 2437 569 2491; x_wconf 90' lang='lat' dir='ltr'>nonest</span> <span class='ocrx_word' id='word_1_163' title='bbox 592 2427 626 2490; x_wconf 92' lang='lat' dir='ltr'>in</span> <span class='ocrx_word' id='word_1_164' title='bbox 650 2436 807 2509; x_wconf 90' lang='lat' dir='ltr'>tempore</span> <span class='ocrx_word' id='word_1_165' title='bbox 825 2435 862 2489; x_wconf 91' lang='lat' dir='ltr'>et</span> <span class='ocrx_word' id='word_1_166' title='bbox 885 2425 1011 2506; x_wconf 84' lang='lat' dir='ltr'>spatio.</span> <span class='ocrx_word' id='word_1_167' title='bbox 1057 2422 1159 2506; x_wconf 88' lang='lat' dir='ltr'>Quod</span> <span class='ocrx_word' id='word_1_168' title='bbox 1184 2425 1343 2490; x_wconf 92' lang='lat' dir='ltr'>Divinum</span> <span class='ocrx_word' id='word_1_169' title='bbox 1366 2447 1435 2492; x_wconf 90' lang='lat' dir='ltr'>non</span> 
     </span>
     <span class='ocr_line' id='line_1_20' title="bbox 312 2519 1434 2606; baseline 0.002 -20"><span class='ocrx_word' id='word_1_170' title='bbox 312 2523 407 2586; x_wconf 84' lang='lat' dir='ltr'>sitin</span> <span class='ocrx_word' id='word_1_171' title='bbox 423 2525 547 2606; x_wconf 88' lang='lat' dir='ltr'>spatio,</span> <span class='ocrx_word' id='word_1_172' title='bbox 561 2522 719 2586; x_wconf 87' lang='lat' dir='ltr'>videatur</span> <span class='ocrx_word' id='word_1_173' title='bbox 728 2542 829 2605; x_wconf 89' lang='lat' dir='ltr'>supra</span> <span class='ocrx_word' id='word_1_174' title='bbox 847 2519 926 2604; x_wconf 89' lang='lat' dir='ltr'>([n.]</span> <span class='ocrx_word' id='word_1_175' title='bbox 939 2519 1058 2604; x_wconf 91' lang='lat'>7-10):</span> <span class='ocrx_word' id='word_1_176' title='bbox 1082 2522 1173 2604; x_wconf 93' lang='lat' dir='ltr'>quod</span> <span class='ocrx_word' id='word_1_177' title='bbox 1190 2520 1352 2586; x_wconf 91' lang='lat' dir='ltr'>Divinum</span> <span class='ocrx_word' id='word_1_178' title='bbox 1371 2525 1434 2589; x_wconf 91' lang='lat' dir='ltr'>im·</span> 
     </span>
     <span class='ocr_line' id='line_1_21' title="bbox 313 2615 1434 2702; baseline 0.003 -21"><span class='ocrx_word' id='word_1_179' title='bbox 313 2617 409 2702; x_wconf 90' lang='lat' dir='ltr'>pleat</span> <span class='ocrx_word' id='word_1_180' title='bbox 433 2619 546 2682; x_wconf 90' lang='lat' dir='ltr'>omnia</span> <span class='ocrx_word' id='word_1_181' title='bbox 569 2619 681 2699; x_wconf 90' lang='lat' dir='ltr'>spatia</span> <span class='ocrx_word' id='word_1_182' title='bbox 704 2618 852 2681; x_wconf 90' lang='lat' dir='ltr'>universi</span> <span class='ocrx_word' id='word_1_183' title='bbox 875 2617 1005 2699; x_wconf 88' lang='lat' dir='ltr'>absque</span> <span class='ocrx_word' id='word_1_184' title='bbox 1027 2617 1142 2700; x_wconf 91' lang='lat' dir='ltr'>spatio</span> <span class='ocrx_word' id='word_1_185' title='bbox 1166 2615 1213 2700; x_wconf 89' lang='lat' dir='ltr'>(n.</span> <span class='ocrx_word' id='word_1_186' title='bbox 1232 2616 1374 2702; x_wconf 89' lang='lat'>69-72):</span> <span class='ocrx_word' id='word_1_187' title='bbox 1398 2628 1434 2684; x_wconf 92' lang='lat' dir='ltr'>et</span> 
     </span>
     <span class='ocr_line' id='line_1_22' title="bbox 312 2712 1433 2798; baseline 0.002 -22"><span class='ocrx_word' id='word_1_188' title='bbox 312 2714 406 2798; x_wconf 92' lang='lat' dir='ltr'>quod</span> <span class='ocrx_word' id='word_1_189' title='bbox 433 2712 594 2776; x_wconf 90' lang='lat' dir='ltr'>Divinum</span> <span class='ocrx_word' id='word_1_190' title='bbox 624 2714 726 2777; x_wconf 90' lang='lat' dir='ltr'>sitin</span> <span class='ocrx_word' id='word_1_191' title='bbox 750 2713 845 2778; x_wconf 91' lang='lat' dir='ltr'>omni</span> <span class='ocrx_word' id='word_1_192' title='bbox 872 2721 1029 2794; x_wconf 89' lang='lat' dir='ltr'>tempore</span> <span class='ocrx_word' id='word_1_193' title='bbox 1052 2713 1182 2796; x_wconf 88' lang='lat' dir='ltr'>absque</span> <span class='ocrx_word' id='word_1_194' title='bbox 1205 2724 1362 2797; x_wconf 87' lang='lat' dir='ltr'>tempore</span> <span class='ocrx_word' id='word_1_195' title='bbox 1387 2713 1433 2797; x_wconf 94' lang='lat' dir='ltr'>(n.</span> 
     </span>
     <span class='ocr_line' id='line_1_23' title="bbox 313 2806 1434 2892; baseline 0.003 -21"><span class='ocrx_word' id='word_1_196' title='bbox 313 2806 473 2892; x_wconf 72' lang='lat'>¹⁸¹73—76).</span> <span class='ocrx_word' id='word_1_197' title='bbox 519 2808 559 2871; x_wconf 90' lang='lat' dir='ltr'>ln</span> <span class='ocrx_word' id='word_1_198' title='bbox 586 2810 809 2892; x_wconf 89' lang='lat' dir='ltr'>sequentibus</span> <span class='ocrx_word' id='word_1_199' title='bbox 838 2808 1022 2884; x_wconf 88' lang='lat' dir='ltr'>videbitur,</span> <span class='ocrx_word' id='word_1_200' title='bbox 1050 2810 1140 2891; x_wconf 93' lang='lat' dir='ltr'>quod</span> <span class='ocrx_word' id='word_1_201' title='bbox 1169 2811 1310 2873; x_wconf 90' lang='lat' dir='ltr'>tametsi</span> <span class='ocrx_word' id='word_1_202' title='bbox 1340 2809 1434 2874; x_wconf 87' lang='lat' dir='ltr'>Deus</span> 
     </span>
     <span class='ocr_line' id='line_1_24' title="bbox 312 2901 1434 2988; baseline 0.002 -20"><span class='ocrx_word' id='word_1_203' title='bbox 312 2904 506 2968; x_wconf 90' lang='lat' dir='ltr'>universum</span> <span class='ocrx_word' id='word_1_204' title='bbox 530 2914 566 2968; x_wconf 91' lang='lat' dir='ltr'>et</span> <span class='ocrx_word' id='word_1_205' title='bbox 588 2905 703 2968; x_wconf 90' lang='lat' dir='ltr'>omnia</span> <span class='ocrx_word' id='word_1_206' title='bbox 726 2904 797 2987; x_wconf 90' lang='lat' dir='ltr'>ejus</span> <span class='ocrx_word' id='word_1_207' title='bbox 821 2904 988 2968; x_wconf 88' lang='lat' dir='ltr'>creaverit</span> <span class='ocrx_word' id='word_1_208' title='bbox 1013 2925 1060 2967; x_wconf 91' lang='lat' dir='ltr'>ex</span> <span class='ocrx_word' id='word_1_209' title='bbox 1083 2901 1127 2967; x_wconf 92' lang='lat' dir='ltr'>Se</span> <span class='ocrx_word' id='word_1_210' title='bbox 1151 2903 1242 2987; x_wconf 94' lang='lat' dir='ltr'>Ipso,</span> <span class='ocrx_word' id='word_1_211' title='bbox 1262 2925 1368 2988; x_wconf 91' lang='lat' dir='ltr'>usque</span> <span class='ocrx_word' id='word_1_212' title='bbox 1391 2926 1434 2970; x_wconf 93' lang='lat' dir='ltr'>ne</span> 
     </span>
     <span class='ocr_line' id='line_1_25' title="bbox 311 2997 1431 3084; baseline -0.004 -16"><span class='ocrx_word' id='word_1_213' title='bbox 311 2997 418 3068; x_wconf 85' lang='lat' dir='ltr'>hilum</span> <span class='ocrx_word' id='word_1_214' title='bbox 431 3001 464 3064; x_wconf 93' lang='lat' dir='ltr'>in</span> <span class='ocrx_word' id='word_1_215' title='bbox 481 3001 639 3063; x_wconf 91' lang='lat' dir='ltr'>universo</span> <span class='ocrx_word' id='word_1_216' title='bbox 655 3010 773 3064; x_wconf 89' lang='lat' dir='ltr'>creato</span> <span class='ocrx_word' id='word_1_217' title='bbox 783 3000 840 3076; x_wconf 91' lang='lat' dir='ltr'>sit,</span> <span class='ocrx_word' id='word_1_218' title='bbox 854 2998 945 3082; x_wconf 92' lang='lat' dir='ltr'>quod</span> <span class='ocrx_word' id='word_1_219' title='bbox 961 3009 1016 3063; x_wconf 90' lang='lat' dir='ltr'>est</span> <span class='ocrx_word' id='word_1_220' title='bbox 1034 2998 1147 3078; x_wconf 91' lang='lat' dir='ltr'>Deus;</span> <span class='ocrx_word' id='word_1_221' title='bbox 1172 3010 1308 3081; x_wconf 91' lang='lat' dir='ltr'>praeter</span> <span class='ocrx_word' id='word_1_222' title='bbox 1324 3001 1431 3084; x_wconf 90' lang='lat' dir='ltr'>plura,</span> 
     </span>
     <span class='ocr_line' id='line_1_26' title="bbox 311 3095 1076 3179; baseline -0.004 -19"><span class='ocrx_word' id='word_1_223' title='bbox 311 3115 399 3179; x_wconf 91' lang='lat' dir='ltr'>quae</span> <span class='ocrx_word' id='word_1_224' title='bbox 418 3096 507 3159; x_wconf 94' lang='lat' dir='ltr'>hanc</span> <span class='ocrx_word' id='word_1_225' title='bbox 531 3115 602 3160; x_wconf 91' lang='lat' dir='ltr'>rem</span> <span class='ocrx_word' id='word_1_226' title='bbox 620 3097 655 3159; x_wconf 92' lang='lat' dir='ltr'>in</span> <span class='ocrx_word' id='word_1_227' title='bbox 674 3115 770 3159; x_wconf 91' lang='lat' dir='ltr'>suam</span> <span class='ocrx_word' id='word_1_228' title='bbox 790 3095 902 3160; x_wconf 90' lang='lat' dir='ltr'>lucem</span> <span class='ocrx_word' id='word_1_229' title='bbox 922 3096 1076 3160; x_wconf 91' lang='lat' dir='ltr'>mittent.</span> 
     </span>
    </p>

    <p class='ocr_par' dir='ltr' id='par_1_3' title="bbox 304 3187 1432 4518">
     <span class='ocr_line' id='line_1_27' title="bbox 375 3187 1431 3276; baseline -0.003 -19"><span class='ocrx_word' id='word_1_230' title='bbox 375 3190 473 3276; x_wconf 72' lang='lat'>284.</span> <span class='ocrx_word' id='word_1_231' title='bbox 504 3191 543 3254; x_wconf 92' lang='lat' dir='ltr'>In</span> <span class='ocrx_word' id='word_1_232' title='bbox 561 3191 670 3255; x_wconf 85' lang='lat' dir='ltr'>Parte</span> <span class='ocrx_word' id='word_1_233' title='bbox 685 3191 808 3256; x_wconf 78' lang='lat' dir='ltr'>Pn&#39;ma</span> <span class='ocrx_word' id='word_1_234' title='bbox 826 3190 924 3273; x_wconf 87' lang='lat' dir='ltr'>hujus</span> <span class='ocrx_word' id='word_1_235' title='bbox 943 3192 1055 3274; x_wconf 87' lang='lat' dir='ltr'>operis</span> <span class='ocrx_word' id='word_1_236' title='bbox 1075 3187 1187 3254; x_wconf 65' lang='lat' dir='ltr'>actum</span> <span class='ocrx_word' id='word_1_237' title='bbox 1207 3198 1261 3254; x_wconf 92' lang='lat' dir='ltr'>est</span> <span class='ocrx_word' id='word_1_238' title='bbox 1282 3189 1325 3254; x_wconf 94' lang='lat' dir='ltr'>de</span> <span class='ocrx_word' id='word_1_239' title='bbox 1344 3189 1431 3264; x_wconf 91' lang='lat' dir='ltr'>Deo,</span> 
     </span>
     <span class='ocr_line' id='line_1_28' title="bbox 310 3285 1432 3372; baseline -0.002 -22"><span class='ocrx_word' id='word_1_240' title='bbox 310 3287 403 3372; x_wconf 91' lang='lat' dir='ltr'>quod</span> <span class='ocrx_word' id='word_1_241' title='bbox 426 3289 471 3351; x_wconf 90' lang='lat' dir='ltr'>sit</span> <span class='ocrx_word' id='word_1_242' title='bbox 495 3286 638 3350; x_wconf 88' lang='lat' dir='ltr'>Divinus</span> <span class='ocrx_word' id='word_1_243' title='bbox 662 3285 774 3350; x_wconf 87' lang='lat' dir='ltr'>Amor</span> <span class='ocrx_word' id='word_1_244' title='bbox 796 3297 832 3350; x_wconf 89' lang='lat' dir='ltr'>et</span> <span class='ocrx_word' id='word_1_245' title='bbox 856 3286 982 3351; x_wconf 90' lang='lat' dir='ltr'>Divina</span> <span class='ocrx_word' id='word_1_246' title='bbox 1005 3285 1193 3368; x_wconf 86' lang='lat' dir='ltr'>Sapientia,</span> <span class='ocrx_word' id='word_1_247' title='bbox 1213 3295 1250 3349; x_wconf 88' lang='lat' dir='ltr'>et</span> <span class='ocrx_word' id='word_1_248' title='bbox 1273 3285 1364 3368; x_wconf 88' lang='lat' dir='ltr'>quod</span> <span class='ocrx_word' id='word_1_249' title='bbox 1388 3285 1432 3349; x_wconf 92' lang='lat' dir='ltr'>sit</span> 
     </span>
     <span class='ocr_line' id='line_1_29' title="bbox 310 3380 1431 3465; baseline -0.002 -19"><span class='ocrx_word' id='word_1_250' title='bbox 310 3380 407 3458; x_wconf 91' lang='lat' dir='ltr'>Vita,</span> <span class='ocrx_word' id='word_1_251' title='bbox 429 3393 502 3446; x_wconf 91' lang='lat' dir='ltr'>tum</span> <span class='ocrx_word' id='word_1_252' title='bbox 520 3383 612 3465; x_wconf 92' lang='lat' dir='ltr'>quod</span> <span class='ocrx_word' id='word_1_253' title='bbox 632 3383 677 3447; x_wconf 93' lang='lat' dir='ltr'>sit</span> <span class='ocrx_word' id='word_1_254' title='bbox 700 3381 903 3447; x_wconf 87' lang='lat' dir='ltr'>Substantia</span> <span class='ocrx_word' id='word_1_255' title='bbox 927 3392 963 3446; x_wconf 92' lang='lat' dir='ltr'>et</span> <span class='ocrx_word' id='word_1_256' title='bbox 993 3381 1120 3446; x_wconf 91' lang='lat' dir='ltr'>Forma</span> <span class='ocrx_word' id='word_1_257' title='bbox 1138 3401 1225 3464; x_wconf 90' lang='lat' dir='ltr'>quae</span> <span class='ocrx_word' id='word_1_258' title='bbox 1243 3391 1298 3445; x_wconf 91' lang='lat' dir='ltr'>est</span> <span class='ocrx_word' id='word_1_259' title='bbox 1321 3382 1431 3464; x_wconf 89' lang='lat' dir='ltr'>ipsum</span> 
     </span>
     <span class='ocr_line' id='line_1_30' title="bbox 310 3473 1431 3558; baseline -0.004 -16"><span class='ocrx_word' id='word_1_260' title='bbox 310 3486 347 3542; x_wconf 90' lang='lat' dir='ltr'>et</span> <span class='ocrx_word' id='word_1_261' title='bbox 363 3479 498 3541; x_wconf 89' lang='lat' dir='ltr'>unicum</span> <span class='ocrx_word' id='word_1_262' title='bbox 516 3477 612 3542; x_wconf 87' lang='lat' dir='ltr'>Esse.</span> <span class='ocrx_word' id='word_1_263' title='bbox 659 3477 699 3540; x_wconf 91' lang='lat' dir='ltr'>In</span> <span class='ocrx_word' id='word_1_264' title='bbox 714 3477 825 3541; x_wconf 85' lang='lat' dir='ltr'>Parte</span> <span class='ocrx_word' id='word_1_265' title='bbox 839 3476 989 3543; x_wconf 85' lang='lat' dir='ltr'>Secunda</span> <span class='ocrx_word' id='word_1_266' title='bbox 1003 3474 1117 3541; x_wconf 72' lang='lat' dir='ltr'>actum</span> <span class='ocrx_word' id='word_1_267' title='bbox 1134 3486 1188 3540; x_wconf 89' lang='lat' dir='ltr'>est</span> <span class='ocrx_word' id='word_1_268' title='bbox 1207 3477 1250 3540; x_wconf 91' lang='lat' dir='ltr'>de</span> <span class='ocrx_word' id='word_1_269' title='bbox 1266 3473 1347 3540; x_wconf 91' lang='lat' dir='ltr'>Sole</span> <span class='ocrx_word' id='word_1_270' title='bbox 1363 3477 1431 3558; x_wconf 87' lang='lat' dir='ltr'>spi·</span> 
     </span>
     <span class='ocr_line' id='line_1_31' title="bbox 309 3570 1429 3654; baseline -0.002 -18"><span class='ocrx_word' id='word_1_271' title='bbox 309 3571 425 3637; x_wconf 88' lang='lat' dir='ltr'>rituali</span> <span class='ocrx_word' id='word_1_272' title='bbox 444 3582 479 3636; x_wconf 92' lang='lat' dir='ltr'>et</span> <span class='ocrx_word' id='word_1_273' title='bbox 499 3571 571 3654; x_wconf 84' lang='lat' dir='ltr'>ejus</span> <span class='ocrx_word' id='word_1_274' title='bbox 590 3574 729 3650; x_wconf 90' lang='lat' dir='ltr'>mundo,</span> <span class='ocrx_word' id='word_1_275' title='bbox 749 3593 789 3637; x_wconf 88' lang='lat' dir='ltr'>ae</span> <span class='ocrx_word' id='word_1_276' title='bbox 813 3573 856 3638; x_wconf 90' lang='lat' dir='ltr'>de</span> <span class='ocrx_word' id='word_1_277' title='bbox 875 3573 950 3638; x_wconf 89' lang='lat' dir='ltr'>sole</span> <span class='ocrx_word' id='word_1_278' title='bbox 968 3570 1115 3636; x_wconf 91' lang='lat' dir='ltr'>naturali</span> <span class='ocrx_word' id='word_1_279' title='bbox 1133 3581 1170 3636; x_wconf 94' lang='lat' dir='ltr'>et</span> <span class='ocrx_word' id='word_1_280' title='bbox 1191 3570 1263 3653; x_wconf 88' lang='lat' dir='ltr'>ejus</span> <span class='ocrx_word' id='word_1_281' title='bbox 1282 3571 1429 3634; x_wconf 87' lang='lat' dir='ltr'>mundo:</span> 
     </span>
     <span class='ocr_line' id='line_1_32' title="bbox 308 3664 1431 3753; baseline -0.004 -19"><span class='ocrx_word' id='word_1_282' title='bbox 308 3677 347 3734; x_wconf 91' lang='lat' dir='ltr'>et</span> <span class='ocrx_word' id='word_1_283' title='bbox 366 3669 456 3752; x_wconf 91' lang='lat' dir='ltr'>quod</span> <span class='ocrx_word' id='word_1_284' title='bbox 477 3688 537 3751; x_wconf 88' lang='lat' dir='ltr'>per</span> <span class='ocrx_word' id='word_1_285' title='bbox 554 3678 735 3753; x_wconf 89' lang='lat' dir='ltr'>utrumque</span> <span class='ocrx_word' id='word_1_286' title='bbox 755 3670 863 3734; x_wconf 88' lang='lat' dir='ltr'>solem</span> <span class='ocrx_word' id='word_1_287' title='bbox 879 3670 1072 3733; x_wconf 89' lang='lat' dir='ltr'>universum</span> <span class='ocrx_word' id='word_1_288' title='bbox 1088 3687 1165 3732; x_wconf 91' lang='lat' dir='ltr'>cum</span> <span class='ocrx_word' id='word_1_289' title='bbox 1182 3667 1341 3731; x_wconf 85' lang='lat' dir='ltr'>omnibus</span> <span class='ocrx_word' id='word_1_290' title='bbox 1360 3664 1431 3747; x_wconf 87' lang='lat' dir='ltr'>ejus</span> 
     </span>
     <span class='ocr_line' id='line_1_33' title="bbox 307 3761 1431 3845; baseline -0.004 -16"><span class='ocrx_word' id='word_1_291' title='bbox 307 3784 329 3829; x_wconf 90' lang='lat' dir='ltr'>a</span> <span class='ocrx_word' id='word_1_292' title='bbox 349 3763 425 3829; x_wconf 90' lang='lat' dir='ltr'>Deo</span> <span class='ocrx_word' id='word_1_293' title='bbox 438 3775 592 3829; x_wconf 90' lang='lat' dir='ltr'>creatum</span> <span class='ocrx_word' id='word_1_294' title='bbox 608 3766 665 3829; x_wconf 88' lang='lat' dir='ltr'>sit.</span> <span class='ocrx_word' id='word_1_295' title='bbox 710 3765 750 3828; x_wconf 90' lang='lat' dir='ltr'>In</span> <span class='ocrx_word' id='word_1_296' title='bbox 762 3764 871 3829; x_wconf 84' lang='lat' dir='ltr'>Parte</span> <span class='ocrx_word' id='word_1_297' title='bbox 887 3762 1001 3828; x_wconf 85' lang='lat' dir='ltr'>Tertia</span> <span class='ocrx_word' id='word_1_298' title='bbox 1017 3761 1129 3828; x_wconf 65' lang='lat' dir='ltr'>actum</span> <span class='ocrx_word' id='word_1_299' title='bbox 1142 3772 1195 3828; x_wconf 91' lang='lat' dir='ltr'>est</span> <span class='ocrx_word' id='word_1_300' title='bbox 1209 3762 1252 3827; x_wconf 91' lang='lat' dir='ltr'>de</span> <span class='ocrx_word' id='word_1_301' title='bbox 1268 3762 1431 3845; x_wconf 86' lang='lat' dir='ltr'>gradibus</span> 
     </span>
     <span class='ocr_line' id='line_1_34' title="bbox 307 3857 1429 3944; baseline -0.004 -18"><span class='ocrx_word' id='word_1_302' title='bbox 307 3859 343 3926; x_wconf 91' lang='lat' dir='ltr'>in</span> <span class='ocrx_word' id='word_1_303' title='bbox 373 3860 496 3944; x_wconf 88' lang='lat' dir='ltr'>quibus</span> <span class='ocrx_word' id='word_1_304' title='bbox 525 3869 606 3926; x_wconf 88' lang='lat' dir='ltr'>sunt</span> <span class='ocrx_word' id='word_1_305' title='bbox 630 3862 745 3925; x_wconf 90' lang='lat' dir='ltr'>omnia</span> <span class='ocrx_word' id='word_1_306' title='bbox 771 3871 806 3925; x_wconf 89' lang='lat' dir='ltr'>et</span> <span class='ocrx_word' id='word_1_307' title='bbox 837 3859 974 3943; x_wconf 88' lang='lat' dir='ltr'>singula</span> <span class='ocrx_word' id='word_1_308' title='bbox 1002 3880 1089 3944; x_wconf 90' lang='lat' dir='ltr'>quae</span> <span class='ocrx_word' id='word_1_309' title='bbox 1120 3868 1236 3924; x_wconf 89' lang='lat' dir='ltr'>creata</span> <span class='ocrx_word' id='word_1_310' title='bbox 1259 3867 1348 3922; x_wconf 90' lang='lat' dir='ltr'>sunt.</span> <span class='ocrx_word' id='word_1_311' title='bbox 1391 3857 1429 3921; x_wconf 93' lang='lat' dir='ltr'>In</span> 
     </span>
     <span class='ocr_line' id='line_1_35' title="bbox 309 3953 1430 4039; baseline -0.004 -19"><span class='ocrx_word' id='word_1_312' title='bbox 309 3953 443 4036; x_wconf 84' lang='lat' dir='ltr'>Quarta</span> <span class='ocrx_word' id='word_1_313' title='bbox 466 3955 530 4022; x_wconf 75' lang='lat' dir='ltr'>hac</span> <span class='ocrx_word' id='word_1_314' title='bbox 553 3957 663 4023; x_wconf 83' lang='lat' dir='ltr'>Parte</span> <span class='ocrx_word' id='word_1_315' title='bbox 684 3977 773 4021; x_wconf 90' lang='lat' dir='ltr'>nunc</span> <span class='ocrx_word' id='word_1_316' title='bbox 802 3967 925 4039; x_wconf 90' lang='lat' dir='ltr'>agetur</span> <span class='ocrx_word' id='word_1_317' title='bbox 953 3956 996 4020; x_wconf 89' lang='lat' dir='ltr'>de</span> <span class='ocrx_word' id='word_1_318' title='bbox 1026 3954 1211 4021; x_wconf 87' lang='lat' dir='ltr'>Creatione</span> <span class='ocrx_word' id='word_1_319' title='bbox 1240 3954 1387 4018; x_wconf 90' lang='lat' dir='ltr'>universi</span> <span class='ocrx_word' id='word_1_320' title='bbox 1410 3975 1430 4016; x_wconf 93' lang='lat' dir='ltr'>a</span> 
     </span>
     <span class='ocr_line' id='line_1_36' title="bbox 308 4050 1428 4137; baseline -0.004 -20"><span class='ocrx_word' id='word_1_321' title='bbox 308 4052 396 4118; x_wconf 92' lang='lat' dir='ltr'>Deo.</span> <span class='ocrx_word' id='word_1_322' title='bbox 442 4051 555 4118; x_wconf 87' lang='lat' dir='ltr'>Causa</span> <span class='ocrx_word' id='word_1_323' title='bbox 573 4053 663 4137; x_wconf 92' lang='lat' dir='ltr'>quod</span> <span class='ocrx_word' id='word_1_324' title='bbox 684 4053 727 4116; x_wconf 92' lang='lat' dir='ltr'>de</span> <span class='ocrx_word' id='word_1_325' title='bbox 746 4053 799 4116; x_wconf 90' lang='lat' dir='ltr'>his</span> <span class='ocrx_word' id='word_1_326' title='bbox 822 4064 857 4116; x_wconf 88' lang='lat' dir='ltr'>et</span> <span class='ocrx_word' id='word_1_327' title='bbox 882 4053 924 4116; x_wconf 91' lang='lat' dir='ltr'>de</span> <span class='ocrx_word' id='word_1_328' title='bbox 948 4050 1015 4115; x_wconf 87' lang='lat' dir='ltr'>illis</span> <span class='ocrx_word' id='word_1_329' title='bbox 1033 4060 1169 4134; x_wconf 85' lang='lat' dir='ltr'>agatur,</span> <span class='ocrx_word' id='word_1_330' title='bbox 1189 4060 1243 4114; x_wconf 87' lang='lat' dir='ltr'>est</span> <span class='ocrx_word' id='word_1_331' title='bbox 1266 4051 1346 4133; x_wconf 91' lang='lat' dir='ltr'>quia</span> <span class='ocrx_word' id='word_1_332' title='bbox 1368 4069 1428 4113; x_wconf 92' lang='lat' dir='ltr'>an·</span> 
     </span>
     <span class='ocr_line' id='line_1_37' title="bbox 306 4143 1430 4231; baseline -0.004 -19"><span class='ocrx_word' id='word_1_333' title='bbox 306 4149 377 4231; x_wconf 88' lang='lat' dir='ltr'>geli</span> <span class='ocrx_word' id='word_1_334' title='bbox 398 4149 580 4215; x_wconf 88' lang='lat' dir='ltr'>lamentati</span> <span class='ocrx_word' id='word_1_335' title='bbox 599 4159 678 4213; x_wconf 90' lang='lat' dir='ltr'>sunt</span> <span class='ocrx_word' id='word_1_336' title='bbox 698 4169 813 4214; x_wconf 91' lang='lat' dir='ltr'>coram</span> <span class='ocrx_word' id='word_1_337' title='bbox 833 4148 994 4224; x_wconf 90' lang='lat' dir='ltr'>Domino,</span> <span class='ocrx_word' id='word_1_338' title='bbox 1012 4147 1104 4231; x_wconf 92' lang='lat' dir='ltr'>quod</span> <span class='ocrx_word' id='word_1_339' title='bbox 1123 4146 1203 4210; x_wconf 92' lang='lat' dir='ltr'>dum</span> <span class='ocrx_word' id='word_1_340' title='bbox 1220 4143 1381 4229; x_wconf 70' lang='lat' dir='ltr'>spectant</span> <span class='ocrx_word' id='word_1_341' title='bbox 1396 4145 1430 4208; x_wconf 90' lang='lat' dir='ltr'>in</span> 
     </span>
     <span class='ocr_line' id='line_1_38' title="bbox 307 4239 1428 4326; baseline -0.004 -18"><span class='ocrx_word' id='word_1_342' title='bbox 307 4245 471 4309; x_wconf 90' lang='lat' dir='ltr'>mundum</span> <span class='ocrx_word' id='word_1_343' title='bbox 491 4245 573 4309; x_wconf 92' lang='lat' dir='ltr'>nihil</span> <span class='ocrx_word' id='word_1_344' title='bbox 594 4247 735 4309; x_wconf 89' lang='lat' dir='ltr'>videant</span> <span class='ocrx_word' id='word_1_345' title='bbox 756 4246 819 4308; x_wconf 92' lang='lat' dir='ltr'>nisi</span> <span class='ocrx_word' id='word_1_346' title='bbox 839 4245 1011 4318; x_wconf 88' lang='lat' dir='ltr'>tenebras,</span> <span class='ocrx_word' id='word_1_347' title='bbox 1031 4253 1067 4307; x_wconf 90' lang='lat' dir='ltr'>et</span> <span class='ocrx_word' id='word_1_348' title='bbox 1091 4241 1181 4326; x_wconf 91' lang='lat' dir='ltr'>apud</span> <span class='ocrx_word' id='word_1_349' title='bbox 1204 4239 1363 4304; x_wconf 92' lang='lat' dir='ltr'>homines</span> <span class='ocrx_word' id='word_1_350' title='bbox 1385 4240 1428 4303; x_wconf 90' lang='lat' dir='ltr'>de</span> 
     </span>
     <span class='ocr_line' id='line_1_39' title="bbox 307 4334 1430 4416; baseline -0.004 -13"><span class='ocrx_word' id='word_1_351' title='bbox 307 4337 397 4416; x_wconf 92' lang='lat' dir='ltr'>Deo,</span> <span class='ocrx_word' id='word_1_352' title='bbox 418 4340 461 4404; x_wconf 95' lang='lat' dir='ltr'>de</span> <span class='ocrx_word' id='word_1_353' title='bbox 491 4341 599 4416; x_wconf 89' lang='lat' dir='ltr'>caelo,</span> <span class='ocrx_word' id='word_1_354' title='bbox 620 4352 655 4404; x_wconf 92' lang='lat' dir='ltr'>et</span> <span class='ocrx_word' id='word_1_355' title='bbox 686 4342 729 4403; x_wconf 90' lang='lat' dir='ltr'>de</span> <span class='ocrx_word' id='word_1_356' title='bbox 760 4340 936 4404; x_wconf 88' lang='lat' dir='ltr'>creatione</span> <span class='ocrx_word' id='word_1_357' title='bbox 960 4348 1114 4416; x_wconf 87' lang='lat' dir='ltr'>naturae,</span> <span class='ocrx_word' id='word_1_358' title='bbox 1135 4335 1219 4401; x_wconf 91' lang='lat' dir='ltr'>nihil</span> <span class='ocrx_word' id='word_1_359' title='bbox 1249 4334 1430 4411; x_wconf 87' lang='lat' dir='ltr'>scientiae,</span> 
     </span>
     <span class='ocr_line' id='line_1_40' title="bbox 304 4435 892 4518; baseline -0.002 -18"><span class='ocrx_word' id='word_1_360' title='bbox 304 4435 361 4500; x_wconf 87' lang='lat' dir='ltr'>cui</span> <span class='ocrx_word' id='word_1_361' title='bbox 378 4436 543 4518; x_wconf 88' lang='lat' dir='ltr'>sapientia</span> <span class='ocrx_word' id='word_1_362' title='bbox 562 4435 696 4499; x_wconf 88' lang='lat' dir='ltr'>illorum</span> <span class='ocrx_word' id='word_1_363' title='bbox 717 4437 892 4500; x_wconf 87' lang='lat' dir='ltr'>innitatur.</span> 
     </span>
    </p>
   </div>
   <div class='ocr_carea' id='block_1_3' title="bbox 0 0 1680 5374">
    <p class='ocr_par' dir='ltr' id='par_1_4' title="bbox 0 0 1680 5374">
     <span class='ocr_line' id='line_1_41' title="bbox 0 0 1680 5374; baseline 0 5"><span class='ocrx_word' id='word_1_364' title='bbox 0 0 1680 5374; x_wconf 95' lang='lat' dir='ltr'> </span> 
     </span>
    </p>
   </div>
  </div>
 </body>
</html>
