3418 5370
528 633 579 684 oa
602 632 1204 703 o1v1unvnov1nn1ur1n.-u.279.
1364 641 1427 710 225

299 802 403 870 fidem
422 803 612 888 potuissem
630 803 853 884 confirmare;
882 805 943 869 sed
963 804 1171 870 documenta
1190 804 1428 888 experientiae

301 901 472 965 adducere
492 921 561 964 non
581 899 680 984 hujus
699 901 767 966 loci
787 909 851 966 est.

364 1010 461 1079 279.
502 994 577 1080 (iii.)
613 996 709 1076 Quod
733 1008 895 1081 quantum
924 995 1016 1061 mala
1044 1007 1265 1072 removentur,
1296 1007 1430 1062 tantum

300 1091 682 1156 ammanium-Error
698 1091 827 1157 saeculi
843 1101 910 1170 est,
928 1093 1021 1178 quod
1037 1095 1210 1168 credatur,
1227 1094 1319 1176 quod
1336 1094 1431 1159 mala

301 1188 345 1252 ab
369 1188 508 1252 homine
533 1200 694 1272 separata
717 1191 799 1266 sint,
824 1188 930 1254 immo
957 1187 1077 1272 ejetta,
1103 1189 1242 1272 quando
1269 1201 1350 1254 sunt
1375 1214 1437 1256 re-.

302 1286 426 1348 missa:
458 1294 494 1348 et
522 1284 615 1368 quod
645 1295 757 1350 status
785 1285 879 1350 vitae
912 1285 1062 1350 hominis
1094 1293 1274 1348 momento
1305 1289 1431 1352 mutari

303 1382 421 1463 possit,
450 1383 556 1444 etiam
589 1383 624 1445 in
655 1383 863 1465 oppositum,
892 1393 928 1446 et
961 1384 1010 1446 sic
1044 1381 1150 1445 homo
1180 1403 1200 1446 a
1234 1383 1328 1446 malo
1358 1383 1432 1448 fieri

302 1480 423 1552 bonus,
444 1489 700 1562 consequenter
719 1480 763 1542 ab
786 1478 919 1542 inserno
938 1480 1037 1542 educi
1060 1490 1096 1543 et
1120 1480 1214 1543 illico
1236 1482 1271 1544 in
1295 1479 1430 1543 caelum

302 1573 487 1649 transferri,
512 1574 577 1638 hoc
602 1596 648 1639 ex
671 1575 875 1638 immediata
901 1573 1040 1637 Domini
1069 1576 1313 1640 misericordia.
1359 1574 1430 1640 Sed

302 1669 351 1733 illi
375 1671 430 1754 qui
460 1671 510 1733 ita
539 1671 685 1735 credunt
709 1681 745 1735 et
769 1671 966 1753 opinantur,
993 1671 1076 1734 nihil
1108 1673 1290 1756 quicquam
1314 1673 1430 1736 sciunt

303 1766 384 1849 quid
407 1765 534 1829 malum
559 1774 594 1831 et
618 1769 699 1852 quid
723 1767 862 1844 bonum,
887 1776 922 1830 et
947 1765 1031 1829 nihil
1054 1769 1237 1852 quicquam
1268 1768 1311 1831 de
1334 1776 1430 1831 statu

303 1863 396 1925 vitae
426 1861 596 1942 hominis;
630 1873 666 1926 et
701 1883 840 1946 prorsus
872 1882 953 1938 non,
979 1863 1071 1946 quod
1106 1860 1317 1938 affectiones,
1341 1883 1430 1946 quae

303 1968 383 2021 sunt
417 1957 619 2034 voluntatis,
655 1959 725 2023 sint
760 1978 874 2023 merae
907 1960 1120 2023 mutationes
1153 1969 1189 2023 et
1219 1960 1430 2023 variationes

304 2063 416 2116 status
440 2054 711 2118 substantiarum
735 2075 816 2138 pure
842 2056 1083 2137 organicarum
1103 2055 1251 2134 mentis;
1283 2065 1318 2119 et
1338 2053 1430 2137 quod

303 2150 548 2233 cogitationes
567 2171 654 2233 quae
673 2162 753 2214 sunt
770 2148 979 2226 intelledtus
998 2152 1067 2214 sint
1086 2171 1199 2215 merae
1219 2150 1432 2215 mutationes

304 2254 339 2308 et
356 2246 564 2308 variationes
584 2245 711 2310 formae
731 2245 866 2310 illarum
882 2267 889 2325 ;
913 2256 948 2308 et
965 2247 1057 2329 quod
1074 2247 1238 2310 memoria
1254 2247 1298 2308 sit
1316 2255 1432 2308 status

304 2340 438 2404 illarum
462 2343 692 2405 mutationum
716 2361 934 2425 permanens.
980 2341 1037 2405 Ex
1057 2341 1109 2405 his
1132 2352 1169 2406 et
1192 2340 1260 2405 illis
1279 2343 1432 2423 cognitis

303 2436 395 2501 clare
413 2437 518 2500 videri
537 2447 668 2520 potest,
689 2440 781 2522 quod
800 2438 940 2523 aliquod
957 2437 1085 2500 malurn
1105 2459 1174 2501 non
1190 2438 1300 2521 possit
1317 2456 1429 2501 remo·

304 2533 374 2596 veri
398 2533 462 2596 nisi
486 2534 702 2613 successive;
741 2543 776 2597 et
800 2535 891 2617 quod
916 2534 1071 2597 remissio
1102 2533 1184 2597 mali
1214 2553 1283 2595 non
1307 2533 1352 2596 sit
1376 2555 1437 2596 re·.

305 2629 414 2692 motio
433 2627 514 2710 ejus.
560 2627 628 2693 Sed
648 2628 732 2693 haec
753 2630 787 2693 in
807 2631 1014 2712 compendio
1033 2627 1237 2705 dictasunt,
1258 2649 1345 2712 quae
1365 2628 1435 2692 nisi,

305 2723 599 2801 demonstrentur,
620 2726 759 2808 quidem
782 2726 927 2809 agnosci
951 2735 1109 2808 possunt,
1135 2726 1195 2789 sed
1227 2745 1333 2807 usque
1361 2745 1438 2787 non,

305 2821 572 2903 comprehendi;
614 2831 650 2886 et
684 2822 775 2906 quod
814 2843 883 2886 non
917 2822 1231 2905 comprehenditur,
1256 2831 1310 2886 est
1343 2821 1436 2884 sicut

304 2927 382 2981 rota
398 2938 485 3000 quae
502 2936 604 2981 manu
623 2919 751 2982 circum
770 2921 904 3002 agitur:
936 2939 1040 3003 quare
1060 2916 1256 3001 supradicta
1276 2915 1430 2998 singilla-

305 3013 368 3078 tim
385 3013 659 3077 demonstranda
682 3023 762 3078 sunt
782 3016 814 3078 in
836 3016 956 3079 ordine
977 3036 1045 3098 quo
1064 3013 1223 3079 adducta.
1271 3021 1328 3080 [2.]
1360 3013 1430 3076 Pri-

306 3127 418 3173 mum:
454 3109 551 3189 Quod
572 3131 672 3172 error
694 3110 821 3173 saeculi
843 3111 899 3186 sit,
925 3111 1016 3192 quod
1041 3111 1202 3174 credatur
1227 3108 1318 3191 quod
1340 3107 1433 3171 mala

305 3215 478 3287 separata,
503 3206 603 3269 immo
632 3206 733 3290 ey'ec‘la
765 3206 845 3282 sint,
870 3205 1003 3288 quando
1025 3216 1106 3269 sunt
1128 3205 1281 3269 remissa.
1328 3201 1431 3284 Quod

306 3320 408 3365 omne
431 3300 570 3376 malum,
590 3302 624 3364 in
644 3301 735 3385 quod
759 3301 864 3364 homo
889 3303 1053 3376 nascitur,
1071 3311 1106 3366 et
1131 3301 1221 3384 quod
1241 3301 1314 3381 ipse
1334 3295 1430 3361 adtu-

305 3395 406 3460 aliter
423 3396 557 3472 imbuit,
578 3417 647 3460 non
671 3408 849 3479 separetur
873 3398 917 3460 ab
939 3397 1091 3472 homine,
1112 3397 1172 3460 sed
1197 3405 1430 3470 removeatur,

306 3513 411 3577 usque
441 3504 478 3557 ut
508 3513 576 3556 non
603 3503 782 3575 appareat,
811 3493 892 3556 mihi
924 3494 1044 3557 datum
1073 3503 1127 3556 est
1155 3494 1242 3556 scire
1272 3513 1291 3554 e
1321 3487 1430 3553 caelo,

306 3587 426 3652 Antea
448 3589 482 3652 in
505 3587 572 3652 fide
594 3590 650 3662 fui,
676 3590 710 3651 in
734 3609 800 3671 qua
824 3588 978 3672 plerique
1003 3591 1037 3652 in
1062 3590 1202 3664 mundo,
1223 3588 1315 3672 quod
1339 3585 1432 3650 mala

305 3684 443 3768 quando
466 3686 700 3760 remittuntur,
725 3685 933 3766 rejiciantur,
958 3695 994 3750 et
1025 3686 1115 3750 sicut
1144 3687 1265 3749 sordes
1295 3705 1316 3748 a
1344 3684 1431 3746 facie

307 3799 366 3862 per
395 3801 528 3865 aquam,
553 3780 737 3844 abluantur
761 3791 796 3844 et
820 3783 1090 3864 abstergantur:
1128 3781 1190 3845 sed
1218 3779 1329 3843 simile
1361 3800 1430 3842 non

306 3886 361 3940 est
384 3897 461 3940 eum
493 3877 591 3940 malis
614 3899 674 3941 seu
698 3878 872 3958 peccatis;
908 3880 1024 3941 omnia
1047 3887 1254 3955 remanent;
1293 3886 1430 3939 etcum

307 3983 386 4054 post
410 3974 657 4055 paenitentiam
676 3973 909 4047 remittuntur,
930 3995 948 4036 e
969 3974 1084 4038 medio
1103 3973 1146 4036 ad
1167 3971 1275 4036 latera
1292 3992 1430 4053 promo-

308 4081 455 4150 ventur;
491 4080 528 4134 et
560 4081 642 4134 tune
674 4070 765 4152 quod
797 4070 830 4132 in
862 4071 977 4133 medio
1009 4081 1074 4144 est,
1103 4071 1182 4152 quia
1208 4065 1338 4132 diredte
1369 4069 1432 4132 sub

306 4167 444 4242 intuitu,
464 4167 498 4229 in
523 4165 599 4230 luce
623 4167 719 4250 quasi
744 4167 811 4230 diei
834 4177 990 4250 apparet,
1015 4177 1051 4231 et
1075 4167 1167 4250 quod
1190 4166 1234 4230 ad
1257 4165 1377 4240 latera,
1397 4166 1432 4228 in

308 4264 438 4338 umbra,
463 4273 499 4327 et
523 4263 729 4346 quandoque
753 4264 840 4327 sicut
873 4263 906 4325 in
937 4263 1090 4327 tenebris
1122 4259 1255 4328 noetis:
1290 4272 1326 4326 et
1354 4263 1433 4344 quia

309 4360 399 4423 mala
422 4381 491 4424 non
514 4371 729 4442 separantur,
751 4359 811 4423 sed
832 4360 936 4422 modo
960 4369 1191 4434 removentur,
1211 4359 1278 4422 hoc
1301 4368 1367 4430 est,
1388 4356 1433 4419 ad

308 4453 418 4519 latera
437 4454 654 4536 ablegantur,
677 4465 711 4518 et
734 4455 839 4518 homo
859 4464 976 4536 potest
996 4455 1169 4518 transferri
1193 4476 1211 4518 e
1236 4455 1348 4517 medio
1368 4454 1432 4515 cir·

309 4553 489 4624 cumcirca‚
521 4549 592 4612 fieri
625 4551 730 4613 etiam
762 4561 891 4633 potest,
924 4552 1014 4633 quod
1050 4552 1083 4613 in
1117 4551 1209 4614 mala
1242 4572 1314 4624 sua,
1345 4571 1436 4633 quae

310 4647 459 4711 credidit
479 4643 605 4728 rejedta
624 4665 712 4721 esse,
732 4645 840 4708 redire
861 4648 989 4729 possit:
1025 4645 1129 4708 homo
1153 4646 1243 4708 enim
1268 4646 1347 4709 talis
1366 4656 1432 4723 est,
