3358 5384
461 651 511 702 na
534 648 671 701 o1v1no
695 650 840 714 anona,
860 649 955 702 anns
977 651 1083 702 1.-n.
1101 640 1152 703 60.
1328 654 1369 720 23

306 823 379 907 58.
408 821 510 905 Quod
533 822 664 906 reliqua
680 822 838 898 universi,
857 843 943 905 quae
963 842 1032 886 non
1050 832 1131 887 sunt
1151 822 1238 887 sicut
1253 821 1370 905 angeli

244 935 280 990 et
296 925 385 988 sicut
408 921 576 997 homines,
595 922 699 984 etiam
719 922 789 984 sint
807 921 1010 1003 recipientia
1029 920 1145 984 Divini
1169 920 1309 985 Amoris
1333 929 1370 986 et

245 1022 389 1086 Divinae
405 1018 604 1101 Sapientiae
622 1018 686 1083 Dei
704 1018 874 1094 Hominis,
893 1019 980 1082 sicut
1004 1039 1091 1102 quae
1108 1018 1194 1082 inira
1210 1018 1369 1084 homines

243 1120 370 1183 suntin
389 1138 498 1201 regno
515 1118 665 1194 animali,
687 1127 722 1182 et
739 1138 826 1200 quae
843 1116 927 1180 infra
944 1116 1029 1180 haec
1046 1117 1080 1180 in
1097 1136 1206 1199 regno
1222 1128 1367 1201 vegeta·

242 1217 311 1290 bili,
326 1227 361 1281 et
378 1237 464 1300 quae
481 1216 566 1279 inira
579 1217 664 1280 haec
681 1217 716 1282 in
732 1235 840 1298 regno
858 1214 1022 1291 minerali,
1038 1234 1106 1278 non
1120 1224 1238 1298 potest
1255 1215 1368 1279 adhuc
1432 1256 1435 1267 ›

242 1316 285 1378 ad
298 1313 514 1378 intelledlum
528 1316 656 1398 exponi
672 1337 679 1392 ;
704 1317 794 1397 prius
811 1315 902 1377 enim
916 1313 1012 1397 plura
1028 1314 1072 1377 de
1089 1312 1252 1396 gradibus
1262 1315 1366 1391 vitae,

242 1425 277 1476 et
306 1415 348 1475 de
379 1415 541 1495 gradibus
565 1413 804 1494 recipientium
831 1414 934 1486 vitae,
960 1412 1107 1476 dicenda
1137 1422 1227 1475 sunt.
1275 1411 1366 1476 Con-

238 1509 368 1593 junctio
392 1512 556 1574 cumillis
576 1522 630 1574 est
650 1511 839 1574 secundum
857 1531 936 1573 usus
952 1509 1109 1587 illorum;
1134 1529 1254 1572 omnes
1275 1512 1366 1572 enim

241 1631 320 1672 usus
341 1611 421 1672 boni
447 1630 515 1672 non
541 1609 684 1673 trahunt
708 1609 846 1672 aliunde
866 1628 962 1671 suam
979 1608 1159 1689 originem,
1180 1627 1284 1690 quam
1308 1628 1368 1689 per

242 1707 387 1770 similem
402 1705 677 1789 conjunctionem
691 1726 768 1770 curn
786 1707 873 1781 Deo,
888 1705 949 1769 sed
963 1705 1163 1769 dissimilem
1178 1705 1366 1768 secundum

240 1807 388 1888 gradus;
413 1827 498 1888 quae
516 1803 710 1888 conjundlio
726 1806 919 1868 successive
936 1805 969 1866 in
986 1804 1155 1866 descensu
1171 1801 1209 1865 fit
1223 1802 1313 1878 talis,
1330 1811 1368 1866 ut

241 1904 324 1967 nihil
342 1904 437 1966 liberi
454 1906 532 1986 quia
549 1904 631 1967 nihil
652 1904 805 1978 rationis,
823 1913 857 1966 et
878 1902 957 1964 inde
975 1901 1059 1964 nihil
1078 1901 1300 1983 apparentiae
1316 1899 1366 1963 vi-

241 2012 297 2064 tae
314 2003 405 2077 insit,
423 2014 459 2064 at
477 2023 581 2084 usque
600 2011 680 2064 sunt
698 2001 908 2080 recipientia.
955 1997 1043 2080 Quia
1059 2009 1139 2061 sunt
1154 1999 1366 2078 recipientia,

242 2101 346 2162 etiam
370 2111 449 2162 sunt
477 2101 675 2180 reagentia3
712 2118 792 2161 nam
820 2097 936 2180 perid
959 2097 1051 2180 quod
1075 2099 1143 2160 sint
1174 2097 1364 2177 reagentia,

240 2208 320 2260 sunt
340 2199 561 2261 continentia.
609 2199 660 2260 De
680 2194 920 2276 conjunctione
939 2215 1016 2259 cum
1036 2195 1150 2259 usibus
1170 2215 1238 2258 non
1255 2195 1365 2270 bonis,

240 2294 373 2358 dicetur
392 2307 575 2378 postquam
595 2297 691 2377 origo
710 2294 791 2357 mali
811 2305 954 2358 ostensa
972 2285 1035 2356 est.

302 2406 377 2474 59.
407 2392 464 2455 Ex
497 2392 549 2455 his
583 2403 742 2456 constare
774 2402 902 2474 potest,
931 2391 1023 2474 quod
1057 2390 1219 2453 Divinum
1253 2391 1298 2454 sit
1330 2391 1365 2453 in

239 2491 397 2554 omnibus
417 2501 453 2553 et
472 2491 618 2572 singulis
641 2491 789 2553 universi
813 2490 930 2562 creati,
952 2500 987 2552 et
1011 2490 1090 2552 inde
1113 2489 1204 2570 quod
1229 2487 1365 2550 univer·

240 2607 314 2650 sum
348 2598 501 2651 creatum
536 2590 580 2651 sit
610 2608 695 2669 opus
726 2608 887 2651 manuum
916 2586 1080 2669 Jehovae,
1109 2596 1147 2649 ut
1177 2586 1300 2649 dicitur
1330 2587 1365 2648 in

240 2683 358 2749 Verbo
370 2707 378 2762 3
398 2685 463 2750 lroc
476 2697 541 2760 est,
556 2705 642 2767 opus
656 2686 771 2750 Divini
788 2685 928 2749 Amoris
941 2695 976 2749 et
990 2684 1137 2747 Divinae
1154 2682 1363 2765 Sapientiae,

241 2801 320 2845 nam
336 2782 422 2847 haec
438 2782 679 2866 intelliguntur
695 2803 755 2865 per
773 2789 921 2846 “manus
936 2782 1116 2864 Jehovae.”
1161 2781 1208 2844 Et
1225 2781 1365 2844 tametsi

241 2877 402 2944 Divinum
421 2892 475 2947 est
494 2883 528 2945 in
552 2882 710 2946 omnibus
728 2891 764 2944 et
784 2881 926 2962 singulis
948 2881 1095 2943 universi
1120 2881 1237 2954 creati,
1259 2898 1366 2960 usque

239 2986 293 3041 est
322 2978 407 3042 nihil
436 2980 551 3043 Divini
573 2981 607 3042 in
631 3000 668 3043 se
691 2981 725 3042 in
748 2978 884 3042 illorum
910 2978 1016 3056 Esse;
1050 2979 1244 3056 universum
1272 2977 1364 3039 enim

240 3086 394 3140 creatum
414 3098 482 3141 non
502 3087 556 3142 est
576 3077 681 3153 Deus,
698 3078 760 3140 sed
779 3098 800 3140 a
819 3076 916 3154 Deo;
941 3086 977 3139 et
996 3077 1074 3159 quia
1093 3086 1147 3139 est
1166 3096 1187 3138 a
1206 3073 1292 3148 Deo,
1310 3082 1365 3137 est

239 3171 275 3235 in
298 3172 359 3237 illo
381 3176 496 3258 imago
520 3175 641 3258 Ipsius,
666 3176 754 3239 sicut
788 3175 905 3257 imago
927 3174 1075 3238 hominis
1098 3176 1132 3236 in
1156 3172 1308 3253 speculo,
1328 3172 1363 3233 in

240 3288 307 3351 quo
323 3272 459 3354 quidem
479 3272 583 3337 homo
602 3283 757 3355 apparet,
778 3274 838 3337 sed
858 3293 963 3356 usque
983 3274 1016 3334 in
1036 3271 1094 3334 illa
1113 3271 1196 3334 nihil
1215 3268 1365 3332 hominis

239 3378 304 3432 est.

303 3470 379 3534 60·
411 3467 538 3532 Audivi
562 3469 675 3551 plures
700 3471 734 3533 in
757 3469 886 3532 mundo
906 3466 1074 3550 spirituali
1098 3466 1282 3548 loquentes
1298 3464 1363 3527 cir·

240 3583 317 3627 cum
337 3585 402 3641 me,
420 3566 587 3641 dicentes,
605 3567 696 3649 quod
716 3568 853 3650 quidem
873 3584 1061 3648 agnoscere
1080 3563 1200 3639 velint,
1221 3563 1312 3646 quod
1328 3563 1362 3625 in

239 3665 397 3726 omnibus
417 3674 451 3727 et
471 3665 615 3746 singulis
635 3666 783 3729 universi
806 3667 850 3728 sit
874 3663 1047 3738 Divinum,
1069 3663 1147 3745 quia
1170 3663 1203 3724 in
1227 3660 1293 3724 illis
1311 3662 1361 3723 vi·

239 3760 324 3823 dent
342 3762 509 3824 mirabilia
529 3763 604 3837 Dei,
625 3772 661 3826 et
680 3783 748 3845 quo
767 3764 908 3825 interius
932 3759 1142 3843 spectantur,
1163 3781 1205 3823 eo
1224 3759 1360 3821 mirabi-

239 3859 344 3936 liora;
378 3860 438 3922 sed
471 3880 576 3942 usque
610 3880 686 3922 cum
717 3861 930 3935 audiverunt,
957 3860 1048 3942 quod
1079 3859 1111 3920 in
1141 3857 1299 3921 omnibus
1327 3865 1362 3918 et

238 3957 382 4038 singulis
402 3957 549 4020 universi
569 3959 675 4021 creati
700 3958 862 4020 Divinum
881 3958 961 4020 insit
980 3955 1170 4030 adtualiter,
1192 3953 1363 4035 indignati

238 4065 336 4131 sunt;
365 4056 525 4118 indicium
549 4056 640 4138 quod
664 4056 697 4119 id
721 4056 857 4138 quidem
881 4056 1010 4128 dicant,
1032 4056 1091 4116 sed
1117 4074 1185 4117 non
1209 4053 1361 4114 credant.

239 4149 353 4233 Quare
373 4152 439 4216 illis
458 4150 586 4216 didlum
603 4163 667 4228 est,
686 4173 799 4215 annon
818 4153 884 4216 hoc
902 4152 1033 4233 possint
1054 4151 1169 4214 videre
1189 4148 1299 4212 solum
1316 4169 1362 4210 ex

237 4249 383 4314 mirabili
405 4249 581 4326 facultate,
599 4271 686 4333 quae
708 4252 799 4312 inest
823 4251 927 4312 cuivis
951 4250 1072 4312 semini
1094 4250 1128 4311 in
1152 4247 1214 4311 tali
1242 4245 1361 4308 ordine

238 4348 450 4431 producendi
472 4348 668 4430 vegetabile
698 4368 795 4410 suum
819 4368 924 4430 usque
948 4349 991 4409 ad
1022 4367 1110 4409 nova
1138 4345 1290 4420 semina3
1325 4351 1361 4406 et

238 4447 331 4530 quod
350 4448 383 4510 in
400 4447 589 4529 unoquovis
608 4447 737 4509 semine
754 4447 798 4508 sit
817 4445 894 4508 idea
912 4445 1033 4508 infiniti
1053 4465 1092 4506 ac
1113 4443 1254 4518 aeterni,
1269 4443 1361 4504 nisus

238 4547 374 4610 enimin
387 4545 454 4610 illis
473 4554 579 4609 estse
596 4543 844 4626 multiplicandi
861 4552 897 4605 et
909 4541 1130 4606 fructificandi
1146 4542 1179 4604 in
1193 4539 1361 4603 infinitum

239 4644 325 4708 etin
344 4653 532 4708 aeternum.
577 4641 667 4706 Tum
686 4663 730 4705 ex
747 4640 902 4724 quolibet
925 4641 1063 4704 animali
1083 4642 1189 4703 etiam
1209 4639 1359 4709 minimo,
