3410 5382
335 690 392 738 112
683 680 889 733 SAPIENTIA
912 681 1111 734 ANGELICA

332 861 471 944 Ipsum:
498 856 560 924 sed
577 858 656 943 quia
674 855 821 922 liberum
836 855 967 922 homini
983 877 1053 921 non
1069 856 1229 936 aufertur,
1247 857 1340 942 quod
1355 857 1463 924 homo

333 976 401 1020 non
418 955 519 1020 aliter
534 954 645 1040 possit
665 953 744 1018 duci
763 963 799 1020 et
818 953 945 1030 doceri,
963 972 1066 1038 quarn
1082 954 1271 1018 secundum
1288 956 1462 1039 receptio·

333 1071 412 1117 nem
439 1053 527 1116 sicut
558 1072 578 1115 a
608 1071 655 1115 se.
703 1048 765 1136 (6.)
805 1057 863 1118 [od
892 1049 994 1134 Quod
1026 1049 1076 1114 illi
1106 1051 1162 1134 qui
1192 1051 1373 1136 recipiunt,
1402 1072 1463 1137 per

331 1146 483 1213 infinitas
510 1148 677 1230 ambages
709 1146 797 1211 sicut
828 1165 889 1230 per
920 1149 1125 1212 maeandros
1149 1147 1302 1212 serantur
1327 1149 1373 1212 ad
1400 1169 1462 1213 sua

333 1245 420 1322 loca,
438 1265 548 1329 paene
569 1245 658 1307 sicut
680 1241 802 1326 chylus
826 1264 886 1329 per
910 1243 1155 1308 mesenterium
1179 1253 1216 1309 et
1237 1264 1323 1308 vasa
1349 1241 1462 1309 lattea

333 1341 378 1405 ibi
405 1343 439 1405 in
467 1341 666 1416 cisternam,
695 1349 731 1404 et
758 1340 802 1404 ab
828 1339 891 1404 hac
923 1360 984 1424 per
1008 1338 1147 1404 duilium
1179 1339 1395 1406 thoracicum
1425 1341 1460 1404 in

333 1438 548 1520 sanguinem,
567 1436 668 1501 etsie
690 1437 724 1499 in
748 1454 844 1500 suam
862 1438 991 1500 sedern.
1040 1435 1102 1520 (7.)
1135 1443 1193 1504 [7.]
1219 1434 1322 1519 Quod
1337 1435 1389 1500 illi
1404 1436 1460 1520 qui

334 1552 402 1596 non
434 1533 612 1616 recipiunt,
642 1542 866 1597 secernantur
902 1533 946 1596 ab
985 1532 1053 1596 illis
1083 1532 1140 1617 qui
1169 1533 1260 1597 intra
1297 1532 1459 1596 Divinum

335 1628 524 1694 Hominem
551 1638 642 1705 sunt,
661 1629 760 1693 'sicut
792 1631 836 1692 ab
867 1628 1005 1693 homine
1038 1628 1229 1692 secernitur
1258 1639 1393 1692 stercus
1423 1637 1459 1692 et

333 1728 437 1791 urina.
486 1725 583 1790 Haec
607 1735 687 1789 sunt
714 1744 838 1788 arcana
864 1725 1055 1809 sapientiae
1081 1721 1271 1806 angelicae,
1298 1744 1385 1806 quae
1415 1723 1459 1788 ab

332 1820 472 1886 homine
495 1822 710 1904 aliquantum
734 1820 980 1901 comprehendi
1002 1828 1174 1902 possunt;
1209 1820 1271 1883 sed
1300 1819 1459 1903 perplura

332 1931 424 1999 sunt,
442 1943 529 2006 quae
546 1942 616 1984 non
632 1931 787 2003 possunt.

396 2019 495 2102 165.
526 2017 601 2101 (iii.)
633 2017 731 2096 Quod
744 2017 839 2080 homo
853 2039 875 2081 a
890 2016 1032 2082 Domino
1047 2017 1189 2082 ducatur
1198 2026 1265 2099 per
1280 2015 1457 2101 influxum,

331 2123 365 2177 et
378 2114 535 2178 doceatur
546 2125 611 2196 per
626 2111 1042 2195 illustrationem-Quod
1065 2111 1170 2177 homo
1189 2133 1211 2176 a
1229 2112 1380 2177 Domino
1396 2114 1459 2177 du·

332 2219 431 2274 catur
463 2230 525 2294 per
557 2208 734 2285 influxum,
769 2219 823 2272 est
856 2209 934 2293 quia
970 2209 1048 2273 duci
1080 2218 1116 2272 et
1150 2227 1285 2292 quoque
1319 2207 1459 2273 influere

332 2306 492 2370 dicuntur
508 2306 551 2369 de
570 2324 686 2368 amore
706 2314 742 2368 et
758 2303 941 2368 voluntate
955 2325 962 2381 ;
986 2313 1022 2367 et
1039 2303 1130 2387 quod
1146 2302 1251 2367 homo
1270 2325 1291 2367 a
1306 2303 1458 2368 Domino

331 2401 498 2466 doceatur
520 2423 581 2484 per
603 2400 882 2473 illustrationem,
907 2408 961 2464 est
985 2400 1063 2482 quia
1089 2399 1206 2463 doceri
1229 2409 1265 2463 et
1292 2399 1459 2464 illustrari

331 2499 468 2581 proprie
487 2497 648 2561 dicuntur
667 2498 710 2560 de
730 2495 901 2580 sapientia
924 2505 960 2559 et
982 2492 1174 2560 intellectu.
1220 2492 1323 2576 Quod
1348 2497 1459 2559 omnis

330 2592 436 2656 homo
458 2593 604 2656 ducatur
627 2613 672 2656 ex
697 2612 759 2654 suo
782 2611 897 2654 amore
917 2611 1005 2666 ase,
1025 2600 1062 2655 et
1086 2590 1275 2654 secundum
1298 2587 1396 2654 illum
1415 2590 1459 2655 ab

330 2687 416 2764 aliis,
430 2697 466 2750 et
483 2707 551 2750 non
568 2687 612 2750 ab
627 2683 815 2762 intelledtu,
830 2695 951 2750 notum
968 2696 1022 2750 est
1037 2706 1045 2766 ;
1065 2687 1201 2750 ducitur
1218 2685 1263 2750 ab
1278 2683 1458 2751 intellettu

330 2771 366 2846 et
392 2783 580 2846 secundum
604 2782 712 2858 illum,
737 2783 842 2846 modo
866 2802 942 2846 cum
966 2801 1064 2846 amor
1086 2804 1146 2846 seu
1170 2781 1333 2845 voluntas
1362 2781 1458 2846 illum

330 2877 423 2954 lacit,
448 2878 539 2962 quod
563 2896 640 2940 cum
656 2877 705 2952 fit,
731 2878 838 2942 etiam
860 2878 927 2941 dici
951 2887 1071 2962 potest
1095 2879 1138 2942 de
1162 2874 1342 2941 intellettu
1366 2879 1458 2960 quod

331 2974 494 3050 ducatur;
520 2973 582 3036 sed
602 2993 708 3056 usque
732 2982 813 3036 tunc
834 2993 903 3037 non
927 2973 1064 3037 ducitur
1085 2969 1293 3048 intelledtus,
1311 2972 1373 3035 sed
1395 2994 1456 3036 vo·

329 3068 447 3135 luntas
462 3090 508 3134 ex
524 3078 670 3153 quaest.
716 3067 870 3132 Influxus
886 3069 1020 3142 dicitur,
1034 3070 1113 3152 quia
1128 3089 1190 3131 usu
1208 3078 1386 3151 receptum
1403 3077 1458 3133 est

330 3167 455 3240 dicere,
483 3165 575 3248 quod
605 3165 720 3228 anima
748 3163 867 3227 influat
897 3165 932 3228 in
961 3185 1097 3247 corpus,
1125 3172 1161 3228 et
1189 3164 1280 3247 quod
1307 3162 1458 3227 influxus

330 3261 517 3348 spiritualis
537 3271 573 3324 et
597 3281 666 3324 non
689 3259 852 3344 physicus
871 3260 928 3336 sit,
948 3269 984 3324 et
1003 3260 1119 3324 anima
1137 3281 1197 3323 scu
1216 3259 1290 3322 vita
1308 3258 1457 3324 hominis

330 3369 384 3423 est
403 3357 475 3440 ejus
498 3377 594 3420 amor
617 3377 677 3420 seu
699 3356 871 3430 voluntas,
897 3365 933 3419 ut
958 3357 1049 3439 prius
1075 3367 1256 3419 ostensum
1280 3364 1357 3419 est:
1382 3365 1456 3420 tum

330 3456 409 3538 quia
432 3453 581 3516 influxus
598 3461 653 3515 est
670 3453 907 3535 comparative
930 3453 1019 3514 sicut
1038 3460 1091 3515 est
1111 3449 1259 3514 influxus
1280 3451 1469 3532 sanguinis.

329 3553 363 3614 in
387 3571 456 3624 cor,
481 3558 517 3612 et
540 3570 558 3611 e
582 3547 685 3611 corde
708 3550 743 3611 in
767 3546 975 3629 pulmonem.
1023 3544 1125 3628 Quod
1149 3546 1457 3627 correspondentia

330 3649 375 3709 sit
399 3643 512 3708 cordis
535 3663 612 3706 cum
634 3642 825 3718 voluntate,
850 3663 890 3705 ac
915 3643 1086 3726 pulmonis
1107 3662 1183 3706 cum
1207 3638 1399 3718 intellediu,
1420 3653 1456 3706 et

330 3740 420 3825 quod
438 3735 633 3820 conjundtio
645 3739 835 3803 voluntatis
848 3758 925 3802 cum
945 3735 1123 3802 intelle&
1140 3741 1185 3802 sit
1203 3739 1291 3802 sicut
1307 3737 1456 3802 influxus

329 3835 505 3918 sanguinis
523 3855 542 3898 e
562 3835 665 3897 corde
684 3835 719 3897 in
738 3835 947 3917 pulmonem,
966 3836 1000 3899 in
1018 3831 1251 3898 transadtione
1267 3833 1319 3896 De
1332 3833 1456 3898 Divino

328 3932 455 3996 Amore
471 3941 504 3995 et
520 3930 649 3994 Divina
669 3929 845 4012 Sapientia
862 3929 909 4014 (n.
929 3929 1103 4014 371-432),
1122 3940 1299 3993 ostensum
1317 3939 1382 3993 est.

393 4029 494 4094 1⁶6.
525 4025 628 4109 Quod
647 4039 763 4091 autem
783 4028 888 4091 homo
908 4028 1075 4091 doceatur
1094 4047 1155 4110 per
1174 4025 1454 4101 illustrationem,

328 4134 382 4190 est
399 4125 477 4207 quia
493 4124 609 4188 doceri
630 4135 666 4188 et
685 4145 819 4208 quoque
836 4123 998 4187 illustrari
1016 4124 1175 4187 dicuntur
1192 4124 1235 4186 de
1255 4119 1454 4198 intelledtu3

329 4239 409 4284 nam
428 4215 638 4295 intellectus,
655 4221 710 4304 qui
730 4231 785 4284 est
805 4221 898 4284 visus
916 4218 1064 4283 hominis
1081 4219 1247 4294 internus,
1268 4239 1336 4282 non
1356 4217 1457 4282 aliter

328 4316 518 4381 illustratur
541 4336 562 4381 a
586 4316 663 4381 luce
690 4317 869 4402 spirituali,
895 4338 996 4402 quam
1020 4320 1108 4383 sicut
1133 4317 1252 4382 oculus
1281 4336 1341 4379 seu
1364 4315 1457 4378 visus

328 4413 477 4476 hominis
494 4423 661 4479 externus
677 4436 698 4479 a
713 4414 789 4478 luce
807 4414 963 4478 naturali.
1008 4413 1172 4479 Similiter
1190 4415 1294 4477 etiam
1314 4420 1456 4492 uterque

331 4507 493 4585 docetur;
517 4509 577 4572 sed
594 4511 687 4574 visus
703 4510 868 4586 internus,
883 4511 939 4593 qui
955 4519 1009 4575 est
1026 4505 1235 4584 intelledius,
1254 4508 1299 4573 ab
1314 4501 1457 4589 objectis

330 4603 584 4685 spiritualibus;
609 4615 645 4670 et
664 4606 757 4670 visus
776 4617 954 4682 externus,
974 4605 1031 4688 qui
1053 4613 1109 4669 est
1128 4604 1228 4679 oculi,
1249 4604 1294 4668 ab
1314 4600 1458 4685 objettis

329 4698 554 4764 naturalibus.
601 4699 668 4765 Est
681 4700 749 4774 ‚lux
770 4701 957 4783 spiritualis
978 4711 1014 4767 et
1033 4700 1094 4765 lux
1114 4699 1293 4776 naturalis,
1314 4710 1458 4784 utraque
