3418 5370
445 658 494 710 DE
519 657 657 710 131va
679 658 1035 714 summumne-tt.
1057 663 1127 731 303.
1288 661 1350 730 251

218 831 457 915 cogitationes
476 830 558 908 veri,
577 839 632 896 est
652 832 730 916 quia
749 841 829 898 sunt
848 833 1056 918 recipientes
1075 831 1191 896 Divini
1207 830 1351 898 Amoris

217 937 258 990 et
283 927 429 988 Divinae
454 924 653 1009 Sapientiae
683 948 704 990 a
733 927 905 1008 Domino;
940 949 980 992 ac
1011 948 1133 992 omnes
1151 925 1350 993 affectiones

221 1022 303 1085 boni
327 1035 407 1083 sunt
430 1041 475 1084 ex
501 1021 628 1084 Divino
651 1021 793 1097 Amore,
818 1033 853 1086 et
877 1041 998 1086 omnes
1022 1025 1255 1105 cogitationes
1279 1028 1350 1090 veri

218 1129 302 1180 sunt
331 1137 378 1178 ex
409 1115 534 1178 Divina
558 1115 747 1199 Sapientia.
794 1116 896 1200 Quod
921 1128 1038 1182 autem
1067 1121 1207 1203 spiritus
1230 1123 1350 1186 inferni

218 1213 290 1276 sint
311 1213 615 1293 concupiscentiae
635 1212 716 1275 mali
739 1224 775 1277 et
800 1214 879 1276 inde
902 1215 1170 1296 imaginationes
1190 1220 1275 1296 salsi,
1296 1231 1351 1286 est

217 1309 300 1391 quia
320 1310 353 1370 in
374 1327 490 1370 amore
510 1308 562 1374 sui
580 1319 661 1371 sunt
680 1319 716 1372 et
740 1310 775 1373 in
795 1312 932 1393 propria
950 1311 1193 1393 intelligentia,
1214 1326 1250 1381 et
1274 1338 1350 1382 om·

220 1424 285 1467 nes
303 1403 606 1484 concupiscentiae
625 1404 707 1467 mali
730 1418 812 1469 sunt
835 1428 881 1470 ex
900 1429 1018 1473 amore
1037 1410 1098 1486 sui,
1118 1432 1158 1476 ac
1181 1413 1349 1498 imagina-

221 1499 337 1563 tiones
352 1498 428 1560 salsi
448 1509 528 1560 sunt
547 1519 592 1563 ex
612 1501 751 1583 propria
766 1501 1009 1585 intelligentia.

286 1606 387 1676 302·
418 1589 600 1657 Ordinatio
618 1592 838 1660 affectionum
861 1599 1026 1680 incaelo,
1047 1618 1083 1671 et
1103 1609 1349 1692 concupiscen-

222 1692 346 1756 tiarum
379 1691 413 1751 in
447 1690 590 1766 inferno,
622 1702 677 1755 est
708 1694 884 1772 mirabilis,
913 1711 950 1764 et
981 1701 1046 1766 soli
1075 1703 1226 1770 Domino
1256 1718 1350 1770 nota,

218 1786 310 1851 Sunt
331 1787 487 1870 utrinque
507 1784 691 1851 distinctae
714 1791 747 1853 in
767 1813 897 1874 genera
916 1808 952 1861 et
971 1800 1116 1882 species,
1137 1822 1176 1866 ac
1200 1803 1248 1866 ita
1266 1822 1350 1866 con·

214 1881 358 1966 junctae
378 1892 415 1945 ut
436 1903 538 1945 unum
559 1895 688 1966 agant;
712 1897 748 1950 et
766 1890 846 1972 quia
861 1893 1044 1960 distinctae
1068 1899 1202 1962 suntin
1221 1917 1351 1981 genera

217 1989 258 2044 et
278 1980 421 2062 species,
442 1977 627 2042 distinctae
647 1991 727 2045 sunt
748 1985 782 2046 in
806 1991 997 2055 societates
1016 1993 1161 2076 majores
1180 2003 1216 2058 et
1239 1994 1349 2058 mino-

220 2098 299 2156 res;
327 2087 363 2141 et
386 2078 464 2159 quia
488 2075 691 2160 conjunctae
714 2095 796 2148 sunt
819 2097 856 2150 ut
879 2108 982 2151 unum
1005 2104 1124 2172 agant,
1145 2087 1348 2172 conjunctae

217 2185 303 2237 sunt
323 2175 410 2236 sicut
430 2175 545 2237 omnia
562 2197 649 2258 quae
668 2181 758 2262 apud
778 2182 954 2247 hominem
975 2195 1065 2249 sunt.
1109 2185 1194 2249 Inde
1214 2184 1347 2250 caelum

219 2271 256 2334 ,in
273 2292 333 2334 sua
348 2272 457 2334 forma
473 2284 527 2338 est
545 2275 633 2338 sicut
651 2276 757 2339 homo
773 2278 925 2360 pulcher,
939 2279 1034 2362 cujus
1050 2280 1164 2344 anima
1179 2291 1234 2344 est
1250 2279 1347 2344 Divi·

218 2391 285 2434 nus
304 2369 416 2433 Amor
434 2380 471 2432 et
492 2369 617 2433 Divina
633 2370 821 2455 Sapientia,
839 2376 888 2438 ita
908 2374 1095 2453 Dominus;
1119 2395 1159 2439 ac
1178 2375 1346 2439 infernum

218 2467 256 2530 in
276 2487 336 2528 sua
359 2466 467 2529 forma
486 2475 539 2528 est
564 2467 653 2530 sicut
673 2468 778 2532 homo
798 2480 1025 2545 monstrosus,
1046 2469 1140 2552 cujus
1159 2472 1274 2535 anima
1293 2481 1348 2537 est

216 2583 318 2627 amor
341 2565 391 2626 sui
415 2573 450 2627 et
475 2565 612 2646 propria
631 2564 872 2648 intelligentia,
892 2566 939 2628 ita
962 2564 1138 2628 diabolus:
1167 2567 1345 2629 nonenim

215 2669 275 2723 est
299 2659 422 2742 aliquis
444 2658 614 2736 diabolus,
634 2661 691 2743 qui
714 2660 807 2724 solus
830 2670 885 2724 est
908 2661 1066 2724 dominus
1088 2660 1144 2738 ibi,
1165 2661 1226 2726 sed
1249 2681 1347 2726 amor

214 2757 270 2819 sui
289 2757 338 2820 ita
353 2764 504 2819 vocatur.

284 2868 388 2936 303.
419 2851 486 2915 Sed
510 2861 547 2916 ut
572 2850 694 2916 melius
714 2852 853 2926 sciatur,
873 2850 975 2934 quale
998 2861 1052 2917 est
1074 2852 1208 2917 caelum
1231 2861 1267 2917 et
1289 2862 1345 2918 est

214 2949 398 3022 infernum,
425 2969 487 3031 pro
514 2945 750 3015 affectionibus
772 2948 854 3012 boni
877 2959 1056 3012 sumantur
1074 2947 1223 3031 jucunda
1249 2949 1342 3027 boni,

213 3055 255 3109 et
279 3067 340 3129 pro
363 3045 653 3128 concupiscentiis
672 3043 753 3107 mali
773 3053 952 3107 sumantur
967 3043 1116 3125 jucunda
1134 3043 1237 3123 mali;
1262 3063 1342 3108 nam

215 3163 288 3205 non
306 3143 406 3205 datur
423 3139 556 3205 affectio
576 3151 612 3205 et
631 3141 912 3223 concupiscentia
929 3139 1057 3222 absque
1070 3139 1239 3222 jucundis,
1256 3139 1342 3205 haec

215 3239 309 3303 enim
325 3238 453 3302 iaciunt
472 3240 576 3301 vtam
594 3237 752 3319 cujusvis.
798 3235 895 3299 Haec
914 3245 993 3300 sunt
1010 3256 1097 3319 quae
1112 3237 1162 3300 ita
1177 3234 1342 3302 distincta

212 3348 255 3399 et
279 3332 462 3416 conjundia
485 3345 576 3408 sunt,
598 3345 633 3398 ut
663 3354 765 3417 supra
794 3333 837 3395 de
867 3329 1101 3396 affectionibus
1123 3331 1204 3395 boni
1233 3341 1269 3395 et
1297 3333 1342 3396 de

212 3431 508 3515 concupiscentiis
528 3432 609 3495 mali
627 3429 756 3495 dicium
776 3439 839 3493 est.
883 3426 1074 3510 Jucundum
1091 3448 1171 3491 suae
1189 3424 1341 3492 affectio·

219 3532 271 3594 nis
287 3529 407 3612 implet
425 3539 461 3593 et
481 3529 717 3609 circumstipat
734 3524 994 3607 unumquemvis
1011 3523 1172 3604 angelum
1188 3523 1285 3600 caeli,
1304 3534 1340 3590 et

212 3647 352 3711 quoque
367 3625 553 3707 jucundum
572 3645 753 3688 commune
769 3621 891 3704 implet
912 3631 947 3683 et
967 3620 1202 3702 circumstipat
1220 3641 1340 3685 unam·

211 3725 374 3806 ¹quamvis
392 3722 597 3784 societatem
618 3719 714 3792 caeli,
732 3729 768 3782 et
783 3716 970 3800 jucundum
990 3716 1141 3779 omnium
1161 3716 1260 3780 simul
1280 3737 1340 3782 seu

211 3817 533 3881 communissimum
558 3819 752 3880 universum
775 3814 920 3878 caelum.
966 3810 1131 3875 Similiter
1152 3811 1338 3894 jucundum

211 3939 299 3982 suae
324 3917 625 4000 concupiscentiae
649 3915 769 3997 implet
793 3926 829 3978 et
853 3911 1089 3992 circumstipat
1113 3928 1338 3992 unumquem-

216 4016 268 4076 vis
288 4016 443 4094 spiritum
468 4011 597 4084 inserui,
618 4021 654 4074 et
672 4011 859 4092 jucundum
879 4027 1059 4072 commune
1080 4007 1340 4088 unamquamvis

210 4111 419 4174 societatem
439 4108 569 4182 inferni,
589 4118 625 4171 et
646 4106 831 4189 jucundum
851 4108 1004 4171 omnium
1023 4126 1081 4169 seu
1104 4103 1341 4167 communissi-

209 4224 308 4268 mum
320 4197 432 4268 totum
445 4203 622 4267 infernum.
664 4201 846 4284 Quoniam,
859 4213 895 4268 ut
909 4199 1148 4284 supradictum
1162 4209 1224 4273 est,
1236 4197 1338 4262 affec·

208 4301 329 4364 tiones
345 4299 431 4364 caeli
448 4308 483 4363 et
501 4299 802 4380 concupiscentiae
818 4298 937 4363 inferni
953 4309 1033 4363 sunt
1050 4299 1112 4361 sibi
1131 4318 1150 4361 e
1169 4295 1339 4360 diametro

208 4397 408 4478 oppositae,
429 4404 529 4479 patet
545 4393 636 4478 quod
652 4393 838 4476 jucundum
859 4393 945 4459 caeli
965 4396 1009 4459 sit
1029 4395 1099 4461 tale
1118 4393 1338 4477 injucundum

208 4491 249 4555 in
268 4491 399 4555 insemo
418 4502 455 4553 ut
474 4489 558 4554 illud
578 4510 647 4554 non
667 4491 871 4564 sustineant,
890 4500 927 4554 et
945 4491 1093 4555 vicissim
1110 4492 1200 4574 quod
1216 4490 1337 4573 jucun·

207 4585 295 4650 dum
313 4585 433 4649 inferni
453 4586 497 4650 sit
517 4583 588 4650 tale
607 4584 825 4667 injucundum
841 4585 874 4649 in
894 4585 1003 4664 caelo,
1021 4596 1058 4651 ut
1077 4585 1160 4650 illud
1180 4607 1243 4651 nec
1262 4607 1339 4650 sus·

207 4681 358 4746 tineant.
404 4679 489 4744 Inde
508 4690 562 4748 est
579 4680 783 4766 antipathia,
803 4681 986 4760 aversatio,
1005 4690 1041 4746 et
1060 4682 1244 4765 separatio.
