3434 5364
521 605 535 630 .

527 677 579 730 na
602 677 740 730 pruma
764 677 1122 732 Pnovmauma-u.
1141 669 1173 734 8.
1396 687 1419 759 7

286 852 533 921 formosissima
551 853 632 920 sint.
679 851 781 934 Quod
801 854 852 918 ita
870 855 927 930 sit,
948 865 1003 919 est
1020 857 1099 939 quia
1121 857 1232 939 prima
1254 857 1417 924 substan·

286 951 336 1015 tia
356 959 409 1014 est
427 971 472 1013 ex
492 946 573 1012 Sole
593 947 768 1032 spirituali,
786 949 854 1033 qui,
872 959 909 1012 ut
927 947 1055 1014 dictum
1073 962 1139 1029 est,
1157 962 1212 1016 est
1229 973 1250 1017 a
1266 951 1419 1020 Domino

286 1045 376 1110 etin
395 1065 463 1129 quo
483 1043 671 1107 Dominus:
696 1044 747 1107 ita
766 1054 821 1108 est
837 1046 912 1127 ipse
931 1044 988 1109 ille
1008 1043 1069 1109 Sol
1089 1047 1189 1111 unica
1208 1047 1418 1128 substantia,

286 1141 342 1224 qui
366 1143 444 1224 quia
467 1160 537 1204 non
560 1141 595 1203 in
624 1141 739 1223 spatio
763 1150 829 1216 est,
854 1151 909 1205 est
936 1159 1040 1208 omne
1064 1163 1098 1206 m
1123 1145 1296 1223 omnibus,
1319 1167 1360 1212 ac
1385 1149 1420 1212 in

287 1237 447 1300 maximis
464 1244 499 1300 et
515 1236 662 1300 minimis
679 1237 827 1300 universi
843 1237 962 1302 creati.
1008 1250 1066 1314 [2.]
1097 1237 1184 1304 Cum
1207 1239 1268 1306 Sol
1287 1239 1346 1308 ille
1366 1252 1420 1309 est

286 1331 481 1396 substantia
503 1332 613 1415 prima
635 1340 671 1395 et
700 1331 811 1407 unica,
836 1352 881 1394 ex
905 1351 973 1416 qua
995 1334 1123 1410 omnia,
1147 1337 1303 1420 sequitur
1327 1338 1419 1421 quod

286 1426 320 1490 in
345 1427 404 1490 illa
428 1429 497 1490 sint
518 1425 650 1490 infinite
674 1425 784 1510 plura,
801 1447 903 1510 quam
920 1447 1008 1512 quae
1028 1449 1195 1513 apparere
1218 1444 1365 1517 possunt
1384 1435 1418 1497 in

286 1521 492 1586 substantiis
521 1521 601 1585 inde
631 1522 795 1596 oriundis,
826 1543 914 1605 quae
944 1524 1182 1590 substantiata
1212 1537 1249 1591 et
1279 1526 1419 1591 demum

287 1618 452 1681 materiae
469 1626 662 1695 vocantur;
685 1617 777 1701 quod
798 1616 859 1680 illa
876 1637 944 1681 non
961 1619 996 1682 in
1015 1617 1068 1685 his
1087 1640 1254 1704 apparere
1273 1624 1419 1706 possint,

285 1721 340 1777 est
359 1714 438 1796 quia
459 1713 678 1776 descendunt
700 1732 721 1775 a
739 1710 821 1776 Sole
841 1713 901 1776 illo
923 1716 1126 1796 pergradus
1145 1716 1293 1800 duplicis
1311 1737 1418 1800 gene·

285 1809 341 1884 ris,
362 1808 549 1872 secundum
570 1827 656 1891 quos
680 1826 801 1872 omnes
820 1804 1049 1891 periefflones
1068 1810 1285 1876 decrescunt.
1332 1812 1419 1876 Inde

285 1914 352 1980 est,
369 1905 473 1987 quod,
492 1915 529 1967 ut
546 1899 792 1986 supradictum
810 1913 873 1980 est,
891 1925 958 1987 quo
975 1905 1118 1970 interius
1136 1906 1265 1991 aliquid
1282 1905 1418 1990 spedta·

285 2009 352 2074 tur,
367 2020 409 2064 eo
425 1999 645 2073 mirabiliora,
663 1996 866 2081 perfectiora
883 2009 919 2064 et
935 2000 1138 2065 formosiora
1150 2003 1418 2086 conspiciantur.

238 2153 240 2158 .
286 2093 385 2159 Haec
402 2092 603 2169 dictasunt,
621 2103 658 2157 ιιι
677 2093 910 2170 confirmetur,
928 2095 1020 2178 quod
1038 2096 1201 2161 Divinum
1220 2098 1254 2161 in
1271 2099 1418 2180 quadam

285 2190 436 2273 imagine
458 2191 504 2254 sit
528 2191 562 2254 in
585 2190 681 2253 omni
700 2199 830 2264 creato,
848 2190 910 2254 sed
934 2191 1027 2273 quod
1050 2191 1085 2254 id
1109 2195 1221 2256 minus
1244 2201 1281 2257 et
1306 2195 1418 2257 minus

285 2296 450 2369 appareat
469 2287 503 2350 in
523 2286 771 2351 descendendo
787 2307 848 2370 per
864 2287 1003 2369 gradus,
1021 2297 1056 2352 et
1075 2287 1189 2354 adhuc
1207 2290 1319 2353 minus
1336 2290 1418 2353 dum

285 2384 413 2466 gradus
426 2382 563 2446 inferior
575 2391 754 2464 separatus
770 2403 790 2444 a
805 2381 914 2464 gradu
927 2384 1093 2466 superiori
1109 2403 1170 2467 per
1182 2383 1417 2450 occlusionem

284 2479 482 2562 obstipatur
505 2480 659 2542 materiis
683 2478 912 2542 terrestribus.
958 2476 1027 2543 Sed
1051 2480 1137 2544 haec
1170 2499 1238 2544 non
1270 2492 1417 2564 possunt

286 2592 355 2639 non
381 2574 528 2638 obscura
550 2574 669 2650 videri,
694 2574 758 2638 nisi
782 2571 873 2638 lecta
896 2575 965 2639 sint
995 2585 1032 2639 et
1062 2574 1243 2641 intellefta
1266 2598 1354 2660 quae
1383 2580 1415 2642 in

285 2667 519 2734 transactione
536 2669 587 2734 De
597 2668 723 2733 Divirw
733 2668 862 2733 Amore
875 2679 907 2733 et
921 2669 1051 2735 Divina
1067 2670 1255 2752 Sapientia,
1275 2674 1320 2738 de
1334 2671 1416 2739 Sole

284 2766 453 2848 spirituali
482 2764 530 2848 (n.
559 2763 741 2847 ιη83-172),
765 2763 809 2828 de
839 2765 1004 2846 gradibus
1036 2763 1280 2849 (n.173-281),
1306 2778 1342 2832 ει
1373 2769 1416 2834 de

284 2863 460 2932 creatione
481 2861 630 2925 universi
650 2857 698 2942 (n.
719 2859 895 2942 282-357),
914 2860 1155 2925 demonstrata
1173 2876 1265 2927 sunt.

348 2969 388 3039 7.
412 2956 488 3041 (iv.)
522 2955 620 3035 Quod
637 2955 783 3018 Divime
803 2955 1045 3020 Providentiae
1067 2957 1125 3033 sit,
1150 2967 1188 3020 at
1205 2979 1299 3022 omne
1320 2980 1414 3024 crea·

283 3060 355 3116 tum
372 3052 407 3116 in
426 3052 591 3116 communi
605 3061 638 3114 et
654 3052 690 3114 in
705 3060 816 3133 parte,
833 3049 880 3114 sit
894 3050 963 3113 tale
980 3071 1104 3126 unum,·
1126 3061 1158 3116 et
1175 3053 1210 3115 si
1225 3073 1288 3115 non
1305 3065 1364 3128 est,
1379 3065 1417 3118 ut

283 3147 379 3232 fiat:
412 3147 478 3212 hoc
506 3155 573 3222 est,
598 3155 635 3210 ut
665 3147 700 3209 in
731 3146 825 3210 omni
848 3154 968 3210 creato
991 3146 1036 3209 sit
1059 3146 1188 3230 aliquid
1215 3168 1261 3211 ex
1286 3147 1415 3215 Divino

284 3241 417 3308 Amore
444 3253 482 3308 et
511 3241 610 3305 simul
640 3262 686 3305 ex
716 3241 844 3305 Divina
866 3239 1068 3322 Sapientia;
1100 3262 1160 3305 seu
1188 3243 1280 3324 quod
1310 3243 1413 3323 idem,

285 3338 377 3421 quod
401 3339 435 3402 in
460 3338 554 3403 omni
574 3347 695 3402 creato
714 3338 759 3401 sit
778 3337 907 3400 bonum
931 3345 967 3399 et
990 3354 1120 3412 verum,
1140 3357 1200 3399 seu
1220 3336 1415 3418 conjundtio

284 3432 425 3498 boniet
449 3436 530 3498 veri.
576 3432 750 3516 Quoniam
770 3432 900 3496 bonum
925 3441 979 3495 est
1003 3432 1131 3495 amoris
1155 3441 1191 3495 et
1218 3450 1336 3495 verum
1361 3443 1415 3500 est

284 3529 487 3611 sapientiae,
506 3538 543 3592 ut
562 3549 664 3611 supra
685 3526 732 3610 (ιι.
756 3525 789 3610 5)
810 3524 1021 3602 dictumest,
1039 3527 1118 3591 ideo
1136 3526 1170 3589 in
1190 3528 1415 3610 sequentibus

285 3645 348 3708 pro
371 3645 487 3688 amore
511 3634 547 3689 et
571 3625 740 3706 sapientia
763 3625 890 3706 passim
914 3622 1049 3686 dicetur
1071 3622 1200 3686 bonum
1224 3633 1260 3686 et
1283 3643 1414 3701 verum,

283 3729 320 3785 et
337 3741 398 3802 pro
415 3721 540 3783 unione
556 3720 683 3783 amoris
700 3729 736 3784 ει
755 3717 947 3802 sapientiae
964 3717 1160 3800 conjugium
1177 3717 1258 3780 boni
1277 3728 1313 3783 et
1332 3721 1414 3784 veri.

348 3814 391 3880 8.
421 3815 477 3878 Ex
494 3815 640 3880 articulo
658 3815 889 3895 praecedente
906 3822 1017 3896 patet,
1032 3814 1123 3895 quod
1141 3812 1287 3878 Divinus
1303 3813 1416 3879 Amor

284 3921 321 3976 et
352 3911 478 3975 Divina
502 3908 691 3993 Sapientia,
711 3930 799 3993 quae
829 3911 862 3972 in
894 3909 1046 3973 Domino
1076 3928 1180 3972 unum
1212 3919 1304 3984 sunt,
1329 3919 1364 3974 et
1395 3930 1415 3972 a

285 4005 436 4070 Domino
460 4016 496 4070 ut
525 4024 627 4068 unum
652 4005 857 4087 procedunt,
882 4005 953 4069 sint
975 4005 1009 4067 in
1034 4004 1182 4086 quadam
1205 4004 1356 4085 imagine
1380 4005 1414 4067 in

284 4102 376 4166 omni
393 4111 512 4165 creato
527 4101 572 4164 ab
587 4100 678 4183 Ipso.
716 4098 817 4164 Nunc
834 4101 939 4164 etiam
955 4098 1083 4183 aliquid
1099 4099 1133 4162 in
1149 4098 1262 4181 specie
1283 4098 1327 4164 de
1347 4118 1415 4161 uno

283 4195 356 4271 illo,
380 4215 441 4260 seu
475 4195 611 4270 unione,
637 4215 724 4277 quae
752 4204 897 4258 vocatur
920 4193 1116 4275 conjugium
1152 4193 1233 4255 boni
1264 4201 1301 4258 ει
1330 4195 1412 4270 νειῐ,

285 4290 429 4356 dicetur.
473 4289 679 4373 Conjugium
699 4289 784 4354 illud
804 4300 858 4354 est
880 4289 941 4372 (1.)
968 4289 1006 4354 In
1032 4290 1113 4372 Ipso
1134 4287 1305 4369 Domino;
1333 4308 1413 4353 nam

285 4396 323 4450 ut
342 4383 470 4451 dietum
489 4393 555 4461 est,
576 4386 722 4450 Divinus
741 4384 852 4450 Amor
870 4396 906 4450 et
927 4385 1052 4448 Divina
1072 4383 1251 4466 Sapientia
1273 4383 1308 4448 in
1332 4384 1414 4469 ipso

285 4501 390 4546 unum
402 4491 494 4546 sunt.
541 4478 602 4565 (2.)
627 4480 693 4546 Est
710 4502 755 4545 ex
772 4480 944 4556 Domino;
968 4499 1047 4545 nam
1065 4481 1098 4543 in
1115 4481 1209 4544 omni
1226 4480 1317 4563 quod
1333 4501 1413 4564 pro·

284 4578 380 4643 cedit
413 4599 458 4642 ex
493 4576 586 4660 ipso,
611 4587 692 4642 sunt
716 4595 814 4640 amor
846 4586 882 4641 et
916 4575 1096 4660 Sapientia
1123 4596 1261 4660 prorsus
1295 4577 1414 4655 unita;

284 4671 345 4739 illa
376 4674 447 4738 duo
476 4673 671 4752 procedunt
703 4693 725 4736 a
758 4672 910 4736 Domino
945 4683 981 4736 ut
1017 4671 1108 4744 Sole,
1134 4672 1280 4737 Divinus
1304 4673 1415 4737 Amor
