3358 5384
350 651 388 717 52
706 645 908 698 SAPIENTIA
932 644 1128 698 ANGELICA

351 819 478 882 minum
495 828 532 883 ut
549 815 677 894 Solem,
695 826 748 882 est
765 817 844 902 quia
856 816 971 900 angeli
988 818 1022 881 in
1039 816 1188 881 Domino
1204 827 1283 882 sunt
1300 827 1336 882 et
1353 817 1479 883 Domi-

351 933 413 976 nus
430 915 464 977 in
483 913 560 990 illis,
581 923 617 977 et
637 912 805 977 Dominus
824 914 965 977 interius
984 913 1078 977 ducit
1101 910 1299 977 affectiones
1318 923 1354 977 et
1377 916 1477 996 cogi·

350 1010 503 1072 tationes
529 1027 659 1084 eorum,
679 1018 716 1073 et
745 1009 851 1072 vertit
878 1007 955 1072 illas
980 1007 1109 1091 jugiter
1131 1008 1174 1071 ad
1199 1006 1264 1086 Se;
1299 1009 1380 1073 inde
1403 1029 1476 1073 non

350 1115 495 1186 possunt
525 1104 626 1169 aliter
651 1123 754 1188 quam
784 1104 828 1167 ad
855 1105 1036 1179 orientem,
1061 1104 1117 1167 ubi
1148 1103 1318 1168 Dominus
1348 1114 1385 1168 ut
1412 1104 1475 1171 Sol

349 1211 506 1282 apparet,
531 1197 697 1284 spectare.
751 1199 838 1264 Inde
866 1208 977 1284 patet,
1002 1199 1094 1283 quod
1123 1199 1240 1283 angeli
1268 1219 1338 1264 non
1363 1221 1400 1265 se
1427 1201 1472 1264 ad

348 1298 536 1362 Dominum
555 1306 704 1372 vertant,
725 1296 787 1361 sed
810 1295 902 1380 quod
931 1294 1099 1360 Dominus
1128 1294 1207 1359 illos
1229 1296 1274 1359 ad
1297 1295 1362 1362 Se:
1392 1317 1474 1361 cum

348 1395 439 1458 enim
458 1391 573 1475 angeli
596 1393 740 1456 interius
759 1393 920 1474 cogitant
938 1391 981 1454 de
1001 1391 1163 1469 Domino,
1183 1401 1266 1457 tunc
1286 1411 1355 1456 non
1375 1394 1473 1476 cogi·

346 1499 425 1553 tant
441 1489 485 1553 de
501 1489 582 1571 Ipso
598 1487 699 1552 aliter
716 1505 818 1570 quam
837 1487 872 1550 in
891 1507 948 1566 se;
972 1487 1045 1569 ipsa
1061 1487 1229 1570 cogitatio
1244 1487 1387 1552 interior
1402 1508 1473 1553 non

345 1584 427 1649 iacit
457 1585 672 1660 distantiam,
696 1583 757 1647 sed
785 1583 958 1666 cogitatio
987 1583 1151 1661 exterior,
1175 1603 1263 1666 quae
1292 1602 1370 1648 cum
1396 1585 1475 1649 visu

345 1680 521 1745 oculorum
540 1699 644 1745 unum
662 1679 747 1762 agit,
764 1678 857 1743 facit.
904 1675 1016 1743 Causa
1033 1687 1099 1756 est,
1119 1679 1198 1762 quia
1216 1679 1387 1763 cogitatio
1406 1701 1470 1744 ex·

345 1777 451 1841 terior
469 1785 523 1842 est
542 1777 576 1840 in
593 1776 717 1859 spatio,
738 1795 807 1839 non
824 1784 940 1839 autem
958 1775 1100 1839 interior
1111 1795 1120 1854 ;
1144 1783 1180 1839 et
1199 1775 1255 1838 ubi
1274 1795 1344 1840 non
1363 1786 1417 1841 est
1435 1777 1472 1841 in

345 1873 471 1956 spatio,
495 1881 533 1936 ut
560 1872 594 1935 in
624 1872 754 1936 mundo
779 1869 959 1954 spirituali,
984 1891 1088 1954 usque
1120 1880 1175 1934 est
1204 1871 1238 1934 in
1269 1873 1474 1955 apparentia

345 1967 458 2050 spatii.
502 1965 571 2032 Sed
590 1965 676 2030 haec
698 1985 817 2050 parum
841 1975 989 2048 possunt
1012 1964 1161 2049 iutelligi
1179 1965 1224 2031 ab
1241 1965 1391 2042 homine,
1412 1968 1472 2050 qui

346 2062 389 2128 de
408 2061 485 2126 Deo
507 2061 641 2145 cogitat
664 2081 710 2125 ex
732 2062 868 2144 spatio;
897 2061 991 2124 Deus
1014 2061 1106 2125 enim
1125 2070 1180 2126 est
1202 2061 1323 2137 ubivis,
1344 2071 1380 2126 et
1400 2082 1472 2126 non

343 2166 463 2223 tamen
481 2158 515 2221 in
533 2157 667 2240 spatio:
691 2158 742 2222 ita
764 2166 817 2221 est
837 2166 910 2220 tam
929 2157 1021 2221 intra
1039 2175 1141 2240 quam
1164 2167 1267 2221 extra
1282 2157 1472 2241 angelum

343 2262 379 2319 et
398 2254 478 2318 inde
494 2261 612 2337 potest
631 2251 774 2337 angelus
789 2252 906 2316 videre
922 2250 1045 2328 Deum,
1062 2250 1128 2316 hoc
1145 2261 1210 2328 est,
1221 2251 1419 2328 Dominum,
1432 2261 1470 2318 et

341 2349 431 2414 intra
449 2370 487 2414 se
505 2359 541 2414 et
560 2359 664 2414 extra
681 2368 739 2427 se;
769 2349 860 2412 intra
879 2368 916 2412 se
935 2348 1016 2412 dum
1039 2369 1085 2412 ex
1104 2367 1221 2414 amore
1240 2359 1276 2414 et
1296 2349 1467 2430 sapientia

343 2445 488 2529 cogitat,
509 2454 612 2509 extra
630 2465 668 2509 se
686 2443 768 2508 dum
786 2443 830 2507 de
848 2462 965 2508 amore
984 2453 1020 2508 et
1039 2445 1219 2526 sapientia.
1264 2443 1332 2508 Sed
1351 2444 1396 2508 de
1415 2444 1472 2508 his

342 2541 376 2604 in
395 2541 509 2624 specie
531 2540 665 2605 dicetur
687 2540 721 2604 in
744 2537 1034 2603 transactionibus
1051 2539 1095 2603 de
1109 2539 1250 2604 Domini
1264 2539 1463 2622 Omm'prae·

343 2636 462 2714 senna,
484 2634 724 2702 Omniscientia
745 2644 778 2699 et
798 2633 1053 2717 Omnipotentris.
1105 2631 1237 2702 Caveat
1260 2636 1324 2700 sibi
1350 2639 1469 2701 omnis

343 2751 387 2795 ne
405 2732 440 2795 in
459 2731 711 2796 exsecrabilem
733 2730 828 2794 illam
852 2729 1008 2795 haeresin
1029 2730 1175 2808 labatur,
1192 2733 1287 2816 quod
1306 2732 1402 2798 Deus
1421 2731 1470 2798 Se

342 2827 501 2891 infuderit
524 2825 730 2902 hominibus,
750 2836 786 2890 et
809 2827 900 2910 quod
920 2826 1038 2896 inillis
1057 2829 1112 2901 sit,
1133 2836 1169 2891 et
1186 2848 1255 2892 non
1274 2830 1308 2892 in
1328 2826 1373 2893 Se
1392 2847 1466 2893 am·

341 2924 450 3006 plius;
480 2941 556 2985 cum
584 2931 701 2986 tamen
732 2921 825 2986 Deus
848 2932 902 2987 est
926 2922 1046 2998 ubivis,
1072 2933 1144 2988 tam
1173 2924 1264 2987 intra
1289 2923 1468 2990 hominem

341 3038 443 3102 quarn
461 3027 563 3081 extra
582 3017 699 3096 illum;
728 3027 783 3081 est
799 3019 889 3082 enim
909 3019 942 3080 in
959 3019 1052 3081 omni
1071 3019 1185 3100 spatio
1204 3019 1331 3102 absque
1350 3022 1469 3101 spatio

343 3113 397 3198 (ut
416 3133 529 3194 supra,
547 3132 579 3176 n.
592 3126 687 3193 7-10,
707 3111 823 3194 69-72,
840 3123 1019 3177 ostensum
1038 3111 1121 3196 est).
1168 3113 1258 3178 Nam
1277 3116 1305 3178 si
1324 3114 1412 3179 soret
1429 3117 1466 3179 in

339 3210 490 3285 bomine,
510 3209 598 3274 soret
614 3229 683 3272 non
704 3208 808 3272 modo
826 3208 993 3286 dividuus,
1012 3210 1196 3273 sedetiam
1216 3209 1365 3274 inclusus
1384 3231 1465 3293 spa·

339 3309 410 3386 tio;
442 3309 547 3370 immo
566 3305 672 3369 etiam
695 3303 801 3368 bomo
824 3314 906 3368 tunc
926 3305 1095 3386 potuisset
1120 3307 1275 3386 cogitare
1293 3326 1330 3369 se
1350 3305 1467 3372 Deum

338 3423 425 3467 esse.
472 3401 569 3464 Haec
597 3398 748 3463 haeresis
771 3409 843 3464 tam
866 3400 1105 3464 abominabilis
1128 3411 1193 3476 est,
1214 3411 1252 3465 ut
1275 3402 1309 3465 in
1333 3403 1468 3467 mundo

338 3497 506 3580 spirituali
525 3505 646 3577 puteat
664 3495 754 3559 sicut
773 3495 931 3558 cadaver.

402 3607 493 3674 131·
523 3589 712 3654 Conversio
724 3590 925 3672 angelorum
939 3590 982 3654 ad
1000 3590 1185 3654 Dominum
1200 3593 1279 3655 talis
1291 3601 1356 3667 est,
1370 3593 1466 3675 quod

341 3688 375 3751 in
389 3687 482 3750 omni
494 3686 719 3750 conversione
732 3686 884 3767 corporis
900 3686 1034 3750 illorum
1048 3685 1205 3769 speeient
1219 3689 1262 3751 ad
1277 3687 1464 3752 Dominum

338 3791 375 3845 ut
392 3779 508 3846 Solem
525 3791 606 3844 ante
623 3801 670 3844 se.
706 3780 863 3862 Angelus
880 3791 995 3862 potest
1012 3803 1050 3846 se
1066 3795 1269 3846 convertere
1286 3784 1411 3847 circum
1425 3794 1462 3848 et

337 3875 475 3952 circum,
491 3886 528 3940 et
547 3895 607 3957 per
625 3876 658 3938 id
679 3876 794 3939 videre
807 3877 901 3939 varia
920 3895 1006 3958 quae
1023 3879 1149 3941 circum
1169 3877 1263 3941 illum
1287 3891 1378 3954 sunt,
1399 3879 1463 3943 sed

337 3992 443 4054 usque
474 3971 642 4035 Dominus
666 3983 703 4035 ut
727 3970 786 4036 Sol
810 3983 891 4035 ante
918 3971 1038 4036 faciem
1063 3973 1132 4054 ejus
1155 3971 1284 4056 jugiter
1306 3986 1463 4057 apparet.

337 4065 414 4132 Hoc
432 4076 549 4149 potest
565 4067 719 4131 mirabile
736 4068 853 4142 videri,
871 4067 932 4130 sed
952 4087 1057 4150 usque
1073 4071 1199 4133 veritas
1219 4080 1282 4135 est.
1328 4070 1462 4135 Datum

335 4163 440 4227 etiam
454 4173 508 4227 est
524 4163 605 4226 mihi
624 4163 674 4226 ita
689 4162 874 4227 Dominum
891 4174 928 4228 ut
948 4161 1065 4228 Solem
1081 4165 1216 4244 videre;
1236 4177 1318 4231 ante
1336 4166 1461 4230 faciem

335 4275 448 4322 meum
467 4259 568 4322 video
588 4257 728 4340 Ipsum;
751 4269 787 4322 et
808 4280 867 4341 per
886 4259 1000 4341 plures
1019 4280 1139 4336 annos,
1157 4262 1200 4324 ad
1221 4282 1462 4345 quamcunque

335 4351 474 4434 plagam
494 4355 610 4418 mundi
627 4373 681 4418 me
698 4367 949 4432 converteram,
967 4355 1084 4437 Ipsum
1103 4355 1260 4420 similiter
1277 4358 1357 4420 vidi.

398 4461 491 4530 132.
522 4447 694 4530 Quoniam
714 4449 881 4513 Dominus
897 4461 934 4516 ut
953 4448 1026 4527 Sol,
1047 4451 1096 4514 ita
1115 4452 1226 4515 oriens
1249 4461 1331 4516 ante
1354 4452 1461 4516 iacies

335 4545 486 4607 omnium
510 4543 712 4627 angelorum
736 4545 823 4609 caeli
846 4556 912 4623 est,
936 4548 1089 4630 sequitur
1111 4548 1202 4630 quod
1226 4548 1270 4611 ad
1294 4548 1460 4614 dextrum

334 4637 402 4702 illis
421 4639 466 4703 sit
485 4639 655 4717 meridies,
674 4639 720 4705 ad
738 4641 912 4706 sinistrum
931 4643 1134 4724 septentrio,
1152 4653 1188 4706 et
1207 4663 1227 4706 a
1246 4652 1346 4724 tergo
1365 4644 1458 4708 occi·
