3418 5370
508 652 559 702 un
582 650 719 701 mv1un
742 650 1103 700 momorum-u.
1125 651 1195 718 307.
1365 653 1426 721 253

301 847 404 891 unum
426 835 535 908 agant
549 845 558 904 ;
590 833 627 889 et
654 823 747 908 quod
775 822 944 887 Dominus
972 821 1049 887 illas
1075 834 1176 906 regat
1203 823 1361 891 similiter
1391 835 1428 891 ut

300 923 388 1006 regit
412 921 545 986 caelum
575 931 636 984 aut
666 921 843 983 infernum.
889 917 992 1001 Quod
1015 917 1120 982 homo
1150 920 1194 983 sit
1224 920 1259 984 in
1287 923 1429 985 minima

299 1016 477 1082 formavel
494 1015 629 1080 caelum
644 1016 702 1079 uel
721 1015 898 1090 infernum,
916 1015 1073 1078 videatur
1090 1016 1125 1078 in
1146 1036 1249 1099 opere
1265 1016 1316 1080 De
1329 1017 1429 1082 Caelo

298 1112 331 1165 et
347 1103 494 1183 Inferna,
516 1122 568 1164 an.
593 1102 684 1184 1758,
705 1099 856 1164 Londini
873 1100 970 1164 edito
988 1097 1036 1183 (n.
1058 1100 1187 1184 51-87).

361 1211 461 1281 307.
492 1197 591 1261 Nunc
616 1197 755 1260 adrem
779 1197 1004 1280 propositam,
1024 1197 1115 1280 quod
1140 1197 1308 1262 Dominus
1327 1210 1428 1282 regat

298 1295 465 1359 infernum
484 1315 545 1377 per
561 1293 734 1376 opposita,
753 1303 788 1356 et
808 1292 900 1376 quod
921 1291 1043 1368 malos,
1060 1292 1116 1376 qui
1135 1294 1169 1356 in
1189 1295 1317 1358 mundo
1333 1306 1425 1374 sunt,

298 1400 396 1473 regat
420 1391 454 1452 in
477 1390 609 1452 inferno
629 1389 741 1472 quoad
762 1389 932 1464 interiora,
953 1397 989 1450 et
1014 1408 1082 1450 non
1106 1388 1219 1471 quoad
1239 1393 1425 1455 exteriora.

299 1485 400 1569 Quod
425 1486 604 1550 concernit
637 1484 797 1560 Primum,
820 1483 917 1563 Quod
938 1484 1102 1548 Dominus
1129 1494 1231 1566 regat
1255 1486 1426 1566 infernum

292 1591 357 1662 per
384 1581 547 1663 opposito.
594 1580 706 1663 Supra
738 1579 785 1662 (n.
817 1581 890 1656 288,
919 1577 1009 1663 289),
1035 1590 1214 1644 ostensum
1243 1591 1307 1656 est,
1333 1581 1425 1663 quod

297 1677 412 1760 angeli
436 1677 521 1742 caeli
545 1697 614 1741 non
638 1678 672 1740 in
697 1696 813 1740 amore
838 1685 873 1739 et
897 1676 1079 1758 sapientia,
1104 1697 1164 1739 seu
1187 1677 1220 1740 in
1245 1674 1424 1740 affectione

296 1771 377 1836 boni
395 1783 431 1836 et
451 1774 529 1837 inde
549 1773 766 1854 cogitatione
785 1772 857 1835 veri
876 1771 946 1835 sint
966 1791 986 1834 a
1004 1793 1052 1846 se,
1071 1771 1131 1835 sed
1151 1792 1171 1835 a
1191 1772 1363 1851 Domino;
1388 1782 1425 1837 et

297 1870 387 1952 quod
407 1891 425 1933 e
442 1869 540 1932 caelo
556 1867 676 1932 influat
693 1869 821 1932 bonum
842 1877 878 1932 et
897 1888 1016 1930 verum
1035 1869 1068 1930 in
1085 1867 1264 1944 infernum,
1279 1878 1314 1932 et
1332 1868 1424 1951 quod

297 1963 342 2028 ibi
368 1967 496 2029 bonum
520 1975 677 2030 vertatur
706 1967 740 2028 in
772 1964 913 2039 malum,
938 1974 975 2027 et
1004 1984 1122 2027 verum
1152 1965 1186 2028 in
1216 1964 1349 2041 falsum,
1376 1987 1423 2029 ex

297 2079 399 2125 causa
414 2063 492 2144 quia
510 2061 674 2124 interiora
690 2061 817 2123 mentis
833 2079 952 2123 eorum
970 2061 1004 2122 in
1023 2061 1196 2124 contrario
1212 2081 1312 2123 versu
1332 2071 1422 2124 sunt.

297 2155 394 2220 Nunc
414 2158 492 2238 quia
516 2157 631 2219 omnia
650 2156 770 2218 inferni
790 2156 952 2238 opposita
971 2165 1052 2219 sunt
1070 2157 1228 2219 omnibus
1247 2156 1345 2231 caeli,
1367 2179 1422 2219 se·

296 2253 408 2334 quitur
432 2252 523 2334 quod
549 2251 718 2314 Dominus
742 2259 842 2332 regat
870 2250 1039 2313 infernum
1062 2271 1122 2332 per
1145 2252 1315 2332 opposita.
1363 2257 1421 2318 [2.]

296 2345 489 2411 Secundum
505 2367 512 2408 :
541 2344 641 2424 Quod
651 2345 815 2408 Dominus
832 2345 948 2420 malos,
960 2345 1021 2428 qui
1035 2345 1070 2408 in
1089 2346 1210 2408 mundo
1222 2353 1423 2428 suntkregot

294 2442 328 2504 in
350 2443 491 2523 inferno,
517 2453 571 2505 est
602 2443 680 2524 quia
709 2441 815 2504 homo
845 2441 958 2524 quoad
988 2441 1145 2521 spiritum
1176 2461 1273 2504 suum
1303 2451 1357 2504 est
1386 2441 1419 2504 in

295 2537 426 2602 Mundo
443 2536 620 2621 spirituali,
638 2547 674 2600 et
690 2536 736 2599 ibi
755 2537 789 2598 in
805 2536 920 2619 aliqua
935 2537 1112 2612 societate,
1130 2537 1164 2599 in
1180 2538 1349 2600 societate
1368 2537 1421 2599 in·

293 2633 412 2698 fernali
429 2636 457 2698 si
474 2632 584 2697 malus
598 2641 663 2707 est,
678 2642 714 2695 et
734 2632 768 2694 in
785 2632 954 2694 societate
968 2630 1108 2694 caelesti
1125 2632 1152 2695 si
1169 2632 1297 2711 bonus;
1322 2653 1420 2696 mens

293 2730 383 2793 enim
402 2729 561 2804 hominis,
582 2749 670 2811 quae
693 2728 727 2790 in
751 2747 789 2790 se
812 2735 865 2790 est
889 2725 1087 2808 spiritualis,
1105 2747 1173 2788 non
1198 2737 1315 2809 potest
1338 2728 1420 2792 alibi

294 2845 368 2888 esse
384 2845 487 2908 quam
502 2825 592 2888 inter
609 2821 815 2905 spirituales,
833 2823 924 2885 inter
939 2842 1024 2904 quos
1044 2821 1149 2884 etiam
1169 2833 1250 2905 post
1269 2834 1419 2888 mortem

293 2921 407 2984 venit:
429 2919 530 3003 ¹quod
553 2919 603 2982 lta
626 2919 682 2994 sit,
703 2919 810 2982 etiam
830 2938 932 2999 supra
951 2914 1079 2979 dietum
1098 2927 1133 2980 et
1157 2928 1333 2982 ostensum
1353 2929 1418 2984 est.

292 3014 360 3079 Sed
376 3016 480 3078 homo
498 3035 566 3077 non
586 3024 641 3077 est
657 3014 703 3076 ibi
720 3014 1010 3097 quemadmodum
1027 3007 1166 3095 spiritus
1182 3015 1239 3095 qui
1257 3015 1419 3079 societati

292 3111 472 3192 inscriptus
495 3119 570 3189 est;
594 3118 649 3173 est
669 3109 760 3172 enim
780 3109 1059 3173 homocontinue
1082 3107 1116 3170 in
1140 3118 1236 3171 statu
1254 3108 1418 3173 reforma·

291 3206 413 3283 tionis;
446 3226 549 3288 quare
577 3205 766 3268 secundum
785 3205 892 3267 vitam
916 3223 1013 3267 suam
1044 3215 1081 3267 et
1114 3203 1184 3285 ejus
1209 3205 1419 3269 mutationes

292 3302 493 3365 transfertur
516 3323 537 3364 a
560 3301 713 3365 Domino
731 3301 775 3364 ab
794 3322 862 3364 una
880 3300 1048 3364 societate
1067 3299 1187 3363 inferni
1206 3300 1238 3362 in
1258 3299 1416 3378 alteram,

291 3398 318 3461 si
341 3397 451 3461 malus
475 3407 552 3476 est;
584 3407 621 3462 at
644 3397 671 3460 si
694 3417 732 3461 se
752 3397 929 3460 reformari
952 3397 1089 3479 patitur,
1114 3395 1269 3458 educitur
1290 3417 1336 3459 ex
1366 3398 1418 3460 in·

290 3493 397 3570 ferno,
418 3503 454 3558 et
477 3494 678 3558 subducitur
700 3494 734 3557 in
759 3493 904 3568 caelum,
929 3501 964 3556 et
988 3512 1121 3576 quoque
1144 3492 1190 3555 ibi
1213 3491 1418 3558 transfertur

291 3590 334 3652 ab
351 3610 418 3652 una
433 3590 601 3654 societate
618 3589 652 3651 in
668 3588 825 3665 alteram,
843 3597 878 3652 et
894 3589 961 3652 hoc
978 3589 1143 3670 usquead
1160 3599 1319 3664 mortem,
1337 3599 1417 3671 post

291 3705 393 3769 quam
416 3707 484 3748 non
509 3684 654 3767 amplius
684 3706 704 3747 a
731 3685 899 3748 societate
929 3685 963 3747 in
994 3685 1200 3748 societatem
1224 3684 1269 3746 ibi
1299 3683 1415 3764 fertur,

292 3783 369 3865 quia
392 3792 473 3845 tunc
500 3801 568 3843 non
592 3779 738 3862 amplius
762 3781 795 3842 in
819 3778 934 3863 aliquo
957 3790 1053 3843 statu
1076 3779 1326 3842 reformationis
1349 3792 1415 3858 est,

291 3878 350 3943 sed
369 3887 486 3941 manet
502 3878 535 3940 in
552 3875 612 3938 illo
627 3876 660 3938 in
678 3897 745 3958 quo
760 3886 814 3940 est
831 3876 1020 3939 secundum
1036 3877 1153 3939 vitam.
1200 3873 1315 3956 Quare
1335 3877 1415 3941 dum

290 3972 394 4037 homo
418 3973 571 4045 moritur,
592 3970 776 4052 inscriptus
805 3981 859 4035 est
889 3992 951 4035 suo
981 3971 1068 4035 loco.
1124 3979 1181 4038 [3.]
1210 3969 1414 4040 [¹¹Tertium:

294 4067 390 4148 Quod
403 4067 567 4130 Dominus
586 4066 693 4131 malos
715 4066 750 4130 in
773 4067 894 4131 mundo
915 4069 965 4131 ita
988 4077 1088 4150 regat
1109 4067 1222 4149 quoad
1239 4066 1413 4146 interiora,

290 4164 390 4228 aliur
423 4161 536 4247 quoad
564 4164 742 4226 exteriora.
788 4162 958 4226 Interiora
988 4165 1114 4228 mentis
1143 4163 1292 4228 hominis
1325 4165 1415 4246 regit

291 4259 457 4324 Dominus
481 4262 569 4323 sicut
592 4279 681 4323 nunc
706 4256 833 4322 dicium
857 4269 924 4336 est,
949 4261 1010 4322 sed
1027 4261 1207 4331 ¹exteriora
1229 4261 1263 4324 in
1287 4261 1416 4326 mundo

289 4357 544 4440 spirituum,qui
562 4357 693 4419 medius
709 4365 763 4419 est
778 4356 869 4419 inter
882 4356 1014 4420 caelum
1027 4367 1063 4420 et
1082 4357 1259 4421 infernum.
1305 4355 1417 4422 Causa

289 4463 354 4528 est,
374 4455 452 4537 quia
467 4454 574 4517 homo
590 4464 627 4517 ut
648 4453 828 4536 plurimum
848 4454 933 4516 alius
953 4445 1011 4517 est
1027 4455 1060 4517 in
1071 4456 1226 4518 externis
1243 4476 1344 4537 quam
1361 4464 1415 4520 est

289 4549 322 4612 in
338 4550 483 4614 internis
497 4573 504 4629 ;
529 4560 647 4632 potest
660 4550 751 4612 enim
768 4551 801 4612 in
819 4551 974 4614 externis
987 4551 1124 4614 mentiri
1142 4549 1227 4612 lucis
1240 4551 1412 4632 angelum,

289 4653 324 4709 et
341 4655 458 4711 tamen
474 4647 508 4709 in
525 4646 669 4709 internis
685 4666 761 4708 esse
776 4647 915 4726 spiritus
932 4646 1171 4724 tenebrarum
1196 4666 1299 4728 quare
1314 4645 1417 4709 aliter
