3448 5374
352 663 418 710 200
702 655 905 708 SAPIENTIA
927 653 1122 705 ANGELICA

350 853 431 916 pere
447 853 572 897 arcana
588 831 787 913 sapientiae,
802 828 883 892 dum
899 827 993 892 audit
1010 825 1080 902 illa,
1092 845 1193 909 supra
1209 827 1337 909 passim
1353 836 1476 894 osten-

351 949 425 993 sum
442 939 507 992 est.
555 927 650 990 Haec
668 925 815 988 facultas
831 923 979 987 hominis
994 932 1049 988 est
1065 942 1153 1006 quae
1164 931 1306 988 vocatur
1320 924 1474 990 rationa-

351 1023 443 1098 litas,
457 1043 543 1106 quae
560 1022 665 1084 cuivis
681 1019 812 1083 homini
827 1028 881 1083 est
897 1039 942 1081 ex
960 1018 1144 1082 creatione.
1184 1017 1246 1081 Per
1261 1019 1350 1082 hanc
1367 1018 1473 1084 lacul-

352 1128 475 1194 tatem,
497 1137 583 1199 quae
607 1126 661 1179 est
681 1114 828 1179 facultas
845 1113 988 1178 interius
1006 1112 1224 1195 intelligendi
1248 1133 1313 1189 res,
1331 1123 1366 1178 et
1389 1133 1473 1180 con·

351 1213 513 1277 cludendi
528 1213 571 1275 de
584 1210 679 1294 justo
696 1222 733 1274 et
752 1230 873 1293 aequo,
890 1229 930 1272 ac
950 1209 992 1272 de
1012 1208 1155 1282 bonoet
1168 1229 1261 1284 vero,
1278 1207 1383 1274 homo
1401 1209 1472 1274 dis·

350 1309 520 1390 tinguitur
543 1327 564 1370 a
586 1306 731 1384 bestiis;
762 1304 827 1369 hoc
851 1305 967 1387 itaque
990 1313 1055 1380 est,
1076 1304 1167 1386 quod
1191 1303 1398 1386 intelligitur
1413 1324 1474 1388 per

350 1403 443 1484 quod
463 1401 663 1466 intellectus
683 1401 792 1483 possit
811 1399 948 1476 elevari,
965 1409 1001 1463 et
1024 1401 1175 1482 recipere
1198 1398 1258 1462 illa
1279 1419 1365 1482 quae
1389 1399 1473 1467 lucis

350 1507 430 1561 sunt
447 1519 465 1561 e
482 1496 591 1572 caelo,
606 1505 641 1558 et
658 1496 832 1578 percipere
848 1495 917 1558 illa.
963 1493 1065 1576 Quod
1082 1495 1131 1558 ita
1147 1495 1202 1570 sit,
1216 1495 1322 1558 etiam
1339 1495 1372 1557 in
1389 1515 1472 1577 qua·

350 1593 431 1656 dam
456 1591 568 1674 effigie
593 1591 700 1654 videri
724 1600 842 1672 potest
866 1593 899 1654 in
923 1591 1097 1673 pulmone,
1116 1591 1195 1674 quia
1218 1589 1334 1672 pulmo
1356 1609 1471 1654 corre·

350 1688 501 1768 spondet
530 1686 734 1749 intellectui.
779 1684 896 1749 Videri
923 1695 1041 1768 potest
1068 1687 1101 1748 in
1129 1685 1290 1767 pulmone
1317 1705 1362 1748 ex
1390 1685 1471 1748 sub·

349 1782 481 1844 stantia
500 1780 571 1864 ejus
587 1780 764 1856 cellulosa,
782 1803 868 1864 quae
892 1781 1052 1845 consistit
1071 1801 1115 1842 ex
1136 1781 1345 1843 continuatis
1368 1780 1471 1844 bron-

348 1877 435 1938 chiis
466 1896 570 1958 usque
593 1876 637 1940 ad
660 1877 829 1940 folliculos
859 1879 1029 1951 minimos,
1057 1876 1112 1958 qui
1142 1887 1223 1938 sunt
1251 1877 1472 1958 receptiones

348 1973 438 2033 aeris
454 1971 487 2032 in
506 1971 804 2054 respirationibus;
828 1972 913 2034 haec
934 1981 1026 2046 sunt,
1048 1989 1124 2033 cum
1144 1972 1264 2053 quibus
1283 1972 1470 2053 cogitatio-

351 2086 413 2129 nes
438 2085 540 2129 unum
563 2085 623 2148 per
646 2068 987 2149 correspondentiam
1013 2076 1132 2149 agunt.
1186 2065 1388 2130 Substantia
1412 2066 1472 2130 illa

349 2160 550 2224 follicularis
568 2172 622 2225 est
642 2162 732 2236 talis,
751 2172 787 2225 ut
806 2163 916 2245 possit
931 2163 1084 2244 expandi
1106 2171 1142 2225 et
1166 2162 1324 2225 contrahi
1348 2163 1382 2224 in
1405 2162 1470 2224 du·

351 2257 430 2336 plici
448 2265 562 2333 statu;
588 2257 621 2318 in
637 2276 705 2320 uno
722 2277 798 2320 cum
818 2257 932 2332 corde,
949 2266 985 2320 et
1001 2258 1035 2320 in
1054 2256 1165 2320 altero
1181 2276 1291 2337 paene
1308 2266 1470 2339 separato

348 2371 370 2413 a
394 2353 517 2414 corde:
550 2353 583 2414 in
607 2361 701 2414 statu
726 2371 792 2416 una
816 2373 892 2415 cum
916 2354 1031 2428 corde,
1056 2373 1115 2435 per
1138 2353 1281 2415 arterias
1305 2362 1341 2415 et
1365 2373 1470 2416 venas

349 2446 580 2528 pulmonares,
605 2467 691 2529 quae
722 2468 768 2510 ex
799 2447 874 2511 solo
896 2447 1001 2513 corde
1031 2458 1134 2526 sunt;
1172 2448 1205 2510 in
1232 2457 1328 2511 statu
1359 2468 1470 2530 paene

348 2552 511 2622 separato
534 2563 554 2604 a
576 2542 680 2605 corde
704 2563 763 2624 per
787 2545 930 2607 arterias
952 2554 987 2608 et
1010 2564 1116 2608 venas
1138 2543 1364 2618 bronchiales,
1383 2564 1470 2626 quae

348 2657 394 2697 ex
419 2657 508 2700 vena
530 2657 616 2700 cava
642 2647 679 2702 et
701 2650 800 2702 aorta
822 2650 923 2704 sunt:
959 2639 1045 2704 haec
1067 2659 1150 2702 vasa
1172 2647 1273 2702 extra
1294 2658 1354 2702 cor
1377 2649 1469 2704 sunt.

351 2731 429 2794 Hoc
454 2733 486 2795 in
511 2733 684 2814 pulmone,
708 2735 787 2817 quia
813 2736 1013 2800 intellectus
1041 2744 1158 2818 potest
1189 2753 1290 2815 super
1316 2753 1468 2799 amorem

349 2829 533 2908 proprium,
551 2831 607 2912 qui
631 2831 879 2912 correspondet
902 2832 1007 2907 cordi,
1028 2830 1165 2906 elevari,
1185 2838 1221 2892 et
1245 2832 1398 2912 recipere
1417 2829 1468 2894 lu·

347 2939 423 2982 cern
448 2941 466 2983 e
490 2921 606 2985 caelo:
644 2925 704 2988 sed
738 2947 844 3009 usque
866 2926 947 2991 dum
970 2926 1167 2991 intellectus
1189 2925 1345 2989 elevatur
1367 2945 1470 3007 supra

346 3035 500 3079 amorem
518 3019 701 3101 proprium,
719 3041 786 3084 non
804 3024 935 3087 recedit
951 3023 995 3086 ab
1010 3021 1081 3096 illo,
1096 3022 1156 3085 sed
1173 3022 1279 3084 trahit
1297 3042 1341 3084 ex
1354 3020 1415 3083 illo
1433 3019 1468 3083 id

345 3112 438 3194 quod
452 3123 596 3177 vocatur
607 3114 742 3179 affectio
755 3119 885 3181 sciendi
900 3139 939 3182 ac
957 3118 1174 3200 intelligendi
1191 3126 1330 3199 propter
1341 3113 1468 3197 aliquid

346 3205 496 3284 honoris,
517 3209 648 3291 gloriae
666 3222 724 3275 aut
744 3213 827 3277 lucri
846 3215 879 3276 in
900 3215 1047 3278 mundo:
1072 3213 1137 3276 hoc
1154 3211 1280 3294 aliquid
1300 3211 1468 3276 adhaeret

344 3305 452 3366 cuivis
468 3305 576 3368 amori
594 3306 681 3370 sicut
697 3307 902 3389 superficies,
916 3329 961 3371 ex
981 3328 1048 3391 quo
1061 3326 1155 3370 amor
1171 3305 1347 3389 superficie
1366 3315 1468 3371 tenus

346 3397 451 3474 lucet,
476 3408 512 3464 at
536 3401 627 3485 apud
650 3402 826 3486 sapientes
853 3403 1054 3467 translucet.
1110 3402 1207 3466 Haec
1232 3403 1275 3466 de
1305 3402 1468 3485 pulmone

344 3496 454 3558 allata
470 3507 560 3572 sunt,
582 3505 618 3560 ut
633 3497 852 3563 confirmetur
868 3501 960 3582 quod
980 3497 1180 3562 intellectus
1199 3499 1308 3580 possit
1328 3497 1466 3576 elevari,

343 3610 385 3653 ac
403 3593 553 3672 recipere
570 3602 606 3655 et
622 3596 796 3675 percipere
813 3594 872 3657 illa
888 3615 975 3677 quae
992 3594 1076 3656 lucis
1093 3594 1178 3656 caeli
1195 3603 1286 3669 sunt,
1304 3603 1358 3657 est
1374 3593 1466 3658 enim

344 3685 499 3766 plenaria
516 3690 830 3770 correspondentia.
876 3689 933 3752 Ex
953 3689 1260 3772 correspondentia
1278 3689 1395 3752 videre
1411 3696 1466 3752 est

342 3801 390 3842 ex
407 3781 588 3846 intellectu
604 3783 812 3865 pulmonem,
831 3795 866 3848 et
883 3807 927 3848 ex
945 3785 1105 3867 pulmone
1119 3783 1345 3860 intellectum,
1363 3793 1399 3848 et
1417 3785 1466 3850 sic

342 3895 391 3938 ex
410 3887 554 3961 utroque
573 3879 673 3942 simul
694 3879 1000 3944 confirmationem.

407 3985 504 4056 414.
536 3971 637 4059 (xiv.)
666 3973 763 4052 Quod
780 3996 876 4039 amor
904 3997 961 4038 seu
989 3975 1144 4038 voluntas
1166 3973 1279 4056 possit
1304 3973 1465 4040 similiter

341 4063 478 4142 elevari,
502 4089 542 4131 ac
562 4070 706 4152 recepere
727 4070 789 4133 r'lla
811 4092 894 4152 quar
915 4069 1036 4134 caloris
1059 4079 1139 4133 sunt
1159 4091 1177 4132 e
1197 4068 1294 4146 caelo,
1314 4067 1350 4133 si
1368 4075 1465 4134 amar

342 4181 441 4224 suam
459 4165 623 4247 corylrgem
641 4165 851 4247 saprlnn'am,
871 4166 905 4229 in
920 4188 955 4228 eo
969 4163 1244 4248 gradu-Quod
1263 4164 1464 4228 intellectus

341 4259 453 4339 possit
470 4259 596 4323 elevari
613 4263 646 4323 in
663 4261 773 4325 lucem
791 4263 887 4336 caeli,
903 4272 938 4325 et
956 4283 1000 4325 ex
1018 4262 1076 4325 illa
1092 4262 1225 4325 haurire
1244 4261 1461 4342 sapientiam,

342 4352 375 4414 in
400 4355 545 4417 articulo
572 4357 802 4420 antecedente
832 4368 868 4420 et
898 4379 999 4440 supra
1027 4359 1153 4439 passim
1182 4365 1358 4419 ostensum
1388 4364 1462 4421 est:

342 4448 435 4529 quod
464 4459 581 4513 autem
611 4472 707 4515 amor
734 4473 794 4515 seu
816 4452 977 4516 voluntas
1004 4474 1112 4535 aeque
1140 4453 1249 4534 possit
1277 4451 1413 4526 elevari,
1433 4449 1462 4516 sl

340 4553 436 4606 amet
455 4545 513 4608 illa
532 4567 618 4628 quae
638 4547 721 4610 lucis
741 4549 837 4620 caeli,
856 4570 915 4612 seu
934 4570 1021 4631 quae
1040 4549 1228 4630 sapientiae
1248 4557 1338 4622 sunt,
1356 4547 1461 4611 etiam

342 4639 469 4720 passim
493 4653 669 4705 ostensum
698 4655 771 4706 est:
797 4655 833 4708 at
853 4665 950 4708 amor
968 4666 1028 4708 seu
1047 4645 1207 4708 voluntas
1232 4664 1299 4706 non
1321 4665 1380 4725 per
1399 4641 1462 4705 ali-
