3410 5382
313 653 357 720 70
668 649 871 702 SAPIENTIA
894 649 1091 706 ANGELICA

315 822 395 886 mali
412 831 447 886 et
463 820 540 888 salsi
556 839 632 888 cum
645 821 779 888 illarum
795 822 1014 891 interioribus
1024 825 1173 904 astutiis,
1186 835 1269 894 sunt
1283 823 1342 893 fila
1356 826 1439 894 reti·

314 917 435 981 sormia
453 938 599 982 araneae
618 920 692 983 sedi
714 919 894 1002 proxima;
922 941 962 985 ac
975 919 1125 1004 jucunda
1143 922 1441 1008 concupiscentia·

315 1033 388 1076 rum
408 1014 544 1077 illarum
567 1033 645 1078 cum
665 1014 979 1080 machinationibus
997 1015 1127 1082 dolosis
1150 1027 1231 1081 sunt
1247 1017 1305 1084 fila
1326 1039 1441 1084 remo·

315 1109 415 1184 tiora,
440 1108 497 1173 ubi
519 1109 680 1174 volantes
707 1128 846 1176 muscae
872 1119 1068 1195 captantur,
1093 1112 1383 1180 circumvelantur
1404 1123 1443 1180 et

315 1204 551 1271 comeduntur.

379 1301 480 1369 108.
510 1301 567 1366 Ex
597 1301 651 1367 his
677 1302 993 1386 comparationibus
1020 1303 1126 1369 videri
1155 1304 1294 1389 quidem
1322 1316 1442 1390 potest

315 1394 513 1478 conjunitio
542 1399 694 1463 omnium
719 1398 910 1464 voluntatis
937 1419 977 1463 ac
1005 1397 1204 1466 intellettus
1229 1422 1288 1466 seu
1316 1403 1446 1466 mentis

315 1492 465 1557 hominis
484 1513 561 1558 cum
580 1513 697 1559 amore
716 1495 808 1558 vitae
827 1494 909 1577 ejus,
926 1496 989 1558 sed
1007 1516 1115 1580 usque
1127 1516 1195 1560 non
1215 1497 1445 1562 rationaliter.

316 1587 383 1652 Illa
406 1588 601 1673 conjundtio
624 1599 743 1674 potest
765 1590 981 1656 rationaliter
1003 1590 1053 1655 ita
1076 1591 1202 1655 videri:
1230 1602 1310 1656 sunt
1334 1593 1447 1657 ubivis

316 1685 384 1749 tria
405 1685 506 1750 simul
530 1707 618 1770 quae
642 1705 746 1750 unum
769 1685 908 1763 iaciunt,
932 1707 1019 1772 quae
1044 1696 1214 1751 vocantur
1237 1685 1323 1764 finis,
1340 1708 1445 1753 causa

316 1789 354 1845 et
377 1779 538 1863 effectus3
562 1801 659 1846 amor
678 1783 772 1847 vitae
793 1781 841 1846 ibi
863 1791 918 1846 est
941 1781 1029 1858 finis,
1048 1779 1247 1847 affectiones
1270 1802 1347 1847 cum
1366 1783 1444 1848 illa·

316 1895 392 1939 rum
422 1877 701 1960 perceptionibus
728 1887 809 1942 sunt
837 1898 952 1954 causa,
980 1899 1019 1942 ac
1047 1877 1198 1960 jucunda
1224 1876 1444 1944 affectionum

318 1991 396 2035 cum
422 1972 557 2036 illorum
582 1973 853 2056 cogitationibus
879 1985 960 2038 sunt
987 1970 1148 2052 effeftus;
1183 1993 1264 2038 nam
1288 1974 1448 2040 similiter

318 2074 356 2130 ut
387 2066 462 2131 finis
490 2088 551 2150 per
577 2087 716 2132 causam
743 2072 840 2134 venit
870 2069 905 2133 in
935 2066 1105 2145 effectum,
1134 2069 1184 2134 ita
1215 2069 1321 2134 etiam
1348 2089 1447 2134 amor

318 2181 380 2246 per
406 2184 484 2227 suas
508 2162 706 2229 affediiones
731 2166 827 2229 venit
855 2164 898 2228 ad
924 2185 985 2229 sua
1008 2163 1178 2247 jucunda3
1214 2173 1251 2229 et
1278 2185 1339 2248 per
1366 2185 1449 2230 suas

318 2261 561 2344 perceptiones
584 2261 629 2325 ad
653 2281 732 2324 suas
756 2261 1001 2342 cogitationes.
1046 2259 1116 2343 Ipsi
1140 2257 1281 2324 effectus
1307 2261 1445 2325 suntin

319 2357 447 2420 mentis
462 2355 620 2438 jucundis
636 2365 672 2420 et
690 2355 827 2420 illorum
843 2355 1128 2437 cogitationibus,
1145 2357 1284 2438 quando
1296 2356 1449 2437 jucunda

319 2461 400 2516 sunt
423 2451 614 2516 voluntatis
638 2472 678 2515 ac
703 2451 937 2534 cogitationes
960 2461 1040 2512 sunt
1064 2449 1262 2514 intellectus
1285 2452 1376 2528 inde,
1396 2452 1450 2518 ita

319 2548 459 2632 quando
474 2548 597 2632 plenus
616 2567 806 2611 consensus
825 2546 871 2609 ibi
888 2554 943 2609 est
958 2567 965 2624 ;
990 2555 1071 2610 sunt
1092 2554 1174 2609 tunc
1191 2543 1332 2610 effeetus
1347 2549 1448 2630 spiri·

320 2653 377 2708 tus
396 2642 478 2723 ejus,
496 2644 552 2727 qui
568 2643 596 2706 si
616 2663 683 2706 non
703 2643 737 2706 in
757 2639 871 2706 actum
890 2642 1043 2723 corporis
1060 2641 1214 2718 veniunt,
1232 2663 1340 2726 usque
1357 2645 1447 2709 sicut

321 2741 354 2802 in
374 2737 453 2803 actu
485 2748 577 2815 sunt,
609 2740 749 2822 quando
783 2748 837 2802 est
869 2757 1079 2801 consensus:
1115 2747 1196 2802 sunt
1223 2739 1328 2802 etiam
1362 2748 1447 2804 tunc

321 2835 421 2900 simul
440 2836 474 2898 in
493 2855 647 2918 corpore,
668 2846 704 2898 et
721 2834 881 2898 habitant
901 2853 987 2896 cum
998 2852 1115 2898 amore
1133 2835 1227 2898 vitae
1243 2833 1314 2915 ejus
1332 2834 1388 2911 ibi,
1406 2855 1449 2900 ac

321 2932 453 3014 spirant
472 2928 597 3005 actum,
615 2931 672 3014 qui
691 2928 729 2995 fit
749 2930 830 2992 dum
856 2928 940 2992 nihil
964 2931 1094 2993 obstat.
1138 2927 1244 2992 Tales
1264 2939 1344 2993 sunt
1363 2950 1449 2995 con·

322 3027 554 3110 cupiscentiae
572 3027 663 3102 mali,
678 3035 714 3090 et
730 3025 806 3108 ipsa
821 3025 924 3100 mala,
938 3027 1029 3108 apud
1045 3023 1135 3100 illos,
1149 3025 1205 3107 qui
1221 3025 1312 3088 mala
1328 3027 1362 3088 in
1378 3026 1449 3108 spi·

321 3125 389 3188 ritu
412 3143 474 3187 suo
493 3122 588 3187 licita
606 3122 746 3186 faciunt.
794 3135 852 3198 [2.]
883 3120 982 3184 Nunc
1003 3122 1092 3185 sicut
1115 3118 1191 3183 finis
1214 3120 1393 3204 conjungit
1411 3143 1452 3186 se

321 3239 399 3284 cum
418 3239 532 3294 causa,
549 3228 585 3282 et
602 3238 663 3300 per
679 3237 818 3282 causam
839 3236 917 3280 cum
934 3213 1065 3292 effectu,
1082 3216 1132 3280 ita
1149 3235 1247 3280 amor
1261 3218 1355 3281 vitae
1371 3237 1451 3282 cum

322 3318 460 3381 interno
479 3315 715 3396 cogitationis,
740 3322 775 3377 ct
798 3333 858 3396 per
881 3313 945 3376 hoc
967 3331 1042 3376 cum
1067 3321 1215 3376 externo
1237 3311 1318 3394 ejus.
1363 3313 1453 3377 Inde

322 3420 432 3496 patet,
450 3411 541 3494 quod
561 3421 746 3475 externum
766 3409 989 3491 cogitationis
1012 3408 1161 3472 hominis
1179 3409 1214 3471 in
1233 3428 1270 3472 se
1289 3410 1334 3472 sit
1349 3409 1452 3492 quale

323 3506 395 3589 ejus
417 3507 589 3570 internum
614 3516 680 3581 est,
701 3525 782 3569 nam
807 3502 883 3568 finis
906 3505 993 3568 indit
1016 3523 1119 3568 omne
1142 3522 1239 3568 suum
1258 3523 1393 3578 causae,
1414 3515 1451 3568 et

323 3625 385 3688 per
403 3619 542 3666 causam
559 3598 692 3664 effectui
707 3623 714 3680 ;
739 3600 823 3665 nihil
840 3601 931 3665 enim
948 3600 1135 3665 essentiale
1150 3599 1253 3664 datur
1267 3600 1301 3663 in
1317 3595 1452 3672 effectu,

325 3717 426 3782 quam
445 3695 537 3780 quod
557 3705 613 3759 est
631 3697 665 3758 in
683 3717 798 3773 causa,
816 3707 853 3762 et
869 3717 930 3780 per
945 3715 1083 3760 causam
1103 3697 1137 3760 in
1157 3695 1233 3770 fine,
1254 3705 1290 3760 ct
1309 3695 1387 3777 quia
1403 3695 1453 3758 sic

325 3793 400 3856 finis
416 3801 471 3856 est
487 3792 599 3874 ipsum
615 3792 802 3856 essentiale
819 3794 910 3876 quod
927 3793 1119 3875 ingreditur
1138 3810 1276 3856 causam
1295 3800 1331 3854 et
1350 3788 1450 3852 effec-

326 3899 412 3964 tum,
430 3889 509 3953 ideo
533 3906 637 3951 causa
661 3897 697 3951 et
717 3885 858 3954 elicitus
876 3897 1047 3954 vocantur
1071 3886 1146 3951 finis
1167 3886 1299 3950 medius
1317 3894 1354 3950 et
1376 3883 1455 3949 finis

327 3983 478 4049 ultimus.

392 4097 494 4162 109·
520 4079 682 4164 Apparet
699 4080 905 4165 quandoque
920 4080 1009 4146 sicut
1025 4089 1211 4144 externum
1229 4076 1456 4160 cogitationis

327 4177 477 4243 hominis
508 4196 576 4239 non
607 4177 641 4238 in
671 4197 707 4240 se
738 4177 783 4240 sit
806 4176 908 4259 quale
931 4187 986 4241 est
1010 4177 1204 4252 internum;
1232 4174 1292 4237 sed
1315 4172 1381 4236 hoc
1405 4170 1454 4248 fit,

329 4275 409 4358 quia
431 4290 528 4334 amor
546 4272 637 4334 vitae
660 4291 737 4335 cum
762 4272 830 4336 suis
853 4272 997 4335 internis
1021 4271 1147 4335 circum
1171 4290 1219 4346 sc,
1240 4268 1338 4352 ponit
1361 4268 1455 4331 vica·

329 4371 416 4434 rium
436 4367 522 4431 infra
540 4387 588 4442 se,
607 4366 665 4450 qui
684 4377 827 4432 vocatur
845 4387 942 4432 amor
964 4367 1164 4442 mediorum,
1185 4375 1221 4430 et
1241 4366 1272 4428 ei
1295 4359 1456 4446 injungit,

331 4473 369 4528 ut
393 4471 516 4527 caveat
540 4473 577 4527 et
596 4463 771 4528 custodiat
794 4483 836 4527 ne
856 4463 982 4547 aliquid
1006 4484 1051 4527 cx
1076 4462 1145 4526 suis
1169 4457 1459 4543 concupiscentiis

331 4569 509 4642 appareat.
556 4554 671 4640 Quare
688 4556 746 4622 ille
762 4558 908 4623 vicarius
927 4579 972 4622 ex
992 4559 1122 4622 astutia
1138 4555 1300 4639 principis
1318 4554 1381 4629 sui,
1401 4551 1459 4637 qui

333 4665 387 4720 est
404 4673 501 4718 amor
516 4654 621 4728 vitae,
637 4653 788 4736 loquitur
802 4664 838 4718 et
854 4654 929 4736 agit
946 4655 1133 4717 secundum
1151 4651 1263 4716 civilia
1282 4651 1390 4734 regni,
1404 4669 1460 4714 se-
