3426 5382
527 681 577 731 na
602 682 738 732 ulvius
762 680 1116 731 anomoeorum-u.
1140 667 1208 728 168.
1371 678 1431 746 ¹15

299 873 351 916 ex
374 851 607 917 illustratione
630 853 792 918 interiore
816 853 921 916 etiam
945 851 1037 915 illico
1057 871 1133 916 cum
1157 850 1265 926 audit,
1286 849 1434 934 percipit

303 945 412 1015 haec:
441 943 544 1028 Quod
568 947 663 1012 Deus
687 970 771 1012 unus
795 950 859 1027 sit;
885 949 975 1032 quod
1001 948 1063 1012 Ille
1083 949 1128 1011 sit
1152 948 1434 1030 omnipraesens¹,

304 1042 397 1126 quod
421 1062 524 1107 omne
547 1043 674 1108 bonum
694 1045 737 1108 ab
759 1045 839 1128 Ipso
858 1044 903 1108 sit
916 1065 924 1123 ;
958 1054 1042 1120 tum,
1064 1044 1155 1126 quod
1178 1043 1295 1106 omnia
1317 1063 1355 1106 se
1377 1063 1432 1106 re·

304 1139 416 1204 serant
439 1138 484 1203 ad
507 1139 636 1203 bonum
656 1150 692 1205 et
713 1159 855 1219 verum;
879 1151 915 1204 et
934 1141 1025 1223 quod
1049 1159 1151 1202 omne
1175 1137 1303 1201 bonum
1323 1139 1368 1202 sit
1388 1137 1435 1202 ab

304 1237 380 1319 ipso
404 1235 514 1312 Bono,
538 1246 575 1300 et
598 1256 701 1300 omne
726 1255 843 1300 verum
875 1237 919 1299 sit
946 1235 989 1298 ab
1012 1237 1087 1318 ipso
1112 1234 1215 1297 Vero.
1273 1233 1369 1298 Haec
1395 1245 1434 1298 et

305 1333 430 1398 similia
445 1333 514 1398 alia
530 1336 676 1418 percipit
697 1333 802 1397 homo
820 1333 963 1396 interius
979 1333 1012 1394 in
1032 1352 1081 1406 se,
1098 1350 1176 1393 cum
1196 1329 1314 1406 auditt
1339 1331 1434 1412 quod

305 1430 479 1511 percipiat,
511 1441 566 1496 est
595 1432 673 1515 quia
702 1431 733 1494 ei
767 1427 984 1493 rationalitas
1015 1436 1080 1502 est,
1108 1435 1144 1490 et
1175 1424 1260 1489 haec
1290 1425 1324 1487 in
1355 1424 1433 1489 luce

304 1524 392 1588 caeli
409 1546 496 1609 quae
513 1526 674 1591 illustrat.
717 1539 774 1602 [3.]
805 1525 997 1590 illustratio
1010 1523 1157 1587 exterior
1172 1533 1226 1585 est
1243 1520 1434 1584 illustratio

304 1622 530 1702 cogitationis
560 1644 607 1686 ex
636 1623 864 1687 illustratione
894 1622 954 1684 illa
982 1619 1163 1696 interiore;
1199 1629 1235 1681 et
1262 1618 1434 1698 cogitatio

304 1727 443 1782 tantum
466 1719 500 1781 in
527 1718 586 1783 illa
613 1718 844 1784 illustratione
872 1730 938 1793 est,
962 1727 1129 1800 quantum
1154 1726 1271 1777 manet
1296 1715 1329 1776 in
1354 1735 1430 1796 per-

305 1815 467 1896 ceptione
489 1834 578 1898 quae
600 1813 649 1877 illi
673 1825 727 1880 est
750 1836 796 1879 ex
820 1814 1052 1879 illustratione
1075 1811 1250 1884 interiore,
1270 1819 1306 1874 et
1330 1809 1430 1872 simul

305 1920 473 1991 quantum
503 1910 535 1974 ei
565 1921 645 1974 sunt
669 1912 888 1992 cognitiones
913 1911 1043 1974 veriet
1068 1909 1170 1986 boni;
1195 1927 1240 1969 ex
1263 1905 1315 1968 his
1339 1907 1430 1968 enim

306 2007 408 2069 sumit
435 2007 599 2082 rationes,
623 2026 684 2089 per
710 2026 795 2089 quas
822 2006 1011 2071 confirmat.
1058 2003 1235 2086 Cogitatio
1263 2008 1316 2067 ex'
1335 2002 1431 2065 illus·

305 2103 456 2165 tratione
472 2101 536 2166 hac
553 2103 728 2166 exteriore
744 2103 840 2167 videt
855 2121 927 2166 rem
943 2101 987 2165 ab
1003 2112 1147 2184 utraque
1164 2103 1262 2183 palte
1276 2121 1290 2177 ·,
1303 2099 1347 2162 ab
1364 2119 1433 2162 una

304 2196 400 2261 videt
418 2199 571 2262 rationes
588 2219 675 2281 quae
691 2197 891 2274 confimant,
908 2199 952 2262 ab
970 2197 1081 2261 altera
1093 2197 1191 2261 videt
1210 2197 1433 2278 apparentias

303 2314 392 2377 quae
411 2292 606 2372 infirmant;
630 2292 694 2357 has
713 2295 867 2369 discutit,
888 2294 967 2357 illas
986 2293 1132 2375 colligit.
1179 2306 1236 2366 [4.]
1268 2290 1429 2354 Illustra-

303 2389 350 2452 tio
372 2399 483 2452 autem
505 2389 647 2452 interior
668 2388 711 2454 ab
733 2389 863 2454 homine
881 2399 935 2454 est
958 2410 1097 2472 prorsus
1120 2388 1197 2451 alia.
1244 2386 1361 2449 Homo
1385 2387 1432 2449 ab

304 2484 368 2549 hac
392 2485 488 2548 videt
519 2505 590 2548 rem
621 2486 665 2550 ab
688 2505 756 2549 una
782 2495 881 2568 parte
905 2495 940 2550 et
965 2506 1034 2549 non
1057 2485 1102 2547 ab
1128 2483 1239 2546 altera
1253 2504 1260 2560 ;
1290 2491 1430 2546 etcum

304 2579 399 2643 illam
419 2579 647 2656 confirmavit,
668 2581 764 2646 videt
788 2581 883 2645 illam
903 2583 936 2645 in
961 2582 1036 2644 luce
1060 2580 1161 2643 simili
1185 2578 1297 2662 quoad
1321 2597 1429 2660 appa·

304 2676 450 2741 rentiam
470 2676 549 2753 luci,
569 2678 612 2742 de
628 2698 695 2762 qua
710 2697 834 2762 supra;
857 2679 919 2742 sed
935 2688 990 2742 est
1007 2677 1067 2740 lux
1083 2676 1250 2740 hiemalis.
1297 2673 1349 2738 Sit
1366 2695 1433 2758 pro

303 2770 468 2854 exemplo
501 2772 588 2836 hoc:
619 2772 734 2856 Judex
768 2774 823 2856 qui
856 2793 902 2838 ex
932 2773 1031 2836 donis
1062 2783 1098 2838 et
1128 2780 1268 2856 propter
1297 2771 1430 2834 lucrum

302 2865 428 2948 injuste
442 2867 586 2950 judicat,
601 2877 784 2952 postquam
797 2867 1011 2932 confirmavit
1025 2868 1188 2950 judicium
1206 2889 1266 2952 per
1278 2870 1374 2953 leges
1391 2881 1429 2935 et

303 2981 365 3044 per
380 2964 543 3039 rationes,
565 2984 634 3028 non
654 2965 749 3028 videt
769 2963 870 3028 aliter
888 2985 988 3048 quam
1009 2965 1138 3046 justum
1157 2968 1191 3029 in
1211 2987 1273 3030 suo
1288 2965 1431 3048 judicio.

304 3055 454 3140 Quidam
477 3059 598 3123 vident
622 3059 796 3141 injustum,
822 3061 882 3123 sed
902 3062 980 3145 quia
1004 3062 1036 3123 id
1062 3082 1129 3124 non
1154 3062 1275 3124 volunt
1299 3064 1429 3138 videre,

302 3154 490 3219 obscurant
509 3165 546 3220 et
564 3165 754 3219 occaecant
775 3177 823 3230 se,
844 3158 946 3220 etsie
970 3177 1038 3218 non
1059 3158 1187 3220 vident.
1234 3156 1352 3223 Simile
1372 3171 1428 3225 est

302 3270 380 3316 cum
407 3249 520 3333 judice
543 3254 600 3336 qui
626 3273 672 3316 ex
698 3253 861 3324 amicitia,
886 3273 930 3314 ex
961 3254 1134 3334 captanda
1164 3255 1288 3334 gratia,
1314 3277 1429 3339 exque

301 3345 542 3428 conjunitione
566 3368 627 3431 per
653 3347 850 3422 affinitates,
871 3347 997 3430 judicia
1023 3348 1096 3411 lert.
1144 3359 1200 3420 [tt-1
1233 3347 1351 3415 Simile
1374 3362 1430 3415 est

302 3444 430 3507 talibus
450 3464 527 3508 cum
547 3446 641 3508 omni
661 3467 695 3508 re
715 3465 816 3528 quam
837 3469 882 3511 ex
903 3470 961 3512 ore
978 3447 1046 3511 viri
1059 3445 1282 3521 auctoritatis,
1300 3461 1359 3516 aut
1379 3473 1427 3515 ex

302 3559 361 3602 ore
381 3539 443 3602 viri
466 3538 578 3604 famae
601 3540 772 3614 hauriunt,
793 3554 852 3607 aut
876 3565 920 3607 ex
946 3545 1082 3626 propria
1105 3544 1339 3627 intelligentia
1363 3567 1426 3611 ex·

301 3635 500 3700 cluserunt:
525 3646 605 3700 sunt
624 3637 812 3702 rationales
829 3643 933 3714 caeci,
951 3660 1029 3703 nam
1050 3661 1095 3703 ex
1114 3639 1220 3714 falsis,
1237 3662 1324 3724 quae
1342 3663 1426 3706 con·

301 3728 450 3806 firmant,
468 3741 522 3796 est
537 3731 604 3795 illis
620 3733 731 3808 visus3
755 3755 794 3797 ac
811 3736 933 3799 salsum
951 3735 1113 3808 occludit,
1131 3745 1166 3798 et
1184 3755 1300 3799 verum
1317 3739 1428 3820 aperit

300 3824 407 3890 illum.
453 3827 559 3892 Tales
582 3848 651 3891 non
671 3829 791 3893 vident
817 3832 922 3895 ullum
948 3851 1066 3896 verum
1090 3853 1134 3894 ex
1160 3831 1234 3895 luce
1257 3835 1340 3906 veri,
1362 3855 1426 3898 nec

301 3921 406 3985 ullum
424 3923 553 4003 justum
578 3944 622 3987 ex
646 3944 763 3987 amore
784 3927 878 4009 justi,
900 3929 960 3991 sed
985 3949 1029 3991 ex
1051 3928 1124 3991 luce
1144 3927 1426 4006 confirmationis

300 4029 465 4100 quaeest
490 4018 550 4082 lux
573 4019 677 4083 latua.
723 4021 905 4105 Apparent
937 4026 969 4087 in
995 4024 1123 4087 mundo
1146 4025 1313 4106 spirituali
1337 4028 1425 4090 sicut

299 4113 403 4177 iacies
421 4114 553 4199 absque
571 4117 698 4199 capite,
719 4132 779 4183 aut
803 4122 891 4183 sicut
911 4121 1015 4183 facies
1038 4119 1166 4184 similes
1189 4120 1339 4184 faciebus
1362 4123 1424 4186 hu-

300 4211 410 4274 manis
432 4220 514 4293 post
537 4233 622 4297 quas
645 4225 724 4278 sunt
745 4218 859 4299 capita
883 4216 1008 4298 lignea,
1029 4227 1064 4280 et
1083 4226 1252 4281 vocantur
1276 4218 1427 4300 pecudes

298 4305 499 4382 rationales,
516 4309 596 4393 quia
619 4311 669 4375 eis
687 4312 904 4375 rationalitas
922 4323 975 4376 est
995 4313 1028 4374 in
1049 4313 1219 4394 potentia.
1263 4310 1425 4376 illustra·

298 4400 346 4464 tio
367 4413 477 4467 autem
499 4405 648 4470 exterior
671 4407 713 4470 ab
736 4406 874 4481 homine,
900 4419 953 4472 est
978 4408 1068 4490 apud
1096 4407 1173 4471 illos
1200 4409 1256 4490 qui
1281 4429 1324 4472 ex
1350 4408 1427 4471 sola

298 4499 445 4564 scientia
461 4503 629 4584 impressa
653 4505 838 4566 memoriae
855 4505 1012 4586 cogitant
1035 4514 1070 4567 et
1094 4503 1301 4587 loquuntur;
1326 4504 1360 4567 hi
1380 4526 1425 4568 ex

296 4615 336 4658 se
353 4616 471 4678 parum
491 4607 635 4678 possunt
651 4598 801 4682 aliquam
820 4620 890 4661 rem
908 4599 1120 4662 confirmare.

362 4694 464 4776 169.
496 4693 592 4757 Haec
611 4708 690 4758 sunt
710 4695 905 4758 discrimina
922 4695 1174 4768 illustrationis,
1195 4706 1231 4758 et
1251 4695 1331 4758 inde
1348 4715 1425 4776 per-
