3418 5368
503 665 553 718 oa
577 665 713 718 mutua
737 665 1094 720 momorum-u.
1113 657 1184 740 258.
1342 671 1404 742 205

278 835 400 904 Verbo
414 836 662 920 intelligantur.
709 841 767 904 [2.]
798 835 901 920 Quod
920 838 1001 904 talis
1021 837 1188 906 Dodirina
1206 840 1312 907 etiam
1328 861 1405 926 per·

279 933 385 997 missa
402 934 460 1010 sit,
478 943 533 998 est
551 954 597 998 ex
617 933 744 998 DivIna
763 933 995 1011 Providentia,
1016 953 1059 1000 ne
1078 937 1318 1020 profanaretur
1341 936 1404 1002 Di·

278 1028 395 1093 vinum
416 1022 568 1104 Domini,
587 1039 624 1094 et
646 1026 811 1094 sanetum
829 1029 945 1096 Verbi.
992 1030 1155 1096 Divinum
1176 1031 1316 1097 Domini
1335 1053 1404 1098 non

319 1123 478 1189 osanatur
493 1142 570 1188 cum
590 1123 738 1189 salvatio
754 1126 893 1209 ponitur
911 1127 946 1189 in
965 1125 1017 1191 his
1033 1126 1185 1202 vocibus,
1208 1127 1290 1194 “Ut
1310 1126 1405 1194 Deus

278 1141 381 1286 ἔπεϊ
404 1219 606 1285 misereatur
628 1231 771 1304 propter
795 1220 931 1297 Filium,
950 1221 1007 1306 qui
1030 1241 1152 1306 passus
1175 1231 1230 1288 est
1254 1242 1403 1302 crucem,

277 1324 315 1382 et
344 1314 511 1381 satisfecit
541 1335 603 1398 pro
633 1315 775 1396 nobis;”
804 1334 883 1381 nam
911 1317 959 1381 sic
988 1335 1056 1381 non
1084 1319 1214 1383 adeunt
1242 1317 1404 1384 Divinum

278 1410 431 1488 Domini,
450 1411 512 1475 sed
530 1411 729 1488 humanum,
749 1411 842 1497 quod
862 1431 931 1476 non
955 1423 1151 1496 agnoscunt
1172 1433 1235 1497 pro
1253 1413 1402 1479 Divino:

277 1525 340 1574 nec
365 1504 564 1590 profanatur
586 1504 752 1584 Verbum,
771 1509 849 1593 quia
873 1527 941 1572 non
964 1510 1154 1574 attendunt
1177 1510 1221 1576 ad
1245 1508 1304 1574 illa
1327 1509 1404 1576 loca

277 1603 333 1667 ubi
357 1602 554 1667 nominatur
571 1621 679 1678 amor,
699 1601 862 1677 charitas,
883 1600 1007 1678 iacere,
1027 1623 1156 1686 opera;
1179 1605 1265 1669 haec
1288 1605 1404 1671 omnia

276 1696 397 1763 dicunt
415 1717 492 1763 esse
511 1698 546 1761 in
565 1696 631 1762 fide
647 1696 783 1762 illarum
803 1717 949 1777 vocum;
973 1710 1009 1764 et
1029 1698 1079 1764 illi
1098 1700 1155 1786 qui
1174 1697 1257 1765 illud
1277 1701 1401 1764 confir·

277 1803 386 1869 mant,
398 1793 518 1858 dicunt
534 1812 662 1869 secum,
673 1791 780 1858 “Lex
792 1813 928 1858 menon
945 1795 1098 1871 damnat,
1106 1796 1156 1861 ita
1172 1815 1235 1861 nec
1253 1794 1401 1876 malum;

276 1897 311 1953 et
330 1889 457 1954 bonum
478 1909 547 1954 non
566 1889 691 1967 salvat,
712 1891 790 1973 quia
813 1889 940 1956 bonum
961 1913 981 1956 a
999 1911 1053 1956 me
1074 1911 1142 1956 non
1162 1901 1218 1958 est
1236 1892 1363 1957 bonum
1374 1890 1402 1957 :⁸⁹

276 2005 379 2069 quare
409 1993 489 2048 sunt
515 1987 602 2049 sicut
633 1985 682 2049 illi
711 1987 768 2070 qui
799 2005 867 2050 non
898 1987 1012 2052 sciunt
1042 1987 1180 2070 aliquod
1210 2006 1327 2052 verum
1355 2007 1402 2053 ex

277 2074 405 2157 Verbo,
426 2091 462 2145 et
482 2091 667 2164 propterea
685 2081 718 2145 id
739 2101 807 2145 non
828 2080 1006 2165 profanare
1025 2093 1181 2166 possunt.
1227 2081 1295 2148 Sed
1318 2083 1401 2147 ista·

275 2195 348 2241 rum
366 2195 491 2241 vocum
508 2175 611 2240 fidem
629 2196 697 2240 non
715 2174 921 2241 confirmant
941 2179 1009 2253 alii,
1026 2198 1128 2262 quam
1147 2179 1205 2262 qui
1223 2198 1401 2246 examore

275 2273 325 2336 sui
353 2273 386 2337 in
412 2271 504 2337 fastu
534 2273 690 2357 propriae
720 2272 974 2356 intelligentiae
1004 2285 1107 2353 sunt;
1138 2274 1173 2340 hi
1203 2293 1266 2338 nec
1296 2276 1402 2340 corde

277 2365 463 2434 Christiani
494 2377 585 2444 sunt,
616 2370 676 2433 sed
708 2369 820 2433 solum
848 2369 969 2434 volunt
1000 2370 1117 2434 videri.
1164 2368 1265 2452 Quod
1293 2389 1401 2453 usque

276 2463 399 2528 Divina
416 2463 556 2529 Domini
572 2463 791 2530 Providentia
804 2467 968 2529 continue
984 2476 1156 2549 operetur,
1170 2475 1207 2528 ut
1223 2465 1400 2529 salventur

275 2558 333 2635 illi,
361 2560 449 2642 apud
475 2579 561 2644 quos
586 2557 671 2624 fides
695 2572 858 2642 separata
882 2583 902 2623 a
929 2561 1099 2625 charitate
1125 2557 1216 2626 fat'ta
1240 2570 1295 2623 est
1320 2560 1398 2623 reli·

274 2655 397 2736 gionis,
415 2675 503 2719 nunc
521 2655 663 2720 dicetur.
711 2667 767 2733 [³.]
800 2653 855 2718 Ex
877 2653 1002 2719 Divina
1022 2654 1160 2720 Domini
1180 2655 1401 2719 Providentia

273 2761 339 2826 est,
370 2751 472 2834 quod,
504 2753 647 2816 tametsi
676 2749 735 2814 illa
765 2749 850 2814 fides
879 2747 969 2815 iadia
994 2761 1049 2815 est
1074 2751 1263 2835 religionis,
1292 2771 1400 2834 usque

273 2849 502 2931 unusquisque
526 2848 625 2922 sciat,
649 2847 740 2930 quod
769 2864 838 2910 non
861 2845 921 2910 illa
950 2845 1036 2910 fides
1065 2848 1189 2922 salvet,
1217 2848 1276 2912 sed
1306 2847 1398 2929 quod

272 2942 344 3005 vita
363 2941 542 3006 charitatis
557 2961 633 3007 cum
650 2962 717 3025 qua
731 2940 816 3006 fides
835 2961 938 3006 unum
959 2944 1033 3026 agit
1049 2965 1056 3021 ;
1080 2945 1114 3007 in
1132 2944 1291 3008 omnibus
1306 2945 1397 3007 enim

272 3037 438 3114 ecclesiis,
459 3037 515 3102 ubi
534 3038 656 3122 religio
678 3034 740 3101 illa
762 3052 902 3120 recepta
925 3051 991 3114 est,
1013 3039 1165 3114 docetur,
1188 3041 1279 3122 quod
1304 3038 1398 3104 nulla

272 3131 420 3197 salvatio
443 3133 500 3209 sit,
524 3135 588 3197 nisi
611 3133 716 3198 homo
743 3134 904 3215 exploret
934 3155 982 3209 se,
1006 3133 1122 3198 videat
1150 3153 1212 3197 sua
1237 3145 1395 3217 peccata,

270 3240 440 3311 agnoscat
453 3229 522 3305 illa,
537 3230 787 3312 paenitentiam
799 3243 893 3311 agat,
907 3229 1054 3294 desistat
1070 3228 1205 3304 abillis,
1218 3238 1255 3294 et
1270 3249 1395 3294 novam

270 3325 378 3389 vitam
398 3325 501 3390 ineat.
550 3323 625 3390 Hoc
643 3344 720 3389 cum
737 3324 850 3390 multo
866 3324 940 3388 zelo
957 3325 1168 3406 praelegitur
1187 3343 1303 3388 coram
1320 3343 1395 3388 om·

271 3420 370 3485 nibus
398 3419 466 3485 illis
495 3421 552 3503 qui
582 3421 625 3484 ad
653 3418 817 3487 Sandiam
844 3419 973 3486 Cenam
1002 3421 1194 3497 accedunt3
1222 3419 1394 3498 addend0,

269 3516 362 3599 quod
387 3516 451 3580 nisi
475 3517 539 3580 hoc
564 3515 703 3592 faciant,
727 3517 978 3582 commisceant
1002 3513 1122 3580 sandia
1141 3514 1338 3599 prophanis,
1359 3525 1395 3582 et

268 3631 306 3676 se
325 3612 358 3674 in
375 3611 633 3677 damnationem
649 3623 826 3679 aeternam
843 3611 1049 3694 conjiciant;
1073 3607 1178 3675 immo
1197 3613 1232 3675 in
1251 3609 1394 3694 Anglia,

268 3707 359 3790 quod
377 3708 440 3772 nisi
459 3707 493 3772 id
511 3707 651 3782 saciant,
667 3708 825 3773 diabolus
844 3711 877 3773 in
893 3707 973 3774 illos
991 3709 1179 3772 intraturus
1195 3708 1239 3770 sit
1256 3708 1344 3772 sicut
1360 3709 1394 3772 in

267 3797 401 3886 Judam,
430 3815 466 3870 et
497 3800 733 3868 destrueturus
762 3804 841 3869 illos
871 3806 984 3888 quoad
1015 3804 1163 3868 animam
1194 3814 1229 3867 et
1260 3821 1393 3884 corpus.

263 3893 326 3968 Ex
345 3899 397 3964 his
416 3910 526 3984 patet.
546 3900 637 3983 quod
659 3903 889 3984 unusquisque
912 3902 945 3964 in
966 3900 1121 3966 ecclesiis
1140 3897 1196 3962 ubi
1216 3898 1289 3962 sola
1309 3897 1394 3962 fides

264 4006 408 4080 recepta
423 4009 489 4072 est,
504 4015 609 4079 usque
625 3997 791 4062 doceatur
803 3997 894 4080 quod
912 3995 1003 4060 mala
1016 4005 1053 4059 ut
1071 4005 1216 4076 peccata
1232 3993 1394 4075 fugienda

265 4095 345 4158 sint.
393 4104 451 4168 [4.]
483 4089 597 4168 Porro,
618 4093 859 4175 unusquisque,
885 4093 940 4174 qui
965 4099 1064 4154 natus
1088 4099 1142 4154 est
1166 4087 1391 4163 Christianus,

264 4189 372 4255 etiam
401 4187 467 4253 scit
495 4187 587 4273 quod
616 4188 705 4251 mala
732 4199 768 4252 ut
797 4198 943 4271 peccata
970 4185 1132 4269 fugienda
1157 4185 1239 4258 sint,
1264 4204 1308 4246 ex
1338 4204 1393 4259 eo,

262 4284 358 4371 quod
382 4283 573 4368 decalogus
596 4285 754 4348 tradatur
778 4284 871 4348 omni
896 4302 1000 4366 puero
1023 4292 1059 4346 et
1083 4283 1175 4345 omni
1200 4277 1334 4363 puellae
1359 4280 1392 4343 in

262 4393 417 4458 manum,
451 4394 487 4445 et
520 4403 540 4445 a
573 4379 772 4463 parentibus
806 4390 841 4445 et
873 4400 893 4442 a
923 4377 1099 4460 magistris
1133 4377 1321 4452 doceatur;
1357 4383 1394 4441 et

250 4463 403 4564 *quoque
436 4495 556 4540 omnes
590 4476 683 4540 cives
717 4477 826 4558 regni,
858 4475 890 4538 in
925 4476 1040 4556 specie
1072 4471 1206 4554 vulgus,
1239 4491 1283 4536 ex
1316 4470 1393 4536 solo

262 4570 438 4655 decalogo
461 4593 480 4635 e
504 4571 668 4636 memoria
693 4568 783 4634 letio
805 4569 1033 4653 explorantur
1055 4589 1074 4632 a
1102 4568 1286 4633 sacerdote
1312 4566 1392 4650 quid

260 4685 315 4740 ex
336 4663 536 4735 Christiana
564 4665 732 4748 religione
762 4667 886 4741 sciunt,
913 4675 949 4728 et
979 4685 1112 4746 quoque
1143 4674 1328 4729 monentur
1357 4670 1392 4734 ut
