3448 5374
269 635 334 702 214
468 635 519 687 nn
541 633 676 687 nrvmo
699 634 844 702 anons,
865 635 958 688 raas
981 636 1095 688 v.-u.
1110 640 1184 707 432.

268 807 405 886 entiae;
430 816 466 870 et
495 807 586 889 quod
615 827 676 890 per
705 806 862 872 mirificas
885 808 1121 872 consertiones
1150 819 1267 872 essent
1297 810 1385 876 sicut

268 911 451 966 consortes
474 910 509 965 et
533 901 808 967 contubernales.
854 903 996 986 Insuper
1017 912 1247 967 monstratum
1271 913 1325 968 est
1351 907 1385 970 in

269 995 346 1060 luce
370 996 467 1072 caeli,
488 1017 575 1079 quae
593 995 730 1074 affulsit,
751 998 841 1080 quod
865 1017 1053 1080 compages
1072 998 1270 1062 cerebelluii
1289 998 1386 1080 hujus

151 1120 159 1143 a
268 1092 410 1156 interius
429 1100 521 1156 esset
540 1092 653 1175 quoad
672 1091 776 1157 situm
800 1101 836 1156 et
864 1092 1050 1157 fluxionem
1078 1094 1112 1156 in
1142 1093 1263 1157 ordine
1292 1095 1385 1158 etin

268 1186 377 1251 forma
393 1186 489 1262 caeli,
508 1195 543 1250 et
560 1187 651 1270 quod
667 1206 854 1270 compages
866 1185 937 1269 ejus
953 1189 1105 1251 exterior
1117 1197 1211 1252 esset
1226 1189 1260 1252 in
1276 1209 1385 1271 oppo-

269 1284 339 1347 sito
366 1293 488 1346 contra
510 1282 604 1345 illum
635 1282 788 1346 ordinem
818 1292 854 1347 et
881 1282 1153 1346 illamtsormam.
1198 1283 1386 1366 Postquam

269 1377 355 1442 haec
377 1379 451 1442 visa
473 1387 510 1442 et
532 1386 727 1442 monstrata
749 1387 841 1453 sunt,
865 1379 1028 1442 dixerunt
1051 1379 1178 1461 angeli,
1202 1380 1293 1473 quod
1317 1379 1386 1443 bini

269 1473 448 1538 interiores
466 1475 604 1558 gradus,
619 1473 681 1566 ¹qui
703 1482 800 1538 erant
823 1474 857 1537 in
885 1474 1003 1538 ordine
1031 1482 1067 1538 et
1095 1475 1130 1537 in
1155 1473 1264 1538 forma
1287 1473 1386 1550 caeli,

269 1577 385 1632 essent
398 1568 617 1650 receptacula
629 1569 753 1633 amoris
765 1579 801 1632 et
815 1567 1004 1650 sapientiae
1017 1588 1037 1632 a
1053 1567 1221 1648 Domino;
1245 1579 1281 1633 et
1294 1569 1386 1652 quod

270 1664 422 1727 exterior
444 1663 582 1746 gradus,
602 1666 658 1746 qui
688 1665 721 1727 in
745 1664 905 1746 opposito
929 1672 1003 1729 erat
1026 1672 1150 1727 contra
1172 1664 1326 1728 ordinem
1350 1673 1386 1728 et

270 1757 413 1822 sormam
428 1759 525 1833 caeli,
543 1767 635 1822 esset
652 1759 907 1841 receptaculum
923 1759 1048 1823 amoris
1059 1768 1101 1837 ,et
1116 1759 1268 1822 insaniae
1284 1758 1386 1823 infer·

270 1853 377 1932 nalis;
401 1875 446 1916 ex
462 1873 576 1929 causa,
590 1853 667 1935 quia
682 1853 786 1918 homo
805 1875 850 1918 ex
869 1854 947 1918 labe
962 1853 1171 1918 hereditaria
1186 1855 1338 1918 nascitur
1352 1855 1387 1918 in

270 1948 361 2014 mala
378 1949 488 2011 omnis
504 1949 659 2029 generis;
683 1958 719 2013 et
736 1950 827 2032 quod
844 1948 933 2012 mala
948 1949 1008 2013 illa
1022 1949 1197 2013 resideant
1215 1949 1250 2013 in
1268 1957 1386 2014 extre·

270 2045 335 2109 mis
350 2044 416 2122 ibi;
439 2053 475 2106 et
491 2045 581 2126 quod
595 2043 655 2107 ilia
671 2043 766 2108 labes
782 2064 850 2108 non
866 2053 1093 2120 removeatur,
1112 2044 1176 2108 nisi
1192 2045 1388 2126 aperiantur

270 2138 397 2223 gradus
425 2139 626 2220 superiores,
649 2140 716 2222 qui,
745 2149 783 2203 ut
812 2135 939 2203 dictum
969 2148 1034 2215 est,
1059 2147 1139 2202 sunt
1167 2137 1387 2223 receptacula

270 2236 395 2301 amoris
408 2244 443 2298 et
459 2234 649 2316 sapientiae
666 2255 686 2297 a
702 2233 861 2298 Domino.
906 2233 954 2298 Et
970 2235 1047 2316 quia
1062 2253 1158 2297 amor
1169 2241 1204 2296 et
1219 2234 1388 2315 sapientia

233 2338 235 2342 ’
270 2339 326 2395 est
344 2331 417 2412 ipse
432 2330 549 2403 homo,
567 2337 621 2392 est
640 2330 731 2392 enim
751 2349 847 2392 amor
862 2337 898 2392 et
917 2329 1088 2410 sapientia
1106 2329 1140 2390 in
1159 2348 1220 2414 sua
1236 2329 1388 2392 essentia

272 2424 450 2499 Dominus,
470 2434 506 2486 et
536 2423 601 2487 hoc
631 2425 839 2506 primitivum
867 2424 1014 2487 hominis
1040 2431 1094 2488 est
1118 2422 1388 2506 receptaculum,

271 2521 426 2603 sequitur
444 2518 535 2602 quod
555 2519 635 2582 inde
654 2520 688 2582 in
707 2520 881 2600 primitivo
900 2518 960 2581 illo
979 2519 1023 2581 sit
1042 2518 1225 2582 continuus
1241 2518 1333 2582 nisus
1351 2517 1389 2579 in

270 2612 414 2680 formam
433 2613 629 2692 humanam,
650 2632 751 2698 quam
769 2615 876 2678 etiam
891 2613 1085 2678 successive
1103 2611 1224 2678 induit.
