3418 5368
493 677 544 728 ns
567 677 704 728 mvmn
727 676 1084 728 mormanus—u.
1105 683 1176 747 233.
1339 686 1401 753 177

264 850 459 936 sapientiae
482 859 519 915 et
543 850 576 912 in
599 849 691 913 bona
714 849 850 925 amoriS,
872 849 936 912 nisi
959 861 1125 934 quantum
1147 852 1256 918 homo
1279 853 1314 918 in
1335 855 1401 920 illis

265 959 386 1034 potest
402 948 513 1013 teneri
533 966 638 1028 usque
657 946 701 1009 ad
719 944 821 1008 finem
841 946 945 1010 vitae.
1340 1019 1343 1024 Ι

330 1058 427 1128 233·
459 1041 509 1106 Ut
540 1043 658 1125 itaque
688 1040 753 1104 hoc
785 1060 947 1104 arcanum
980 1042 1126 1109 Divinae
1159 1044 1401 1116 Providentiae

265 1142 464 1223 detegatur,
485 1157 590 1220 usque
615 1147 652 1201 ut
671 1136 777 1200 homo
797 1137 977 1201 rationalis
997 1138 1030 1201 id
1050 1140 1084 1203 in
1109 1161 1169 1205 sua
1189 1142 1265 1210 luce
1284 1149 1400 1213 videre

265 1236 388 1320 possit,
406 1233 610 1316 singillatim
635 1231 844 1313 explicanda
868 1243 949 1295 sunt
973 1233 1044 1309 illa,
1066 1257 1154 1319 quae
1179 1260 1268 1306 nunc
1293 1243 1400 1316 allata

265 1343 357 1397 sunt.
404 1330 573 1394 Primum:
607 1327 704 1406 Quod
726 1328 761 1391 in
790 1327 1006 1394 r'nterzoribus
1031 1333 1128 1412 apud
1150 1333 1315 1403 hominem
1336 1361 1399 1403 non

260 1429 375 1510 possit
393 1425 517 1490 malum
534 1435 566 1488 et
583 1423 688 1488 simul
704 1421 822 1486 bonum
841 1444 922 1500 esse,
942 1436 975 1489 et
992 1428 1069 1492 inde
1093 1451 1148 1494 nec
1161 1433 1298 1514 salsum
1317 1437 1398 1500 malz

263 1535 296 1587 et
327 1522 433 1588 simul
458 1541 575 1585 verum
606 1518 799 1583 bone-Per
831 1521 996 1587 interiora
1019 1526 1167 1592 hominis
1190 1530 1398 1612 intelligitur

263 1620 438 1684 internum
457 1616 681 1700 cogitationis
700 1614 796 1697 ejus,
820 1616 863 1680 de
880 1638 949 1702 quo
964 1620 1070 1686 homo
1086 1645 1155 1689 non
1174 1625 1301 1710 aliquid
1318 1628 1396 1703 scit,

264 1717 460 1801 priusquam
494 1714 527 1776 in
556 1712 720 1776 mundum
745 1713 960 1795 spiritualem
991 1731 1026 1783 et
1057 1721 1127 1803 ejus
1151 1722 1264 1787 lucem
1287 1725 1395 1794 venit.

263 1813 356 1896 quod
379 1809 417 1874 fit
447 1818 527 1893 post
551 1819 710 1871 mortem.
757 1808 796 1873 In
828 1814 957 1877 mundo
987 1818 1136 1882 naturali
1164 1821 1198 1882 id
1230 1823 1396 1902 cognosci

263 1917 382 1992 potest
405 1904 517 1971 solum
540 1925 586 1969 ex
605 1903 759 1987 jucundo
783 1909 910 1973 amoris
935 1909 1007 1994 ejus
1030 1913 1064 1976 in
1090 1923 1237 1979 externo
1260 1919 1393 1998 cogita·

264 2013 367 2077 tionis
386 2034 478 2087 suae,
500 2021 535 2076 ct
560 2032 606 2076 ex
625 2011 707 2093 ipsis
724 2007 835 2083 malis,
858 2009 938 2073 dum
959 2009 1020 2073 illa
1036 2012 1125 2093 apud
1150 2031 1187 2076 se
1211 2012 1394 2095 explorat;

263 2129 355 2184 nam,
380 2120 417 2172 ut
447 2127 550 2190 supra
573 2115 752 2170 ostensum
780 2114 846 2179 est,
871 2105 1042 2168 internum
1068 2108 1292 2189 cogitationis
1317 2128 1393 2173 cum

262 2215 413 2268 externo
428 2203 652 2286 cogitationis
669 2200 760 2283 apud
778 2200 955 2265 hominem
971 2202 1005 2264 in
1023 2200 1085 2266 tali
1101 2223 1193 2266 nexu
1213 2203 1393 2279 cohaeret,

263 2309 301 2364 ut
320 2320 390 2363 non
409 2299 559 2382 separari
579 2297 734 2379 possint;
760 2299 821 2360 sed
845 2297 889 2360 de
913 2297 965 2360 his
985 2318 1087 2381 supra
1106 2298 1212 2383 plura.
1258 2299 1395 2366 Dicitur

261 2395 390 2459 bonum
408 2405 443 2458 et
464 2412 581 2457 verum
597 2392 689 2466 boni,
707 2412 746 2456 ac
767 2391 895 2455 malum
912 2403 948 2456 et
964 2393 1087 2456 salsum
1105 2396 1206 2473 mali;
1231 2397 1394 2479 quoniam

261 2491 390 2555 bonum
415 2510 483 2553 non
500 2490 573 2554 dari
599 2499 718 2572 potest
737 2489 867 2569 absque
890 2509 952 2552 suo
971 2510 1063 2564 vero,
1085 2510 1146 2554 nec
1167 2492 1294 2554 malum
1311 2492 1392 2556 abs·

261 2607 328 2668 que
355 2607 417 2650 suo
443 2584 541 2660 falso,
568 2595 649 2649 sunt
674 2585 766 2649 enim
798 2595 980 2649 consortes
1012 2587 1079 2650 tori
1108 2607 1168 2650 seu
1201 2587 1391 2670 conjuges;

261 2700 343 2746 nam
365 2682 438 2746 vita
460 2682 543 2746 boni
565 2691 620 2745 est
644 2701 664 2744 a
687 2700 748 2744 suo
772 2701 865 2754 vern,
891 2691 928 2745 et
951 2681 1023 2745 vita
1046 2682 1114 2745 veri
1144 2704 1165 2745 a
1192 2705 1254 2746 suo
1277 2684 1389 2748 bono:

262 2779 373 2843 simile
392 2789 446 2843 est
470 2798 547 2842 cum
567 2775 659 2841 malo
681 2785 717 2840 et
739 2775 810 2858 ejus
828 2774 925 2840 salso.
972 2783 1031 2845 [2.]
1062 2775 1165 2859 Quod
1189 2781 1223 2842 in
1247 2781 1389 2846 interio-

259 2876 353 2940 ribus
375 2875 524 2939 hominis
548 2893 617 2937 non
641 2873 750 2956 possit
774 2871 902 2935 malum
927 2892 1003 2936 cum
1028 2893 1090 2937 suo
1112 2873 1200 2939 falso
1229 2886 1266 2940 et
1288 2878 1390 2942 simul

260 2972 389 3036 bonum
409 2991 486 3036 cum
506 2992 568 3036 suo
587 2991 670 3035 vero
689 2989 777 3044 csse,
797 2989 818 3032 a
840 2970 1001 3033 rationali
1017 2969 1156 3036 homine
1177 2973 1305 3056 absque
1325 2996 1387 3038 ex·

260 3067 448 3150 plicatione
465 3069 572 3132 videri
593 3075 735 3151 potest3
759 3073 814 3128 est
834 3067 925 3129 enim
942 3065 1069 3129 malum
1087 3071 1263 3152 oppsitum
1284 3071 1387 3149 bono,

259 3183 299 3228 ac
323 3164 452 3229 bonum
474 3163 674 3246 oppositum
695 3159 798 3234 malo,
819 3170 854 3224 et
878 3160 946 3224 duo
969 3164 1132 3243 opposita
1155 3185 1223 3227 non
1243 3177 1389 3247 possunt

259 3258 361 3323 simul
379 3280 466 3324 esse.
512 3255 578 3324 Est
602 3259 708 3322 etiam
733 3255 825 3320 omni
850 3254 942 3319 malo
965 3257 1103 3321 insitum
1129 3260 1244 3323 odium
1264 3272 1389 3326 contra

258 3353 399 3431 bonum,
420 3365 456 3419 et
479 3355 571 3418 omni
594 3353 688 3417 bono
712 3361 764 3415 est
789 3351 913 3414 insitus
932 3371 1028 3415 amor
1048 3356 1185 3418 tutandi
1209 3376 1246 3418 se
1265 3367 1388 3422 contra

259 3449 400 3527 malum,
417 3460 452 3516 et
468 3450 502 3514 id
519 3470 539 3513 a
555 3471 591 3514 se
607 3447 827 3512 removendi:
848 3468 893 3511 ex
913 3467 981 3530 quo
998 3449 1162 3531 sequitur,
1173 3450 1265 3533 quod
1283 3471 1387 3517 unum

258 3565 336 3609 cum
356 3546 468 3611 altero
487 3565 555 3610 non
577 3545 686 3626 possit
707 3541 807 3605 simul
826 3562 902 3606 esse
914 3565 923 3622 ;
946 3554 983 3608 et
1008 3545 1036 3608 si
1055 3545 1155 3608 simul
1174 3545 1298 3623 forent,
1318 3549 1385 3632 pri·

258 3663 352 3708 mum
369 3645 514 3709 oriretur
526 3641 703 3708 conflidlus
719 3654 755 3708 et
772 3663 899 3725 pugna,
912 3653 948 3706 et
965 3643 1044 3706 dein
1061 3641 1269 3708 destructio:
1294 3643 1387 3728 quod

255 3739 365 3803 etiam
386 3738 554 3805 Dominus
573 3740 625 3803 his
641 3739 754 3803 verbis
774 3739 898 3802 docet:

308 3875 421 3928 “Omne
433 3893 546 3940 regnum
560 3877 675 3927 divisum
686 3887 781 3927 contra
794 3889 824 3926 se
838 3876 926 3938 ipsum
937 3873 1083 3932 desolatur,
1095 3885 1123 3924 et
1134 3877 1224 3924 omnis
1233 3877 1329 3926 civitas
1340 3885 1387 3927 aut

390 3945 487 3994 domus
505 3944 593 3994 divisa
610 3954 706 3993 contra
723 3957 752 3992 se
772 3944 857 4006 ipsam
877 3955 932 3990 non
952 3940 1083 3991 consistit.
1183 3941 1311 4004 Quisquis
1329 3957 1385 3992 non

390 4021 432 4060 est
446 4009 561 4068 Mecum,
574 4021 668 4059 contra
682 4007 727 4058 Me
740 4018 789 4066 est,
803 4018 830 4058 et
841 4006 962 4072 quisquis
975 4019 1030 4055 non
1046 4015 1195 4069 congregat
1208 4005 1323 4068 Mecum,
1332 4008 1386 4057 dis-

389 4077 477 4140 pergit
485 4075 499 4096 '¹
512 4075 617 4136 (Marti.
632 4073 703 4125 luxit
717 4085 756 4136 25,
769 4075 826 4137 30):

249 4177 294 4258 ,et
313 4191 404 4270 alibi,

307 4323 419 4375 “Nemo
431 4332 522 4388 potest
535 4322 640 4373 duobus
652 4321 771 4372 dominis
783 4320 863 4372 simul
875 4319 984 4380 servire,
995 4335 1058 4370 nam
1071 4330 1118 4372 aut
1130 4333 1213 4370 unum
1228 4319 1292 4369 odio
1303 4318 1383 4369 habe-

388 4391 434 4449 bit,
450 4388 505 4439 [ὕοι
516 4389 630 4440 alterum
648 4383 772 4453 amabit[,
786 4395 833 4438 aut
845 4387 893 4437 uni
910 4387 1067 4437 adhaerebit
1084 4396 1111 4437 et
1129 4386 1245 4436 alterum
1265 4394 1383 4434 contem·

391 4451 449 4521 net]
459 4454 474 4476 '⁹
488 4455 595 4515 (Metu.
607 4455 641 4504 vi.
655 4455 704 4516 24).

249 4591 336 4676 ,Duo
368 4592 530 4675 opposita
556 4611 626 4655 non
653 4589 727 4654 dari
756 4599 901 4673 possunt
934 4589 967 4655 in
999 4610 1067 4655 una
1096 4589 1290 4656 substantia
1324 4601 1384 4656 aut

250 4688 364 4776 dorma
387 4687 499 4763 simul,
521 4689 600 4766 quin
621 4685 870 4750 distraheretur
889 4695 924 4750 et
952 4686 1100 4770 periret:
1124 4687 1153 4750 si
1176 4687 1383 4752 accessisset
