3434 5364
262 609 266 616 ¹
313 621 355 672 22
666 620 871 675 SAPIENTIA
893 623 1090 677 ANGELICA

311 790 351 858 fit
374 791 576 858 rationalist
612 802 650 858 et
672 793 765 879 quod
793 793 828 860 in
857 795 1006 862 alterurn
1028 799 1186 880 gradum,
1210 801 1268 885 qui
1298 813 1448 869 vocatur

312 890 510 974 spiritualis,
524 890 652 968 veniat,
670 892 699 956 si
714 891 801 957 vivit
816 895 1007 959 secundum
1023 893 1121 977 leges
1135 897 1267 964 ordinis
1282 902 1446 986 spiritua·

312 985 375 1062 les,
388 1007 476 1070 quae
488 995 569 1050 sunt
584 985 710 1051 Divina
723 1007 824 1052 vera:
848 998 885 1054 et
897 990 990 1074 quod
1003 990 1109 1055 etiam
1121 993 1234 1077 possit
1250 994 1286 1059 in
1302 998 1445 1062 tertium

312 1082 471 1164 gradum,
495 1082 553 1166 qui
576 1093 721 1148 vocatur
743 1081 917 1162 caelestis,
938 1086 1066 1163 venire,
1091 1087 1120 1150 si
1142 1087 1229 1154 vivit
1251 1093 1447 1158 secundum

312 1177 408 1263 leges
431 1181 560 1245 ordinis
583 1181 764 1258 caelestes,
785 1203 872 1268 quae
895 1194 977 1248 sunt
1001 1183 1128 1248 Divina
1154 1186 1258 1253 bona.
1305 1194 1363 1256 [3.]
1396 1188 1448 1254 Hi

311 1278 439 1359 gradus
455 1279 654 1361 aperiuntur
670 1279 762 1362 apud
782 1278 958 1344 hominem
976 1301 997 1344 a
1015 1279 1168 1346 Domino
1184 1285 1375 1349 secundum
1393 1286 1446 1349 vi·

311 1381 385 1438 tam
409 1373 491 1456 ejus,
511 1374 547 1438 in
570 1373 700 1438 mundo
718 1371 913 1453 adiualiten
931 1376 993 1439 sed
1016 1396 1087 1440 non
1110 1381 1385 1462 perceptibiliter
1408 1391 1447 1445 et

311 1469 520 1534 sensibiliter
537 1488 641 1552 quam
659 1479 739 1554 post
762 1469 835 1553 ejus
857 1489 1042 1536 excessum
1066 1493 1086 1537 e
1109 1475 1262 1554 mundo;
1297 1489 1334 1539 et
1357 1477 1449 1539 sicut

310 1567 513 1648 aperiuntur
534 1577 571 1631 et
593 1566 674 1631 dein
695 1564 928 1648 perficiuntur,
948 1568 999 1632 ita
1021 1567 1127 1633 homo
1149 1571 1289 1654 propius
1307 1579 1345 1636 et
1364 1591 1444 1653 pro·

311 1661 387 1745 pius
420 1659 641 1744 conjungitur
673 1661 837 1730 Domino,
882 1662 1005 1728 Potest
1032 1662 1231 1746 conjundtio
1251 1665 1350 1730 haec
1384 1687 1449 1748 per

311 1757 682 1841 appropinquationem
705 1759 826 1841 augeri
852 1758 888 1824 in
914 1769 1108 1835 aeternum,
1131 1769 1168 1825 et
1191 1781 1328 1844 quoque
1352 1761 1447 1844 apud

311 1851 458 1933 angelos
473 1853 508 1915 in
524 1862 706 1917 aeternum
717 1863 866 1936 augetur
876 1875 885 1935 ;
909 1856 971 1919 sed
988 1874 1095 1937 usque
1111 1875 1181 1918 non
1197 1865 1317 1939 potest
1335 1877 1447 1940 ange·

312 1942 365 2009 lus
384 1946 428 2009 ad
448 1947 593 2029 primum
609 1949 757 2030 gradum
772 1949 915 2014 Amoris
934 1963 971 2015 et
991 1948 1191 2033 Sapientiae
1209 1949 1350 2015 Domini
1365 1972 1447 2035 per·

311 2043 440 2120 venire,
459 2052 520 2109 aut
538 2043 636 2108 illum
655 2046 842 2130 attingere,
863 2048 944 2129 quia
966 2045 1136 2110 Dominus
1154 2055 1210 2111 est
1223 2045 1387 2124 infinitus,
1407 2058 1448 2114 et

311 2137 457 2221 angelus
480 2148 535 2204 est
558 2139 685 2216 linitus,
705 2161 745 2206 ac
768 2143 860 2207 ratio
882 2141 1005 2207 infiniti
1036 2152 1073 2206 et
1100 2140 1186 2206 finiti
1210 2143 1307 2207 nulla
1329 2144 1447 2209 datur.

312 2231 486 2316 Quoniam
506 2254 610 2299 nemo
627 2245 748 2319 potest
766 2237 965 2320 intelligere
981 2247 1112 2301 statum
1131 2238 1292 2315 hominis,
1314 2248 1351 2303 et
1370 2251 1446 2304 sta·

310 2338 387 2394 tum
405 2331 613 2395 elevationis
628 2331 700 2414 ejus
718 2343 755 2399 et
770 2335 1084 2418 approximationis
1100 2335 1144 2397 ad
1162 2333 1360 2410 Dominum,
1379 2335 1447 2400 nisi

311 2427 400 2490 sciat
422 2426 501 2490 illos
523 2427 663 2508 gradus,
683 2429 763 2493 ideo
781 2430 826 2494 de
845 2429 913 2494 illis
935 2429 970 2492 in
990 2427 1226 2494 transactione
1244 2428 1297 2493 De
1319 2429 1450 2494 Divino

310 2523 440 2589 Amore
466 2533 500 2588 et
519 2523 649 2590 Dioriza
679 2525 855 2609 Sapientia
886 2524 922 2610 (a
945 2546 977 2590 n.
1002 2542 1059 2609 173
1083 2526 1128 2590 ad
1157 2525 1236 2612 281)
1260 2527 1295 2591 in
1327 2529 1448 2612 specie

312 2616 427 2684 adium
446 2630 521 2697 est;
552 2641 638 2703 quae
658 2623 852 2688 videantur.

375 2729 448 2799 33.
480 2715 602 2778 Paucis
625 2716 760 2783 dicetur
782 2718 959 2802 quomodo
981 2717 1087 2784 homo
1117 2719 1257 2803 propius
1280 2717 1448 2805 conjungi

311 2818 430 2894 potest
447 2809 609 2889 Domino,
626 2823 664 2877 et
681 2814 807 2879 deinde
822 2815 998 2897 quomodo
1013 2811 1212 2896 conjunctio
1228 2812 1289 2877 illa
1304 2815 1447 2899 propior

311 2915 349 2971 et
365 2908 505 2990 propior
516 2918 673 2991 apparet.
720 2907 886 2988 Quomodo
897 2909 994 2973 homo
1004 2909 1152 2992 propius
1166 2918 1199 2973 et
1208 2911 1357 2993 propoics
1368 2930 1446 2974 con·

306 3003 466 3091 jungitur
482 3003 625 3068 Domino
636 3003 773 3070 .·-—Hoc
793 3025 864 3070 non
886 3004 926 3070 fit
949 3026 1010 3089 per
1033 3005 1143 3068 solam
1164 3005 1358 3081 scientiam,
1379 3021 1447 3071 nec

313 3119 375 3183 per
389 3099 502 3163 solam
518 3099 802 3183 intelligentiam,
814 3101 920 3165 immo
936 3120 999 3165 nec
1016 3121 1077 3182 per
1092 3100 1203 3164 solam
1222 3101 1447 3184 sapientiam,

312 3195 375 3260 sed
401 3215 463 3280 per
484 3195 594 3260 vitam
618 3197 685 3260 illis
711 3192 942 3279 conjunStam.
985 3194 1072 3260 Vita
1101 3195 1251 3260 hominis
1284 3204 1340 3260 est
1371 3196 1448 3278 ejus

312 3311 421 3368 amor,
442 3300 477 3356 et
493 3311 591 3357 amor
607 3302 661 3357 est
677 3291 872 3376 multiplex.
918 3290 958 3354 In
973 3311 1101 3374 genere
1120 3301 1175 3355 est
1194 3310 1292 3355 amor
1309 3291 1390 3354 mali
1407 3301 1447 3358 et

312 3407 410 3453 amor
432 3387 536 3468 boni;
560 3408 658 3453 amor
677 3387 759 3453 mali
782 3397 836 3453 est
858 3405 956 3452 amor
974 3386 1206 3464 adulterandi,
1231 3387 1447 3466 vindicandi,

313 3484 551 3559 defraudandi,
574 3483 852 3568 blasphemandi,
879 3482 1082 3564 deprivandi
1114 3481 1202 3546 alios
1223 3482 1294 3546 suis
1321 3482 1448 3562 bonis;

313 3599 411 3644 amor
429 3578 511 3642 mali
530 3580 564 3642 in
587 3578 656 3642 illis
672 3579 870 3660 cogitandis
886 3587 923 3642 et
945 3577 1112 3642 iaciendis
1128 3577 1238 3642 sentit
1258 3575 1385 3661 volupe
1406 3589 1447 3643 et

311 3672 509 3759 jucundum.
554 3674 798 3737 Derivationes
814 3693 903 3756 quae
918 3682 998 3736 sunt
1015 3670 1214 3738 affectiones
1229 3670 1329 3754 hujus
1345 3691 1446 3736 amo·

313 3770 371 3846 ris,
388 3778 469 3833 sunt
485 3767 641 3833 todidem
658 3779 742 3853 quot
758 3779 838 3832 sunt
854 3768 997 3832 malain
1013 3789 1101 3852 quae
1117 3789 1155 3833 se
1174 3767 1447 3847 determinavit;

313 3885 354 3930 ac
371 3865 614 3949 perceptiones
629 3872 667 3930 et
683 3864 918 3947 cogitationes
934 3863 1032 3945 hujus
1049 3864 1177 3927 amoris
1196 3872 1276 3926 sunt
1295 3864 1446 3927 totidem

314 3971 399 4046 quot
418 3971 499 4026 sunt
514 3958 601 4025 salsa
622 3981 711 4046 quae
725 3961 842 4025 favent
862 3959 930 4025 illis
952 3958 1065 4035 malis,
1084 3972 1120 4024 et
1143 3958 1350 4024 confirmant
1372 3957 1447 4023 illa.

315 4055 414 4122 Haec
434 4055 522 4122 falsa
539 4075 644 4121 unum
661 4055 792 4122 faciunt
807 4077 885 4121 cum
905 4056 1015 4132 malis,
1036 4056 1125 4119 sicut
1143 4053 1342 4120 intellectus
1365 4073 1446 4118 cum

314 4153 500 4218 voluntate
523 4170 628 4217 unum
649 4151 744 4229 facit,
769 4172 838 4217 non
858 4161 1066 4235 separantur
1088 4172 1110 4215 a
1128 4173 1166 4216 se
1184 4152 1344 4225 invicem,
1364 4151 1449 4233 quia

315 4269 420 4315 unum
437 4259 492 4315 est
508 4248 660 4314 alterius.
698 4253 757 4323 [2.]
780 4247 880 4313 Nunc
893 4249 973 4332 quia
989 4247 1159 4312 Dominus
1171 4247 1281 4312 influit
1296 4247 1330 4310 in
1346 4264 1443 4310 amo·

314 4365 389 4412 rem
400 4347 491 4411 vitae
505 4344 664 4429 cujusvis,
677 4355 714 4410 et
729 4365 791 4428 per
802 4343 873 4429 ejus
886 4342 1086 4410 affedtiones
1099 4346 1132 4408 in
1149 4343 1392 4428 perceptiones
1408 4357 1447 4405 et

315 4445 562 4526 cogitationes,
576 4452 612 4507 et
629 4461 699 4506 non
714 4442 876 4517 vicissim,
890 4451 929 4506 ut
948 4461 1051 4523 supra
1066 4437 1274 4514 dictumest,
1292 4437 1450 4521 sequitur

315 4540 409 4623 quod
433 4559 501 4604 non
517 4540 657 4623 propius
675 4539 784 4621 possit
802 4536 847 4603 Se
866 4537 1087 4621 conjungere.
1109 4555 1211 4619 quam
1235 4537 1325 4599 sicut
1349 4552 1450 4596 amor

317 4635 399 4699 mali
415 4654 492 4701 cum
512 4633 584 4717 ejus
600 4631 846 4710 affectionibus,
862 4655 948 4715 quae
965 4643 1045 4697 sunt
1064 4629 1377 4711 concupiscentiae,
1391 4649 1447 4692 re·
