3410 5382
469 684 521 736 oa
544 683 682 735 n1v1nn
705 684 1058 740 cnovmannn-n.
1083 693 1150 758 104.
1328 681 1371 764 67

403 851 470 926 (iil.)
495 852 582 928 Quod
593 857 742 910 cisternam
757 873 813 911 non
823 861 919 928 possit
923 860 1090 932 purificari
1101 879 1120 914 a
1135 866 1372 934 concupiscentiis

563 927 645 990 mali,
653 927 797 997 quamdin
807 929 887 984 onata
897 931 931 984 in
941 937 1061 986 externo
1068 931 1184 988 homine
1192 951 1249 990 non
1258 943 1370 992 remota

562 1003 640 1060 sunt,
650 1001 723 1068 quta
733 998 887 1071 obstipant.

403 1069 468 1140 (ιν.)
494 1068 581 1140 Quod
595 1069 675 1122 mala
694 1072 728 1124 tn
744 1076 865 1126 externo
874 1071 990 1126 homine
1007 1090 1026 1128 a
1045 1074 1172 1132 Domino
1185 1093 1242 1132 non
1254 1082 1371 1150 possint

560 1143 711 1202 removero]
722 1157 812 1211 quam
824 1142 917 1196 taedeo
929 1143 1051 1200 homone.

415 1211 468 1282 (v.)
494 1211 581 1284 Quod
597 1213 661 1266 t'ctco
683 1211 766 1266 homo
784 1213 865 1268 mala
889 1214 926 1268 ab
948 1221 1067 1271 externo
1086 1216 1203 1274 homene
1225 1236 1371 1276 removere

559 1283 658 1337 debeat
669 1285 745 1338 st'cnt
759 1302 778 1337 a
790 1302 826 1341 se.

400 1353 466 1424 (vi.)
491 1354 578 1425 Quod
586 1357 732 1410 Dominus
742 1362 813 1410 tunc
821 1357 962 1428 parificet
976 1357 1121 1414 hannonem
1136 1378 1155 1415 a
1170 1365 1365 1432 concupiscen-

558 1429 611 1480 tiis
625 1428 701 1481 malt
717 1428 750 1481 in
769 1431 885 1482 interno
903 1429 1027 1494 homine,
1039 1436 1069 1485 et
1085 1431 1121 1486 ab
1138 1435 1213 1503 ipsos
1228 1434 1317 1488 malas
1334 1439 1366 1488 ia

559 1503 684 1553 externo.

386 1567 460 1640 (vii.)
488 1568 574 1638 Quod
581 1572 751 1624 continuum
765 1570 897 1624 Divinae
912 1572 1125 1627 Providentiae
1135 1574 1263 1628 Domini
1273 1579 1321 1636 sit,
1335 1584 1368 1629 ut

558 1642 719 1712 conjungat
732 1641 875 1696 hominem
891 1643 961 1706 Sibi,
975 1650 1003 1698 et
1022 1645 1059 1700 Se
1076 1645 1133 1708 illi,
1146 1651 1180 1700 ut
1191 1647 1266 1701 dare
1274 1651 1368 1718 possit

557 1714 588 1764 ci
593 1712 704 1783 felicia
716 1715 799 1767 vt'tae
809 1719 952 1776 aeternae,
964 1717 1042 1785 quod
1050 1732 1108 1771 non
1112 1716 1190 1786 fieri
1191 1721 1295 1788 potest,
1306 1720 1370 1772 nisi

558 1789 700 1852 quantam
709 1785 789 1838 mala
801 1801 867 1838 cant
880 1786 998 1840 illorum
1011 1790 1250 1859 concupiscentiis
1256 1795 1369 1844 remota

556 1859 633 1908 sunt.

302 2022 402 2092 103·
434 2006 487 2092 (i.)
521 2007 618 2087 Quod
638 2009 769 2073 cuilibet
793 2009 925 2075 homini
945 2024 1120 2080 externum
1141 2027 1174 2080 et
1199 2018 1369 2084 internum

234 2103 448 2188 cogitationis
471 2103 634 2168 sit-Per
661 2114 845 2169 externum
872 2116 909 2171 et
937 2109 1110 2175 internum
1139 2115 1369 2195 cogitationis

237 2198 293 2264 hic
324 2199 530 2282 intelligitur
559 2200 670 2263 simile
701 2203 793 2284 quod
824 2223 885 2284 per
914 2216 1099 2272 externum
1127 2218 1163 2273 et
1193 2211 1364 2274 internum

236 2293 425 2370 hominem,
442 2314 618 2379 perquem
636 2315 704 2358 non
721 2297 813 2361 aliud
834 2299 1042 2383 intelligitur
1058 2322 1160 2385 quam
1177 2316 1363 2369 externum

236 2399 273 2454 et
299 2391 472 2453 internum
502 2389 691 2455 voluntatis
714 2411 754 2455 ac
782 2392 992 2471 intellectus
1017 2397 1180 2461 voluntas
1207 2401 1298 2463 enim
1322 2420 1363 2465 ae

235 2482 436 2550 intellectus
459 2485 587 2549 iaciunt
610 2486 806 2555 hominem:
831 2500 866 2552 et
889 2492 967 2573 quia
991 2491 1076 2556 haec
1101 2494 1170 2557 duo
1193 2515 1230 2558 se
1253 2496 1363 2559 mani·

235 2580 367 2646 sestant
391 2582 425 2644 in
449 2582 732 2665 cogitationibus,
757 2583 881 2647 dicitur
911 2597 1096 2651 externum
1125 2609 1165 2653 ac
1189 2591 1363 2654 internum

234 2677 468 2759 cogitationis.
514 2675 612 2741 Nunc
632 2679 710 2763 quia
732 2699 801 2743 non
822 2701 945 2764 corpus
968 2683 1117 2748 hominis
1140 2687 1201 2750 sed
1222 2689 1364 2770 spiritus

233 2771 307 2854 ejus
325 2773 399 2837 vult
418 2793 458 2836 ac
477 2772 654 2856 intelligit,
674 2784 710 2838 et
729 2775 809 2840 inde
832 2779 978 2860 cogitat,
999 2781 1163 2864 sequitur,
1183 2784 1275 2865 quod
1295 2784 1363 2849 hoc

232 2879 418 2932 externum
438 2878 475 2933 et
493 2871 666 2933 internum
689 2871 734 2937 sit
758 2881 942 2936 externum
966 2882 1002 2937 et
1025 2877 1198 2941 internum
1223 2880 1364 2963 spiritus

233 2963 391 3029 hominis.
438 2963 540 3048 Quod
560 2985 684 3048 corpus
707 2967 792 3050 agit,
809 2969 881 3032 sive
901 2968 1062 3053 loquatur
1081 2973 1153 3037 sive
1172 2973 1290 3050 saciat,
1308 2985 1363 3040 est

232 3060 344 3125 solum
370 3057 510 3125 effetius
533 3083 578 3124 ex
603 3062 742 3126 interno
769 3073 805 3127 et
832 3075 981 3130 externo
1008 3067 1147 3149 spiritus
1173 3069 1257 3151 ejus,
1281 3089 1362 3134 nam

231 3175 356 3241 corpus
373 3167 427 3221 est
444 3157 549 3221 modo
565 3157 774 3222 obedientia.

296 3270 396 3339 104.
424 3254 526 3337 Quod
542 3255 647 3318 cuivis
663 3255 793 3318 homini
811 3256 845 3318 in
862 3265 980 3320 aetate
996 3256 1162 3338 provetia
1178 3260 1223 3324 sit
1241 3269 1360 3324 exter·

231 3368 313 3414 num
331 3360 366 3414 et
383 3352 557 3415 internum
573 3350 809 3431 cogitationis,
822 3351 967 3432 proinde
983 3361 1169 3416 externum
1189 3353 1239 3436 [et
1252 3356 1360 3419 inter·

232 3443 331 3528 num]
347 3446 539 3512 voluntatis
559 3455 593 3510 et
614 3442 824 3520 intelleCiuS,
844 3465 904 3509 seu
928 3456 1111 3511 externum
1132 3459 1169 3512 et
1185 3451 1360 3516 internum

231 3545 383 3626 spiritus,
403 3544 495 3628 quod
518 3544 610 3608 idem
634 3552 687 3605 est
711 3561 788 3606 cum
817 3551 964 3607 externo
987 3553 1024 3607 et
1046 3545 1184 3609 interno
1208 3547 1358 3624 homine,

231 3649 331 3723 patet
350 3641 456 3704 cuivis
475 3641 531 3724 qui
550 3639 593 3703 ad
617 3638 758 3703 alterius
777 3639 1009 3720 cogitationes
1029 3649 1065 3704 et
1085 3641 1297 3706 intentiones
1313 3663 1358 3706 ex

231 3734 379 3819 loquelis
401 3745 462 3800 aut
480 3731 579 3800 saitis
602 3734 674 3816 ejus
699 3734 874 3812 attendit;
899 3745 933 3798 et
956 3755 1091 3819 quoque
1115 3737 1158 3799 ad
1183 3756 1262 3799 suas
1281 3757 1358 3801 cum

230 3832 266 3897 in
290 3833 475 3896 consortiis
498 3840 565 3909 est,
588 3841 623 3895 et
647 3849 724 3894 cum
747 3831 876 3913 absque
900 3830 977 3894 illis.
1023 3831 1145 3897 Potest
1168 3835 1260 3897 enim
1284 3836 1359 3915 quis

230 3931 342 3993 amice
362 3927 456 4010 loqui
479 3945 555 3990 cum
575 3925 688 3991 altero
706 3946 751 3990 ex
772 3927 986 4008 cogitatione
1006 3937 1166 4002 externa,
1186 3937 1221 3990 et
1240 3937 1358 3990 tamen

230 4024 386 4088 inimicus
402 4043 479 4086 esse
494 4025 528 4087 in
542 4023 757 4104 cogitatione
773 4023 928 4086 interna:
954 4032 1074 4104 potest
1087 4024 1162 4107 quis
1179 4023 1222 4085 de
1241 4041 1358 4085 amore

228 4140 314 4201 erga
341 4119 537 4201 proximum
568 4127 604 4182 et
632 4119 675 4182 de
705 4137 822 4181 amore
851 4118 885 4180 in
915 4117 1027 4181 Deum
1062 4139 1108 4181 ex
1141 4118 1358 4199 cogitatione

229 4224 377 4280 externa
400 4223 436 4278 et
459 4211 560 4277 simul
583 4233 628 4278 ex
652 4210 831 4278 affatiione
855 4211 927 4294 ejus
950 4213 1054 4296 loqui,
1080 4231 1156 4275 cum
1180 4221 1299 4276 tamen
1324 4215 1356 4276 in

230 4313 446 4394 cogitatione
463 4330 524 4373 sua
539 4310 676 4374 interna
690 4309 785 4374 nihili
800 4309 882 4373 sacit
898 4311 1104 4392 proximum,
1119 4318 1155 4372 et
1169 4328 1239 4372 non
1257 4311 1357 4388 timot

231 4407 363 4471 Deum:
389 4415 509 4490 potest
535 4406 642 4470 etiam
665 4405 740 4488 quis
762 4407 805 4469 de
828 4403 963 4486 justitia
986 4404 1102 4487 legum
1126 4404 1287 4482 civilium,
1313 4407 1357 4470 de

228 4503 411 4568 virtutibus
430 4505 524 4567 vitae
543 4502 692 4576 moralis,
710 4511 746 4565 et
765 4501 808 4564 de
827 4500 894 4564 illis
913 4520 1001 4583 quae
1020 4510 1102 4566 sunt
1122 4499 1301 4566 doitrinae
1320 4511 1358 4566 et

229 4599 322 4662 vitae
348 4597 549 4680 spiritualis,
569 4617 615 4660 ex
639 4597 854 4682 cogitatione
882 4607 917 4659 et
948 4596 1048 4659 simul
1079 4594 1261 4662 affeiiione
1292 4618 1354 4660 ex·

228 4703 331 4758 terna
353 4693 457 4778 loqui,
482 4702 518 4756 et
549 4703 768 4757 tamencum
795 4693 888 4755 solus
912 4703 966 4755 est
999 4712 1127 4770 secum,
1152 4715 1197 4758 ex
1222 4695 1356 4776 cogita·
