3426 5382
490 679 542 732 DE
564 676 703 730 DIVINA
724 671 1079 728 ammaum-u.
1103 672 1171 742 157.
1332 669 1391 742 105

264 856 328 922 sed
354 865 410 922 est
436 851 612 920 dissimile.
657 848 845 918 Rationale
870 847 1017 926 illorum,
1042 846 1099 933 qui
1127 845 1162 912 in
1190 845 1394 930 apparentia

265 962 346 1018 sunt
380 961 417 1016 et
450 949 550 1014 simul
580 949 614 1013 in
644 948 804 1024 veritate,
836 956 890 1011 est
918 945 1087 1011 rationale
1117 941 1317 1027 spirituale;
1355 950 1393 1008 at

266 1047 438 1114 rationale
461 1046 608 1121 illorum,
629 1046 686 1129 qui
708 1044 742 1108 in
765 1043 970 1127 apparentia
988 1051 1069 1105 sunt
1092 1049 1128 1105 et
1150 1059 1219 1103 non
1239 1038 1339 1104 simul
1358 1039 1393 1103 in

266 1147 425 1219 veritate,
445 1153 498 1206 est
522 1140 692 1205 rationale
717 1137 895 1218 naturale;
933 1139 995 1202 sed
1014 1137 1079 1200 hoc
1104 1134 1273 1200 rationale
1296 1152 1393 1198 com·

266 1243 377 1326 parari
394 1249 512 1324 potest
529 1239 633 1303 horto
648 1236 759 1321 qualis
775 1245 829 1301 est
845 1236 880 1300 in
896 1235 972 1299 luce
989 1233 1151 1316 hyemali,
1168 1240 1205 1295 at
1221 1229 1392 1295 rationale

264 1338 443 1423 spirituale
456 1337 646 1421 comparari
663 1345 781 1420 potest
798 1334 899 1398 horto
915 1332 1025 1418 qualis
1041 1331 1145 1396 estin
1163 1329 1238 1393 luce
1250 1326 1392 1392 vernali.

266 1435 396 1502 Verum
416 1436 460 1501 de
479 1435 532 1501 his
551 1435 649 1520 plura
668 1436 702 1498 in
721 1432 957 1517 sequentibus,
977 1432 1012 1494 in
1033 1429 1098 1494 hoc
1116 1427 1257 1493 ordine:

445 1579 486 1648 (i.)
515 1579 601 1650 Quod
608 1578 691 1632 hama
702 1595 721 1630 a
734 1576 791 1631 solo
803 1577 931 1630 Domino
941 1575 1071 1629 ducatur
1081 1576 1110 1627 et
1120 1572 1267 1626 doceatur.

434 1650 489 1720 (ii.)
516 1650 602 1722 Quod
610 1649 692 1703 homo
703 1667 722 1702 a
731 1647 788 1702 sola
799 1648 927 1701 Domana
938 1645 1068 1700 ducatur
1078 1649 1107 1698 et
1116 1643 1319 1712 doceaturper
1330 1657 1392 1696 cae·

585 1720 646 1775 lum
658 1719 824 1791 angelicum
836 1725 865 1772 et
875 1734 913 1773 ex
926 1716 985 1772 illo.

423 1792 489 1862 (iii.)
516 1793 601 1864 Quod
606 1791 852 1846 homaaDomino
860 1789 990 1843 ducatur
993 1784 1393 1859 perinstuxum,etdoceatur

578 1867 637 1934 per
648 1863 886 1917 illustrationem.

424 1935 488 2004 (iv.)
515 1935 601 2006 Quod
609 1935 692 1989 homo
703 1951 722 1988 a
735 1936 861 1988 Domino
872 1932 1011 1986 doceatur
1016 1933 1074 2001 per
1089 1927 1220 1990 Verbum,
1230 1926 1392 1980 dadrt'aram

581 2011 610 2059 et
653 2006 865 2060 raedr'cationes
887 2019 924 2058 ex
944 2002 1002 2064 illa,
1021 2004 1064 2056 sic
1087 1998 1256 2054 tinmediate
1272 1997 1308 2052 ab
1324 1997 1346 2052 I
1362 2013 1393 2050 so

437 2148 489 2218 (v.)
517 2093 700 2218 Quoaslolfbmo
712 2166 732 2202 a
745 2149 872 2202 Damam
886 2148 918 2198 in
933 2145 1061 2198 externis
1072 2143 1202 2196 ducatur
1212 2147 1242 2196 et
1254 2140 1393 2196 doceatur

586 2221 619 2271 in
631 2222 714 2274 omni
723 2221 901 2290 apparentia
912 2219 988 2270 sicut
999 2233 1018 2269 a
1029 2219 1124 2268 semet.

330 2395 427 2466 155.
458 2378 510 2463 (i.)
541 2378 639 2458 Quod
658 2379 753 2442 konco
775 2401 797 2443 a
817 2379 887 2442 solo
908 2376 1050 2441 Domino
1071 2376 1215 2440 ducatur
1231 2384 1264 2438 et
1278 2374 1390 2440 docea-

264 2474 458 2541 tur.—Hoc
477 2485 513 2538 ut
532 2474 724 2539 universale
744 2494 960 2557 consequens
983 2471 1056 2535 fluit
1072 2492 1117 2535 ex
1137 2470 1295 2534 omnibus
1312 2469 1389 2545 illis,

264 2593 353 2656 quae
370 2572 403 2634 in
421 2567 655 2634 transactione
671 2570 723 2633 De
733 2569 860 2632 Divino
875 2569 1001 2631 Amore
1013 2577 1046 2629 et
1059 2566 1188 2629 Divina
1204 2564 1389 2646 Sapientia,

264 2677 411 2732 ostensa
434 2677 513 2731 sunt
527 2689 535 2744 ;
567 2675 639 2730 tam
663 2686 708 2729 ex
730 2664 809 2738 illis,
828 2684 915 2747 quae
943 2664 985 2725 de
1010 2661 1136 2726 Divino
1159 2660 1290 2724 Amore
1318 2658 1391 2724 Do·

267 2765 349 2828 mini
369 2774 404 2828 et
424 2763 467 2827 de
487 2763 611 2826 Divina
631 2760 809 2844 Sapientia
828 2761 937 2844 Ipsius
957 2760 990 2823 in
1010 2760 1111 2822 Parte
1130 2758 1262 2836 Prima;
1289 2779 1390 2843 quam

265 2881 353 2944 quae
373 2860 415 2922 de
435 2857 516 2923 Sole
538 2859 655 2922 mundi
675 2858 862 2940 spiritualis
882 2870 917 2922 et
937 2856 1071 2920 desole
1093 2856 1208 2918 mundi
1225 2855 1391 2919 naturalis

266 2957 300 3019 in
325 2955 425 3019 Parte
450 2955 631 3030 Secunda;
666 2963 738 3017 tum
759 2975 845 3037 quae
868 2954 911 3017 de
935 2951 1103 3016 Gradibus
1127 2954 1160 3014 in
1186 2953 1286 3016 Parte
1305 2951 1391 3017 Ter·

267 3053 338 3130 tia;
369 3063 404 3114 et
428 3071 514 3133 quae
539 3050 582 3113 de
606 3048 791 3113 Creatione
815 3050 962 3112 universi
985 3050 1017 3111 in
1042 3047 1143 3112 Parte
1168 3046 1319 3130 Quarta;
1354 3058 1391 3115 ut

265 3158 314 3223 et,
338 3169 425 3230 quae
448 3147 491 3211 de
515 3145 701 3209 Creatione
727 3145 876 3208 hominis
905 3145 938 3206 in
969 3143 1072 3206 Parte
1096 3141 1237 3225 Quinta,
1261 3143 1307 3207 ibi
1329 3144 1391 3208 de·

265 3254 464 3307 monstrata
482 3251 573 3304 sunt.

330 3339 428 3421 156.
459 3337 561 3420 Quod
582 3337 687 3401 homo
703 3357 723 3398 a
742 3335 818 3398 solo
835 3335 984 3398 Domino
1001 3334 1146 3398 ducatur
1161 3343 1197 3398 et
1213 3333 1389 3413 doceatur,

264 3444 321 3500 est
344 3435 435 3516 quod
460 3454 480 3496 a
503 3433 579 3497 solo
603 3432 754 3496 Domino
773 3432 884 3509 vivat;
917 3450 994 3493 nam
1019 3431 1112 3495 vitae
1134 3429 1206 3512 ejus
1228 3431 1392 3496 voluntas

264 3531 413 3607 ducitur,
431 3541 466 3595 et
486 3532 580 3594 vitae
599 3528 669 3610 ejus
688 3524 885 3592 intelleEtus
902 3526 1057 3589 docetur.
1103 3524 1171 3590 Sed
1190 3527 1255 3590 hoc
1272 3537 1392 3592 eontra

264 3627 505 3710 apparentiam
525 3637 599 3704 est;
632 3634 776 3708 apparet
796 3625 887 3687 enim
906 3622 1037 3686 homini
1060 3623 1148 3688 sicut
1164 3622 1259 3686 vivat
1278 3645 1323 3687 ex
1342 3645 1391 3702 se,

265 3735 303 3788 et
320 3733 438 3786 tamen
455 3724 580 3786 veritas
597 3732 650 3785 est
668 3722 759 3805 quod
775 3722 871 3785 vivat
887 3742 907 3784 a
924 3720 1084 3795 Domino,
1099 3729 1134 3785 et
1148 3740 1218 3784 non
1234 3742 1255 3784 a
1270 3731 1391 3786 semet.

266 3820 367 3884 Nunc
398 3821 476 3902 quia
507 3840 575 3882 non
607 3820 678 3882 dari
709 3828 826 3902 potest
853 3819 993 3894 homini,
1017 3819 1179 3902 quamdiu
1201 3819 1235 3882 in
1263 3818 1392 3884 mundo

264 3925 330 3988 est,
363 3915 540 3997 perceptio
574 3915 781 3979 sensationis
814 3917 906 3998 quod
939 3916 1034 3978 vivat
1068 3936 1088 3978 a
1121 3913 1198 3978 solo
1229 3913 1391 3991 Domino,

267 4011 446 4095 (quoniam
475 4013 676 4094 apparentia
706 4011 797 4095 quod
828 4013 923 4076 vivat
947 4033 992 4076 ex
1019 4033 1056 4076 se
1084 4032 1154 4076 non
1177 4012 1208 4076 ei
1232 4010 1390 4087 aufertur,

267 4129 347 4171 nam
382 4108 511 4190 absque
545 4106 603 4172 illa
636 4108 741 4171 homo
771 4129 838 4172 non
873 4120 926 4174 est
955 4107 1088 4192 hom0,)
1119 4108 1198 4173 ideo
1230 4107 1296 4173 hoc
1332 4126 1393 4187 per

262 4206 420 4267 rationes
444 4204 671 4267 evincendum
695 4215 759 4274 est,
781 4227 867 4287 quae
891 4215 1011 4290 postea
1034 4203 1288 4269 confirmandae
1312 4212 1392 4268 sunt

269 4322 328 4383 per
348 4301 609 4382 experientiam,
629 4310 665 4363 et
685 4301 821 4364 demum
840 4321 900 4383 per
920 4301 1086 4366 Verbum.

333 4411 424 4481 157.
455 4397 556 4481 Quod
581 4399 686 4463 homo
704 4401 799 4464 vivat
822 4422 843 4463 a
865 4400 941 4464 solo
964 4401 1127 4476 Domino,
1147 4408 1184 4466 et
1208 4419 1276 4463 non
1300 4420 1320 4463 a
1342 4420 1392 4475 se,

265 4515 328 4578 per
343 4495 406 4557 has
423 4498 574 4561 rationes
590 4497 787 4561 evincetur:
811 4495 914 4580 Quod
931 4498 1031 4562 unica
1046 4498 1092 4562 sit
1111 4497 1275 4573 essentia,
1292 4496 1394 4560 unica

264 4591 474 4667 substantia,
500 4603 536 4657 et
566 4593 665 4656 unica
695 4592 813 4670 forma,
838 4615 884 4659 ex
913 4594 1035 4678 quibus
1061 4612 1182 4659 omnes
1206 4593 1392 4668 essentiae,

264 4686 484 4752 substantiae
497 4699 532 4752 et
545 4687 674 4754 formae
686 4698 777 4768 sunt,
790 4710 878 4775 quae
890 4699 1028 4756 creatae
1043 4699 1133 4757 sunt.
1178 4685 1281 4774 Quod
1294 4690 1395 4753 unica
