3344 5402
447 657 497 708 ns
521 655 657 708 mvnto
680 655 827 718 anona,
848 654 942 706 unns
966 653 1071 704 1.-N‚
1089 643 1138 706 82.
1318 657 1359 724 33

235 843 272 899 ut
301 835 410 916 giges,
435 841 471 895 et
501 831 589 894 sicut
614 829 719 892 homo
743 847 867 910 parvus
891 838 928 893 ut
955 827 1086 893 infans:
1122 839 1157 892 et
1188 828 1254 893 hoc
1281 830 1361 912 quia

236 930 396 993 Divinum
415 937 469 992 est
489 927 579 990 idem
599 927 631 988 in
652 925 811 988 maximis
830 935 865 988 et
885 925 918 988 in
940 925 1097 988 minimis.

297 1026 372 1093 8⁰.
402 1023 564 1087 Divinum
588 1022 693 1085 etiam
718 1029 772 1084 est
795 1020 886 1083 idem
905 1022 938 1084 in
959 1022 1121 1084 maximis
1144 1029 1181 1085 et
1209 1022 1360 1086 minimis

233 1123 385 1186 omnium
411 1139 498 1202 quae
528 1126 644 1182 creata
672 1127 764 1192 sunt,
789 1127 825 1180 et
856 1136 925 1180 non
948 1118 1087 1194 vivunt;
1121 1126 1174 1181 est
1204 1119 1294 1181 enim
1324 1120 1359 1182 in

233 1217 325 1280 omni
354 1217 446 1279 bono
471 1234 551 1278 usus
580 1213 728 1278 illorum.
774 1211 877 1296 Quod
903 1223 1020 1277 autem
1051 1233 1120 1276 non
1147 1213 1279 1290 vivant,
1304 1224 1359 1280 est

232 1313 310 1396 quia
330 1331 399 1375 non
423 1310 553 1374 formae
572 1309 665 1373 vitae
684 1308 745 1372 sed
763 1308 893 1372 formae
917 1327 1038 1372 usuum
1057 1317 1157 1388 sunt;
1190 1330 1229 1373 ac
1249 1310 1360 1375 forma

232 1407 420 1472 secundum
440 1406 636 1470 bonitatem
657 1425 736 1468 usus
759 1415 813 1468 est
830 1404 933 1467 varia.
980 1402 1048 1468 Sed
1068 1405 1242 1488 quomodo
1262 1405 1358 1470 Divi·

231 1523 312 1567 num
332 1504 366 1566 in
386 1502 453 1566 illis
469 1511 535 1577 est,
553 1502 586 1564 in
607 1500 840 1584 sequentibus,
857 1500 913 1563 ubi
931 1499 973 1563 de
992 1501 1178 1578 creatione,
1199 1502 1341 1567 dicetur.

294 1598 362 1665 81·
392 1598 571 1663 Abstrahe
588 1597 750 1679 spatium,
764 1605 800 1659 et
817 1616 953 1677 prorsus
969 1616 1060 1678 nega
1076 1617 1233 1674 vacuum,
1247 1608 1282 1662 et
1299 1619 1358 1662 co-

230 1696 306 1777 gita
329 1705 411 1758 tunc
431 1693 475 1758 de
498 1693 625 1757 Divino
644 1691 775 1755 Amore
792 1702 827 1755 et
851 1690 894 1755 de
912 1690 1038 1755 Divina
1058 1689 1248 1775 Sapientia,
1265 1694 1358 1777 quod

230 1792 300 1854 sint
317 1791 391 1874 ipsa
415 1789 580 1853 Essentia
602 1784 780 1852 abstracto
803 1786 918 1869 spatio
937 1796 972 1850 et
992 1798 1124 1870 negato
1144 1808 1273 1869 vacuo;
1298 1810 1357 1854 co·

231 1887 307 1968 gita
335 1886 414 1949 deIn
445 1906 490 1949 ex
521 1884 646 1967 spatio,
664 1891 700 1948 et
730 1882 897 1965 percipies
928 1882 1019 1965 quod
1054 1883 1216 1948 Divinum
1246 1886 1292 1949 sit
1322 1887 1357 1950 in

231 1981 392 2045 maximis
410 1990 447 2044 et
470 1980 619 2043 minimis
638 1979 752 2062 spatii,
773 1977 884 2056 idem;
915 1997 984 2041 non
1004 1979 1107 2042 datur
1125 1981 1217 2044 enim
1237 1981 1270 2044 in
1291 1980 1357 2045 Es·

231 2077 343 2140 sentia
359 2072 535 2139 abstracta
551 2095 571 2138 a
587 2075 701 2158 spatio
720 2092 883 2156 magnum
903 2083 940 2137 et
959 2093 1114 2157 parvum,
1132 2074 1192 2139 sed
1211 2075 1314 2139 idem.

294 2170 361 2237 82.
393 2170 460 2235 Hic
484 2171 527 2234 de
550 2190 660 2234 vacuo
685 2169 812 2253 aliquid
841 2169 984 2234 dicetur.
1031 2169 1160 2234 Audivi
1183 2172 1358 2254 quondam

230 2267 374 2349 angelos
394 2266 578 2350 loquentes
598 2285 675 2330 curn
695 2265 868 2330 Newtono
887 2267 929 2330 de
948 2286 1070 2342 vacuo,
1091 2267 1249 2330 dicentes
1266 2267 1358 2350 quod

229 2364 343 2428 ideam
363 2365 462 2427 vacui
478 2373 517 2428 ut
540 2362 636 2426 nihili
656 2382 725 2425 non
744 2363 961 2442 sustineant;
993 2364 1071 2446 quia
1094 2365 1128 2426 in
1148 2363 1276 2427 mundo
1296 2383 1358 2428 suo

229 2461 285 2542 qui
310 2469 365 2524 est
386 2459 584 2542 spiritualis,
606 2477 645 2522 ac
672 2457 775 2521 intra·
790 2478 851 2522 seu
877 2479 979 2540 supra
1005 2459 1117 2540 spatia
1140 2468 1176 2522 et
1200 2467 1358 2542 tempora

229 2552 1355 2636 mundinaturalis,aequesentiunt,cogitant,afficiuntur‚amant,

229 2652 362 2727 volunt,
387 2652 569 2734 respirant,
590 2651 695 2714 irnrno
720 2649 906 2732 loquuntur
932 2659 968 2713 et
999 2659 1129 2732 agunt;
1162 2671 1248 2734 quae
1276 2671 1356 2714 nus·

230 2765 331 2830 quarn
351 2756 497 2829 possunt
516 2745 588 2809 dari
608 2747 641 2808 in
660 2766 770 2810 vacuo
789 2756 827 2810 ut
846 2745 964 2823 nihilo,
986 2747 1064 2829 quia
1083 2746 1167 2810 nihil
1187 2756 1241 2810 est
1261 2745 1355 2822 nihil,

230 2851 267 2905 et
286 2842 329 2905 de
353 2840 461 2904 nihilo
480 2861 550 2904 non
573 2839 702 2922 aliquid
727 2841 957 2924 praedicabile
980 2851 1046 2905 est.
1092 2840 1193 2906 Dixit
1212 2841 1356 2905 Newto·

229 2955 304 3012 nus,
321 2935 413 3020 quod
429 2937 515 3000 sciat
533 2935 624 3018 quod
642 2934 804 2999 Divinum
821 2938 912 3020 quod
930 2935 994 3001 Est
1012 2937 1156 3019 impleat
1173 2937 1298 3013 omnia,
1318 2945 1356 3002 et

230 3030 321 3114 quod
340 3032 413 3114 ipse
435 3031 576 3095 horreat
595 3029 639 3093 ad
659 3031 773 3095 ideam
793 3030 889 3094 nihili
913 3032 956 3095 de
975 3051 1096 3107 vacuo,
1116 3031 1195 3114 quia
1218 3031 1277 3096 illa
1301 3043 1356 3098 est

229 3124 441 3190 destructiva
456 3127 608 3191 omnium
621 3148 628 3190 :
649 3127 794 3191 hortans
813 3126 902 3202 illos,
917 3128 973 3210 qui
990 3127 1033 3190 de
1046 3147 1156 3190 vacuo
1172 3127 1357 3210 loquuntur

229 3242 307 3287 curn
326 3222 397 3298 illo,
419 3231 455 3285 ut
474 3223 538 3287 sibi
557 3233 706 3287 caveant
725 3223 769 3286 ab
787 3223 865 3286 idea
882 3221 988 3298 nihili,
1009 3243 1139 3287 vocans
1156 3223 1251 3287 illam
1270 3223 1356 3288 deli·

228 3320 356 3404 quium,
377 3319 455 3402 quia
473 3319 507 3382 in
527 3318 633 3383 nihilo
653 3337 722 3382 non
739 3318 841 3383 datur
856 3319 926 3382 ulla
945 3320 1072 3384 mentis
1087 3315 1281 3384 actualitas.
