3410 5382
507 676 557 725 us
583 677 719 727 urvuun
743 677 1098 732 Pnovrueurm.·-n.
1117 671 1169 751 63.
1362 692 1405 759 39

275 843 341 910 Est
359 843 495 912 affec'tio
513 847 617 925 mala,
635 869 721 931 quae
739 858 794 915 est
813 851 996 932 cupiditas,
1017 854 1045 918 si
1063 855 1094 919 ei
1114 873 1211 921 arnor
1229 856 1312 924 mali
1330 859 1403 924 fue·

275 952 340 1018 rat,
361 952 397 1007 et
415 940 551 1007 affectio
570 944 661 1008 bona
680 947 707 1008 si
731 947 762 1010 ei
785 966 882 1032 amor
901 948 982 1012 boni
1001 949 1132 1015 fuerat:
1159 960 1195 1017 et
1215 953 1324 1018 cuivis
1349 966 1404 1020 est

274 1036 410 1102 affectio
428 1039 531 1116 bona,
552 1041 640 1104 sicut
659 1041 794 1124 fugerat
814 1043 905 1106 mala
924 1045 1014 1109 sIcut
1038 1057 1184 1128 peccata
1196 1070 1204 1128 ;
1236 1058 1273 1113 et
1297 1051 1405 1115 cuivis

275 1147 329 1200 est
351 1132 486 1200 affectio
505 1136 608 1212 mala,
628 1137 715 1200 sIcut
735 1138 826 1201 mala
846 1157 915 1202 non
939 1141 989 1203 ita
1011 1140 1157 1224 fugerat.
1205 1142 1304 1208 Nunc
1325 1148 1406 1228 quia

275 1252 396 1297 omnes
415 1232 555 1316 spiritus
574 1242 610 1296 et
633 1233 748 1316 angeli
767 1244 847 1298 sunt
867 1233 1078 1313 affectiones,
1096 1247 1195 1321 patet
1214 1241 1306 1322 quod
1330 1242 1405 1304 uni·

274 1349 410 1393 versum
427 1329 560 1392 caelum
576 1331 783 1412 angelicum,
798 1351 866 1394 non
883 1333 928 1396 sit
944 1333 1008 1396 nisi
1024 1353 1126 1415 quam
1143 1353 1239 1399 amor
1252 1337 1405 1400 omnium

274 1422 492 1490 affectionum
512 1426 604 1502 boni,
625 1437 661 1490 et
682 1426 760 1491 inde
780 1430 951 1511 sapientia
970 1429 1123 1492 omnium
1143 1432 1405 1514 perceptionum

274 1523 355 1584 veri.
400 1521 448 1584 Et
471 1523 549 1604 quia
573 1541 676 1588 omne
698 1524 826 1588 bonum
850 1534 886 1588 et
908 1543 1028 1589 verum
1052 1534 1106 1589 est
1138 1547 1159 1589 a
1182 1525 1343 1602 Domino,
1369 1537 1405 1591 et

276 1618 444 1682 Dominus
467 1629 521 1682 est
545 1620 618 1702 ipse
641 1619 753 1683 Amor
775 1621 907 1703 etipsa
930 1620 1119 1704 Sapientia,
1140 1624 1294 1705 sequitur
1312 1623 1405 1706 quod

275 1715 409 1778 caelum
441 1715 635 1796 angelicum
669 1717 714 1779 sit
748 1717 863 1798 imago
891 1717 1012 1799 Ipsius.
1064 1717 1111 1781 Et
1147 1720 1226 1801 quia
1256 1719 1404 1782 Divinus

275 1809 387 1873 Amor
405 1819 441 1875 et
462 1810 589 1874 Divina
608 1809 787 1894 Sapientia
807 1813 839 1874 in
863 1833 924 1876 sua
943 1813 1052 1876 forma
1071 1823 1125 1877 est
1147 1812 1275 1889 Homo,
1296 1815 1405 1876 etiam

275 1907 438 1988 sequitur,
459 1907 550 1988 quod
570 1906 703 1970 caelum
727 1909 922 1990 angelicum
946 1929 1016 1972 non
1039 1909 1143 1973 aliter
1165 1911 1277 1993 possit
1300 1929 1404 1993 quam

275 2001 308 2064 in
329 2003 391 2064 tali
410 2001 520 2070 forma
536 2023 621 2066 esse.
668 2000 737 2066 Sed
756 2003 799 2067 de
818 2003 884 2067 hoc
902 2003 1000 2086 plura
1018 2005 1051 2067 in
1073 2016 1240 2087 sequente
1258 2005 1407 2069 articulo

276 2095 442 2159 dicentur.

340 2191 409 2254 62.
440 2191 542 2274 Quod
561 2192 695 2258 caelum
712 2194 907 2276 angelicum
923 2195 969 2259 sit
989 2196 1104 2278 imago
1121 2193 1252 2259 Infiniti
1271 2215 1311 2259 ac
1332 2194 1406 2258 Ae·

276 2288 374 2360 terni,
392 2297 446 2351 est
463 2289 541 2370 quia
558 2300 612 2353 est
627 2290 744 2372 imago
761 2291 910 2367 Domini,
928 2312 967 2355 ac
987 2292 1157 2356 Dominus
1173 2301 1227 2354 est
1246 2289 1407 2354 Infinitus

276 2393 313 2447 et
332 2383 520 2446 Aeternus.
567 2384 689 2467 Imago
707 2385 836 2450 Infiniti
856 2407 896 2450 ac
910 2387 1058 2450 Aeterni
1078 2387 1189 2470 Ipsius
1208 2397 1352 2470 apparet
1369 2389 1403 2450 iu

277 2501 330 2554 eo,
354 2481 446 2562 quod
470 2481 644 2561 myriades
667 2483 860 2563 myriadum
885 2482 1086 2564 angelorum
1111 2483 1192 2556 sint,
1214 2503 1259 2546 ex
1283 2484 1406 2565 quibus

277 2577 422 2650 caelum,
439 2585 475 2639 et
494 2578 586 2659 quod
604 2578 752 2640 totidem
770 2579 960 2641 societates
976 2579 1205 2652 constituant,
1223 2588 1308 2660 quot
1325 2588 1406 2643 sunt

277 2670 476 2735 affectiones
496 2691 696 2736 communes
715 2675 841 2736 amoris
861 2674 1034 2749 caelestis,
1056 2685 1091 2737 et
1110 2674 1201 2756 quod
1222 2677 1406 2757 unusquis·

277 2788 342 2851 que
355 2768 499 2850 angelus
515 2769 550 2831 in
563 2771 682 2851 quavis
695 2771 867 2833 societate
883 2771 927 2833 sit
944 2767 1108 2832 distinete
1121 2789 1182 2832 sua
1195 2767 1330 2834 affectio
1343 2791 1349 2832 :
1370 2779 1407 2836 et

277 2863 368 2946 quod
388 2885 434 2926 ex
454 2872 511 2927 tot
529 2862 764 2927 affectionibus
783 2866 817 2928 in
837 2865 1009 2928 communi
1028 2874 1065 2928 et
1088 2865 1122 2927 in
1142 2866 1341 2946 particulari
1363 2867 1408 2930 sit

278 2959 405 3023 Forma
418 2959 524 3036 Caeli,
536 2980 622 3042 quae
635 2970 689 3023 est
702 2963 789 3025 sIcut
803 2981 906 3025 unum
917 2981 1033 3024 coram
1047 2961 1209 3036 Domino,
1224 2981 1292 3024 non
1304 2962 1408 3024 aliter

278 3075 380 3138 quam
393 3056 481 3118 sicut
498 3054 603 3118 homo
615 3065 670 3120 est
687 3076 789 3119 unum
804 3077 812 3135 ;
837 3065 873 3119 et
889 3056 981 3138 quod
998 3055 1083 3119 haec
1098 3055 1225 3118 Forma
1240 3056 1274 3118 in
1291 3065 1407 3119 aeter·

278 3171 358 3214 num
382 3149 577 3232 perficiatur
600 3152 786 3215 secundum
814 3151 1061 3235 pluralitatem,
1087 3170 1166 3213 nam
1197 3173 1265 3234 quo
1293 3152 1407 3232 plures

277 3248 420 3311 formam
434 3246 575 3309 Amoris
592 3247 718 3323 Divini,
732 3268 819 3330 quae
835 3257 889 3310 est
907 3247 1033 3310 Forma
1046 3246 1242 3320 formarum,
1260 3247 1406 3324 intrant,

278 3364 320 3408 eo
335 3343 373 3407 fit
391 3344 471 3405 unio
484 3340 673 3426 perfectior.
719 3343 775 3406 Ex
793 3343 846 3406 his
862 3341 1042 3405 manifeste
1057 3351 1167 3424 patet,
1182 3342 1274 3425 quod
1291 3344 1408 3425 Imago

279 3438 407 3502 Infiniti
426 3460 465 3502 ac
487 3438 633 3502 Aeterni
652 3448 771 3503 exstet
791 3441 824 3501 ln
844 3439 942 3501 caelo
961 3438 1131 3519 angelico

343 3534 416 3614 63.
446 3533 504 3596 Ex
523 3537 725 3615 cognitione
745 3533 831 3597 caeli
851 3554 911 3616 per
930 3532 1071 3596 brevem
1090 3533 1179 3596 hanc
1200 3533 1408 3615 descriptio·
1468 3538 1471 3546 '

280 3649 359 3693 nem
376 3631 470 3702 data,
489 3640 599 3712 patet,
617 3631 708 3712 quod
725 3627 859 3692 affectio
877 3649 963 3711 quae
981 3638 1034 3692 est
1052 3630 1178 3692 amoris
1195 3628 1289 3704 boni,
1303 3628 1408 3694 saciat

280 3724 413 3789 caelum
432 3727 521 3806 apud
542 3727 727 3788 hominem.
766 3723 834 3788 Sed
851 3727 926 3806 quis
944 3724 1010 3788 hoc
1028 3726 1124 3788 novit
1140 3724 1268 3788 hodie?
1300 3725 1407 3789 immo

280 3823 355 3904 quis
372 3822 469 3883 novit
488 3821 567 3903 quid
587 3818 721 3883 affectio
737 3821 863 3883 amoris
880 3821 983 3883 boni?
1008 3831 1080 3883 tum
1098 3821 1189 3901 quod
1207 3818 1408 3884 alfediiones

280 3917 406 3980 amoris
430 3917 512 3978 boni
536 3916 801 3979 innumerabiles
825 3917 905 3989 sint,
926 3917 1031 3978 immo
1055 3915 1230 3978 infinitae?
1259 3936 1349 3990 nam,
1371 3922 1408 3979 ut

281 4013 412 4076 dictum
432 4022 497 4086 est,
515 4014 744 4094 unusquisque
760 4011 906 4093 angelus
921 4021 975 4075 est
995 4009 1159 4074 distincie
1180 4033 1241 4074 sua
1260 4008 1407 4086 affectio,

281 4119 317 4173 et
337 4108 463 4171 Forma
476 4106 562 4170 caeli
578 4119 632 4171 est
645 4107 755 4170 forma
766 4111 918 4171 omnium
932 4105 1150 4171 affectionum
1168 4107 1282 4170 Divini
1295 4106 1407 4170 Amo-

281 4205 326 4268 ris
341 4203 396 4267 ibi.
435 4199 566 4266 Omnes
582 4202 780 4267 affectiones
798 4205 831 4266 in
848 4204 936 4266 hanc
956 4203 1101 4267 sormam
1118 4204 1223 4276 unire,
1242 4221 1312 4264 non
1328 4210 1408 4282 pot·

282 4311 336 4365 est
353 4299 439 4362 alius
449 4318 551 4380 quam
562 4301 619 4381 qui
631 4309 685 4361 est
702 4300 775 4380 Ipse
790 4297 901 4362 Amor
916 4309 951 4361 et
964 4298 1065 4361 simul
1078 4300 1153 4379 ipsa
1165 4295 1353 4379 Sapientia,
1367 4315 1408 4360 ac

282 4407 349 4450 una
366 4382 523 4448 Infinitus
540 4395 575 4447 et
592 4383 790 4462 Aeternus;
817 4405 897 4447 nam
916 4383 1086 4447 infinitum
1106 4393 1142 4447 et
1158 4394 1336 4446 aeternum
1357 4389 1411 4446 est

281 4484 316 4546 in
335 4481 428 4545 omni
448 4480 589 4554 formae,
606 4479 777 4543 infinitum
792 4479 828 4542 in
847 4476 1099 4560 conjunctione,
1117 4498 1156 4542 ac
1177 4489 1356 4542 aeternum
1376 4478 1410 4541 in

283 4579 518 4662 perpetuitate
531 4599 539 4655 ;
563 4578 591 4641 si
604 4575 819 4640 1¹1auferretur
835 4579 867 4638 ei
882 4574 1054 4639 infinitum
1071 4595 1111 4638 ac
1128 4585 1319 4648 aeternum,
1334 4593 1409 4637 mo·

283 4689 403 4741 mento
423 4676 643 4739 dilaberetur.
690 4670 775 4752 Quis
798 4670 885 4734 alius
907 4681 1024 4751 potest
1043 4671 1136 4733 unire
1157 4668 1353 4734 affeetiones
1376 4669 1410 4732 ln
