3422 5380
324 677 388 742 234
676 673 881 726 samum
903 673 1099 724 ANGELlCA

322 846 415 929 quod
446 847 680 928 permittenda
706 849 774 910 sint
806 847 908 922 mala,
937 857 973 910 ut
1002 867 1047 910 ex
1071 845 1137 909 illis
1161 845 1270 928 possit
1294 845 1456 921 educi,—

323 943 475 1022 sequitur
497 944 589 1025 quod
614 943 719 1008 homo
742 944 851 1025 possit
878 943 972 1006 abuti
999 941 1065 1004 illis
1088 940 1319 1016 facultatibus,
1343 949 1379 1004 et
1403 961 1453 1006 ex

323 1035 434 1099 libero
468 1039 655 1101 secundum
689 1041 862 1103 rationem
895 1036 1097 1102 confirmare
1133 1037 1293 1120 quicquid
1327 1035 1450 1116 lubet;

322 1143 443 1214 potest
462 1135 552 1196 enim
572 1135 716 1197 rationis
735 1135 846 1198 facere
869 1135 1097 1218 quodcunque
1115 1131 1199 1206 vult,
1220 1133 1292 1196 sive
1311 1134 1355 1195 sit
1376 1134 1452 1196 sive

323 1247 391 1290 non
409 1230 454 1293 sit
470 1231 612 1293 rationis
627 1231 661 1293 in
678 1249 725 1294 se.
763 1228 879 1312 Quare
894 1229 997 1312 aliqui
1017 1229 1147 1302 dicunt,
1169 1225 1290 1309 “Quid
1307 1229 1451 1291 verum?

323 1321 452 1388 Annon
473 1345 613 1406 possum
632 1345 750 1390 verum
770 1325 882 1390 facere
900 1325 1128 1408 quodcunque
1147 1322 1228 1386 volo
1241 1321 1271 1384 ?”
1315 1321 1450 1388 Annon

322 1420 427 1483 etiam
452 1421 598 1484 mundus
620 1422 669 1484 ita
687 1419 791 1486 facit?
836 1420 883 1484 Et
905 1421 962 1503 qui
985 1419 1051 1483 hoc
1075 1428 1205 1502 potest,
1224 1416 1305 1481 facit
1328 1419 1363 1482 id
1386 1440 1451 1503 per

322 1517 616 1581 ratiocinationes.
661 1515 764 1584 Sume
782 1517 1011 1590 falsissimum,
1025 1526 1061 1580 et
1080 1516 1134 1579 dic
1150 1515 1342 1598 ingenioso,
1354 1514 1447 1580 Con·

322 1609 428 1686 firma,
443 1621 478 1675 et
498 1612 727 1676 confirmabit.
772 1611 822 1676 Ut
842 1613 895 1676 dic
913 1613 954 1685 ei,
973 1621 1010 1676 ut
1030 1609 1210 1674 confirmet
1229 1611 1323 1694 quod
1341 1612 1451 1677 homo

321 1709 366 1770 sit
390 1707 522 1786 bestia3
546 1717 606 1772 aut
629 1709 682 1772 dic
706 1707 798 1791 quod
821 1710 935 1772 anima
962 1709 1007 1772 sit
1033 1708 1120 1771 sicut
1141 1707 1305 1770 araneola
1327 1707 1361 1770 in
1384 1729 1449 1772 sua

321 1803 403 1880 tela,
429 1813 464 1867 et
488 1814 587 1885 regat
611 1824 735 1886 corpus
758 1804 847 1868 sicut
871 1803 930 1867 illa
953 1823 1014 1886 per
1036 1803 1113 1881 fila;
1137 1813 1197 1867 aut
1220 1804 1274 1869 dic
1298 1803 1329 1866 ei
1352 1805 1448 1888 quod

320 1898 441 1980 religio
461 1918 530 1962 non
550 1899 594 1962 sit
613 1899 741 1982 aliquid
761 1899 823 1962 sed
843 1899 948 1962 modo
967 1899 1152 1974 vinculum,
1170 1907 1206 1962 et
1226 1898 1448 1964 confirmabit

321 1994 502 2077 quodlibet
524 1994 657 2070 horum,
682 2015 788 2078 usque
812 2004 849 2059 ut
873 2004 1039 2078 appareat
1066 1995 1154 2058 sicut
1178 2014 1306 2057 verum.
1351 1992 1446 2075 Quid

319 2089 479 2152 facilius?
509 2090 588 2172 quia
611 2110 680 2154 non
704 2092 769 2154 scit
790 2091 871 2173 quid
895 2091 1105 2173 apparentia,
1130 2109 1192 2152 nec
1217 2090 1297 2173 quid
1320 2089 1448 2154 falsum

320 2206 366 2248 ex
397 2205 502 2248 caeca
532 2184 597 2250 fide
627 2207 688 2269 pro
718 2185 809 2250 vero'
830 2197 1056 2270 assumptum.
1107 2192 1163 2253 [2.]
1195 2185 1252 2248 Ex
1280 2185 1345 2249 hoc
1376 2195 1446 2262 est,

319 2281 411 2364 quod
437 2281 542 2345 homo
573 2301 642 2345 non
668 2284 777 2364 possit
803 2283 921 2346 videre
947 2283 1011 2345 hoc
1039 2300 1169 2356 verum,
1198 2282 1289 2364 quod
1319 2281 1447 2346 Divina

320 2377 540 2441 Providentia
559 2379 604 2440 sit
622 2379 655 2442 in
676 2377 955 2460 singularissimis
972 2375 1170 2440 intelledius
1186 2387 1222 2442 et
1238 2377 1445 2454 voluntatis,

319 2493 379 2536 seu
396 2474 487 2556 quod
506 2474 608 2548 idem,
626 2475 659 2536 in
675 2472 953 2555 singularissimis
969 2473 1219 2554 cogitationum
1236 2481 1272 2535 et
1291 2470 1444 2536 affectio·

319 2589 400 2630 num
433 2568 524 2650 apud
559 2569 819 2652 unumquemvis
851 2569 1038 2641 hominem,
1071 2578 1143 2630 tam
1177 2567 1304 2631 malum
1339 2587 1443 2651 quam

318 2663 457 2726 bonum.
503 2663 690 2728 Confundit
718 2685 754 2727 se
781 2665 946 2746 imprimis
973 2683 1033 2746 per
1059 2663 1105 2737 id,
1130 2664 1221 2746 quod
1251 2665 1298 2726 sic
1329 2663 1444 2728 forent

319 2759 410 2821 mala
437 2760 543 2822 etiam
570 2779 590 2821 a
617 2759 790 2836 Domino;
819 2760 879 2822 sed
907 2759 999 2842 quod
1027 2779 1132 2842 usque
1158 2779 1200 2821 ne
1225 2758 1332 2822 hilum
1361 2759 1445 2823 mali

318 2855 364 2914 sit
388 2873 408 2915 a
430 2853 591 2927 Domino,
612 2854 673 2916 sed
697 2855 741 2916 ab
763 2853 913 2927 homine,
937 2875 996 2936 per
1019 2854 1052 2916 id
1076 2853 1168 2937 quod
1192 2856 1444 2936 apparentiam,

317 2947 410 3030 quod
433 2949 578 3028 cogitet,
600 2948 694 3022 velit,
713 2949 873 3030 loquatur
891 2960 926 3012 et
944 2957 1026 3030 agat
1051 2969 1095 3010 ex
1116 2970 1163 3024 se,
1181 2949 1270 3030 apud
1297 2969 1333 3011 se
1358 2970 1441 3013 con·

318 3042 515 3118 firmaverit,
534 3044 705 3106 videbitur
728 3047 761 3106 in
787 3064 875 3107 nunc
897 3045 1141 3126 sequentibus;
1174 3064 1260 3126 quae
1285 3055 1321 3108 ut
1346 3044 1441 3110 clare

317 3138 510 3215 videantur,
528 3140 800 3203 demonstranda
817 3149 896 3203 sunt
914 3141 947 3202 in
968 3139 1033 3202 hoc
1053 3139 1193 3202 ordine:

500 3272 542 3340 (i.)
570 3273 657 3342 Quod
672 3273 788 3326 Divina
807 3273 1000 3326 Prouidentia
1023 3290 1079 3326 mm
1098 3273 1188 3326 salum
1206 3275 1247 3326 si!
1264 3274 1348 3343 apud
1359 3274 1446 3328 banos

636 3344 688 3396 sed
699 3345 787 3396 etaiam
804 3345 888 3413 apud
903 3344 993 3396 malas
1007 3347 1039 3396 in
1054 3345 1303 3414 singularissimis
1321 3349 1443 3398 uniuer-

635 3414 707 3468 salis
715 3435 727 3477 ,·
741 3420 769 3467 a!
780 3415 859 3484 quad
868 3431 955 3484 usque
968 3431 1024 3467 nan
1036 3417 1076 3468 sii
1088 3418 1121 3467 in
1133 3415 1252 3468 illorum
1266 3416 1361 3469 mulir.

487 3485 541 3554 (it.)
567 3486 654 3556 Quod
672 3486 750 3539 mali
766 3502 795 3539 se
815 3488 891 3556 ipsas
908 3489 1043 3538 continue
1064 3487 1209 3539 r'nducant
1229 3489 1262 3540 in
1284 3487 1372 3548 mala,
1393 3487 1448 3540 sed

635 3557 714 3625 quad
725 3557 870 3610 Dominus
884 3555 949 3609 illas
960 3559 1095 3610 continue
1106 3557 1232 3610 abducat
1243 3576 1261 3610 a
1275 3559 1370 3612 malis.

475 3625 541 3696 (iit.)
569 3627 654 3698 Quod
672 3627 749 3681 mali
768 3644 824 3680 mm
840 3630 956 3697 possin!
976 3645 995 3680 a
1018 3629 1144 3681 Domina
1158 3632 1281 3698 prorsus
1298 3615 1407 3683 abduci
1421 3647 1443 3683 a

635 3698 720 3760 malo,
731 3704 760 3752 et
773 3700 846 3752 duci
857 3701 890 3752 in
906 3699 980 3760 bono,
994 3699 1136 3768 quamdiu
1151 3700 1273 3753 credunt
1281 3703 1444 3769 propriam

635 3770 862 3840 intelligentiam
879 3787 937 3823 esse
953 3787 1041 3832 amne,
1060 3775 1089 3824 et
1111 3772 1257 3823 Divinam
1278 3771 1444 3825 Providen-

634 3844 710 3895 tiam
723 3857 779 3894 non
791 3842 917 3910 aliquid.

474 3909 537 3981 (lv.)
564 3911 651 3982 Quod
664 3912 808 3966 Dominus
826 3918 911 3984 regat
929 3913 1081 3984 infernum
1094 3915 1153 3981 per
1170 3913 1308 3982 apposita,
1320 3918 1350 3966 e!
1364 3913 1448 3982 quad

634 3983 724 4036 malos
736 3985 792 4051 qui
805 3985 839 4036 in
851 3985 957 4037 munda
972 3989 1047 4046 sunt,
1061 3988 1147 4053 regat
1164 3985 1196 4036 in
1212 3983 1331 4055 inferna
1345 3983 1448 4054 quoad

635 4057 790 4118 interiora,
802 4060 837 4108 a!
847 4071 904 4108 non
916 4055 1014 4124 quoad
1024 4057 1181 4110 exteriora.

379 4170 474 4256 287·
506 4173 558 4258 (i)
589 4173 687 4253 Quod
697 4175 826 4239 Divina
840 4175 1066 4239 Prom'dentia
1081 4195 1145 4237 non
1160 4173 1267 4239 salum
1285 4175 1333 4240 sit
1347 4177 1447 4262 apud

316 4267 427 4342 banos,
438 4269 609 4334 sedetiam
621 4271 717 4351 apud
729 4271 844 4348 rualos,
854 4272 889 4334 in
901 4269 1191 4352 singularissimas
1203 4271 1411 4335 um'versalis
1423 4293 1441 4344 ,·

315 4374 349 4427 et
363 4363 453 4446 quod
465 4386 566 4448 usque
578 4387 640 4428 nou
652 4367 699 4429 sit
710 4367 744 4428 in
757 4367 891 4430 illorum
903 4365 1170 4448 malis—Supra
1182 4377 1360 4430 ostensum
1373 4377 1439 4441 est,

316 4460 406 4541 quod
421 4459 545 4522 Diuina
559 4463 776 4525 Providentia
789 4465 833 4525 sit
846 4464 879 4525 in
893 4462 1171 4543 singularissimis
1184 4463 1439 4544 cogitationum

316 4566 351 4616 et
375 4553 591 4618 affectionum
609 4556 767 4632 hominis,
789 4578 848 4638 per
867 4557 957 4640 quod
981 4557 1195 4638 intelligitur,
1217 4559 1307 4640 quod
1332 4557 1441 4621 homo

316 4649 399 4713 nihil
423 4651 532 4732 possit
557 4653 712 4732 cogitare
732 4663 767 4716 et
787 4653 877 4716 velle
897 4675 942 4716 ex
962 4673 1010 4728 se,
1031 4653 1092 4716 sed
1112 4655 1203 4736 quod
1223 4673 1325 4717 omne
1344 4653 1439 4736 quod
