3418 5370
508 671 558 723 ns
581 669 718 724 aivins
734 655 1097 726 ‘cnovmnnitn-an.
1117 677 1188 748 340.
1349 680 1413 760 303

283 839 427 926 absque·
437 841 649 927 paenitentia
671 843 817 911 credunt
840 865 919 910 esse
934 833 1230 916 absoltitionetn'a
1248 854 1414 938 peccatis,

284 948 321 1003 et
343 941 390 1003 sic
410 940 652 1017 salvationem,
677 937 867 1020 et'bbe'unt
890 940 1054 1007 Santtam
1079 943 1234 1026 Cenem,
1258 956 1331 1012 tum
1355 949 1414 1035 qui

283 1029 394 1130 fidunt
418 1035 642 1119 indulgentiis
664 1035 936 1118 monachorum
960 1037 1071 1122 etqui
1094 1040 1251 1122 precibus
1274 1043 1413 1114 illorum

284 1131 348 1214 p'ro
367 1125 557 1210 defundtis3
581 1151 621 1196 ac
645 1132 960 1214 dispensationibus
978 1153 1024 1199 ex
1047 1144 1228 1219 potestate
1250 1138 1314 1205 sibi
1337 1140 1414 1206 vin·

283 1226 399 1291 dicata
415 1247 516 1309 super
533 1219 666 1291 animas
681 1225 868 1292 hominum.

349 1337 453 1406 340·
484 1319 559 1404 (iv.)
595 1321 694 1400 Quod
718 1333 945 1387 momentanea
969 1323 1117 1389 salvatia
1144 1347 1189 1389 ex
1216 1326 1416 1396 immediata

284 1415 517 1480 misericordia
534 1416 582 1480 sit
597 1427 736 1499 prester
756 1417 874 1484 volans
895 1417 931 1483 in
953 1419 1205 1485 ecclesia—Per
1223 1433 1413 1506 presterem

284 1511 464 1577 volantem
497 1512 702 1596 intelligitur
735 1512 862 1578 malum
895 1535 942 1578 ex
975 1515 1056 1597 igne
1090 1515 1247 1581 infernali
1281 1518 1413 1600 lucens,

284 1607 398 1670 simile
418 1608 509 1691 quod
528 1629 590 1693 per
609 1615 829 1691 “presterem
848 1608 1052 1674 volantem”
1071 1612 1160 1694 apud
1178 1611 1348 1678 Esaiam:

336 1759 400 1810 “Ne
412 1760 520 1810 laeteris
537 1761 702 1811 Philisthaea
715 1771 779 1819 tota,
795 1763 866 1826 quod
876 1755 965 1812 ⁴iradta
978 1763 1013 1812 sit
1026 1763 1104 1825 virga
1121 1764 1274 1825 percutiens
1292 1774 1335 1828 te;
1349 1779 1414 1818 nam

418 1827 688 1956 {Kirvadichpuserpentis
701 1828 785 1878 exibit
798 1828 948 1888 basiliscus,
961 1828 1038 1892 cujus
1051 1825 1154 1880 irudius
1173 1839 1277 1893 prester
1295 1832 1391 1883 volans
1400 1831 1416 1854 '⁹

285 2044 375 2110 Tale
388 2046 516 2109 malum
529 2045 624 2111 volat
638 2048 671 2110 in
684 2045 842 2122 ecclesia,
856 2048 995 2132 quando
1007 2059 1254 2115 momentanea
1265 2050 1417 2119 salvatio

286 2163 333 2206 ex
367 2142 568 2206 immediata
598 2142 832 2206 misericordia
865 2143 1036 2222 creditur;
1070 2162 1151 2207 narn
1180 2165 1243 2229 per
1275 2148 1320 2221 id,
1353 2145 1415 2234 (1.)

286 2236 447 2302 aboletur
462 2237 595 2320 religio.
642 2237 703 2320 (2.)
736 2236 914 2302 Inducitur
932 2241 1110 2304 securitas.
1158 2238 1219 2323 (3.)
1251 2240 1300 2305 Et
1317 2241 1416 2306 dam·

287 2335 384 2398 natio
407 2333 597 2416 imputatur
619 2333 781 2397 Domino.
826 2338 884 2400 [2.]
915 2331 1018 2416 Quod
1041 2337 1221 2399 concernit
1245 2335 1413 2401 Primum:

290 2427 388 2507 Quod
394 2439 461 2510 per
478 2428 519 2492 id
530 2427 703 2493 aboleatur
719 2428 852 2510 religia.
898 2426 986 2492 Sunt
1005 2430 1075 2494 duo
1092 2431 1295 2494 essentialia
1313 2441 1350 2496 et
1370 2433 1416 2498 si-

286 2523 359 2586 mul
392 2523 598 2587 universalia
633 2523 820 2605 religionis,
851 2524 985 2605 agnitio
1019 2523 1084 2587 Dei
1119 2533 1156 2588 et
1190 2527 1417 2609 paenitentia.

289 2617 388 2682 Haec
409 2619 477 2683 duo
496 2638 586 2682 vana
601 2629 681 2682 sunt
698 2619 777 2694 illis,
794 2619 851 2702 qui
870 2620 1016 2683 credunt
1033 2618 1159 2684 salvari
1175 2641 1220 2684 ex
1240 2621 1316 2685 sola
1334 2624 1418 2686 mis·

286 2715 466 2791 ericordia,
484 2724 658 2797 utcunque
677 2714 809 2790 vivunt,
827 2713 1006 2797 namquid
1026 2734 1112 2797 opus
1128 2715 1294 2799 pluribus,
1314 2735 1417 2802 quam

287 2809 415 2887 dicere,
431 2817 451 2844 “
462 2810 623 2876 Miserere
640 2811 717 2886 mei,
734 2810 830 2875 Deus
840 2809 870 2874 ?”
914 2809 968 2874 De
983 2811 1144 2875 omnibus
1162 2813 1312 2896 reliquis,
1330 2835 1418 2898 quae

286 2906 464 2988 religionis
487 2917 578 2983 sunt,
602 2907 637 2970 in
660 2905 810 2988 caligine
832 2915 925 2982 sunt,
949 2907 1055 2971 immo
1077 2908 1263 2991 caliginem
1287 2921 1417 2976 amant.

289 2999 343 3066 De
366 3003 476 3084 primo
498 3003 676 3066 essentiali
699 3003 880 3078 ecclesiae,
900 3004 991 3086 quod
1015 3012 1071 3067 est
1094 3005 1228 3086 agnitio
1251 3005 1328 3080 Dei,
1348 3026 1418 3070 non

287 3098 381 3163 aliud
397 3100 568 3180 cogitant,
586 3117 687 3181 quam
709 3097 831 3181 “Quid
850 3097 968 3162 Deus?
991 3099 1066 3181 quis
1085 3099 1173 3164 vidit
1191 3099 1293 3164 Illum
1308 3101 1339 3165 ?”
1383 3102 1419 3168 Si

287 3195 413 3260 dicitur
428 3196 520 3278 quod
539 3197 584 3258 sit
603 3206 639 3259 et
657 3195 749 3277 quod
765 3195 810 3259 sit
829 3214 927 3270 unus,
945 3194 1066 3260 dicunt
1082 3196 1174 3279 quod
1194 3197 1239 3260 sit
1259 3215 1365 3277 unus;
1390 3198 1419 3262 si

287 3291 413 3355 dicitur
435 3292 527 3373 quod
551 3292 621 3354 sint
644 3300 727 3367 tres,
752 3291 858 3356 etiam
882 3290 1002 3354 dicunt
1024 3290 1116 3373 quod
1139 3291 1221 3367 sint,
1241 3292 1302 3356 sed
1326 3292 1419 3375 quod

287 3395 361 3453 tres
380 3388 581 3453 nominandi
599 3387 668 3451 sint
684 3407 791 3451 unus:
815 3387 902 3452 haee
919 3395 974 3451 est
990 3387 1125 3469 agnitio
1141 3387 1207 3451 Dei
1222 3388 1313 3471 apud
1330 3389 1419 3455 illos.

288 3488 348 3551 [3.]
379 3484 433 3548 De
456 3484 569 3550 altero
591 3483 769 3548 essentiali
792 3481 972 3557 ecclesiae,
996 3483 1090 3565 quod
1113 3493 1167 3548 est
1191 3484 1418 3564 paenitentia,

288 3578 373 3642 nihil
389 3581 560 3661 cogitant,
574 3589 827 3663 consequenter
845 3599 910 3644 nec
923 3580 966 3642 de
978 3578 1093 3662 aliquo
1111 3588 1270 3663 peccato,
1284 3589 1320 3644 et
1339 3589 1417 3644 tan·

287 3674 367 3738 dem
385 3696 455 3740 non
475 3677 588 3738 sciunt
608 3676 699 3758 quod
716 3675 856 3758 aliquod
879 3684 1064 3759 peccatum
1084 3677 1138 3738 sit.
1183 3673 1232 3739 Et
1254 3684 1338 3738 tunc
1358 3696 1419 3740 au·

288 3770 388 3836 diunt
411 3780 448 3835 et
471 3770 631 3835 hauriunt
650 3790 727 3834 curn
750 3770 943 3854 voluptate,
968 3770 1061 3854 quod
1084 3769 1144 3834 lex
1168 3789 1238 3834 non
1262 3771 1418 3848 damnet,

290 3871 399 3951 “quia
417 3866 634 3932 Christianus
657 3866 720 3930 sub
743 3866 815 3949 ejus
842 3866 926 3950 jugo
948 3887 1018 3930 non
1042 3877 1106 3944 est,
1130 3867 1160 3931 si
1182 3866 1279 3931 dicas
1302 3866 1419 3943 modo,

288 3961 456 4029 Miserere
475 3964 542 4027 mei
565 3961 661 4026 Deus
679 3971 819 4046 propter
838 3962 976 4038 Filium,
994 3973 1031 4027 et
1055 3957 1273 4027 salvab'eris.”
1318 3961 1418 4028 Haec

286 4071 345 4125 est
367 4060 580 4144 paenitentia
602 4060 695 4123 vitae
717 4059 809 4142 apud
839 4058 928 4123 illos.
974 4057 1043 4123 Sed
1073 4077 1212 4123 remove
1236 4059 1420 4140 paeniten·

287 4157 385 4230 tiam,
410 4177 470 4220 seu
493 4156 584 4239 quod
608 4156 699 4220 idem
722 4165 789 4229 est,
814 4175 936 4238 separa
958 4155 1066 4220 vitam
1091 4176 1112 4219 a
1134 4155 1314 4238 religione,
1337 4150 1419 4235 quid

287 4262 447 4336 superest
466 4254 529 4316 nisi
549 4271 650 4337 quarn
670 4273 751 4327 vox,
771 4251 964 4315 “Miserere
981 4250 1089 4314 mei?''
1134 4250 1220 4315 Inde
1240 4259 1306 4326 est,
1326 4248 1419 4332 quod

288 4365 352 4411 nec
370 4347 462 4411 aliud
483 4348 660 4431 potuerint
680 4348 805 4422 dicere,
825 4365 929 4429 quam
938 4346 1030 4430 quod
1041 4345 1191 4410 salvatio
1203 4345 1248 4409 sit
1262 4361 1419 4408 momen·

288 4451 393 4507 tanea
412 4461 473 4524 per
491 4444 568 4508 illas
591 4463 707 4517 voces,
725 4451 762 4506 et
785 4443 814 4506 si
837 4460 907 4504 non
926 4441 1031 4524 prius,
1047 4459 1154 4522 usque
1178 4441 1269 4503 circa
1295 4439 1420 4503 mortis

270 4537 418 4631 ⁸horam¹
465 4538 556 4622 Quid
579 4549 661 4604 tunc
686 4538 841 4604 Verbum
859 4533 939 4608 illis,
964 4536 1029 4600 nisi
1051 4553 1153 4618 quam
1176 4555 1247 4597 vox
1271 4533 1420 4598 obscura

287 4645 326 4700 et
339 4633 560 4718 aenignatica
572 4655 617 4701 ex
630 4631 767 4718 tripode
778 4632 814 4696 in
826 4640 929 4702 antro
940 4627 1085 4707 emissa;
1104 4637 1164 4700 eut
1175 4629 1264 4693 sicut
1275 4647 1421 4709 respon·
