3426 5382
491 638 542 687 DE
568 637 706 686 Dllen
730 635 1086 686 PROVlDENTIA.-N.
1111 641 1178 704 140.
1361 641 1400 711 95

267 822 387 877 31113111
408 830 468 893 pro
488 809 608 893 poenis
628 807 784 872 civilibus
802 817 837 872 et
856 827 918 890 pro
937 811 1056 890 poenis
1074 811 1319 876 ecclesiasticis
1338 833 1402 877 ex·

268 908 391 983 ternis,
412 927 481 970 non
501 905 640 979 claudit,
661 905 740 987 quia
759 904 839 967 illae
864 904 960 986 leges
984 905 1098 968 solum
1119 927 1249 988 poenas
1267 905 1402 973 dietant

269 1026 332 1090 pro
356 1003 423 1068 illis
448 1002 503 1086 qui
532 1001 719 1084 loquuntur
742 1008 777 1064 et
800 999 929 1064 faciunt
956 1010 1079 1064 contra
1103 1001 1215 1065 civilia
1244 1004 1343 1086 regni
1366 1012 1403 1068 et

268 1098 462 1185 spiritualia
483 1095 662 1170 ecclesiae,
682 1115 751 1159 non
771 1105 887 1160 autem
907 1117 969 1179 pro
985 1095 1052 1159 illis
1068 1099 1125 1179 qui
1142 1099 1301 1180 cogitant
1318 1119 1402 1163 con·

267 1207 325 1262 tra
343 1195 411 1260 illa.
460 1206 517 1268 [4.]
551 1191 671 1255 Timor
689 1211 752 1272 pro
772 1193 890 1274 poenis
910 1192 1131 1256 infernalibus
1151 1194 1289 1276 quidem
1304 1195 1402 1259 inva-

267 1293 321 1359 dit
339 1301 523 1358 externum
539 1288 776 1370 cogitationis,
791 1288 851 1351 sed
869 1287 973 1351 modo
986 1307 1046 1371 per
1062 1287 1193 1373 aliquot
1211 1302 1400 1369 momenta,

267 1399 331 1454 aut
358 1389 471 1463 horas,
498 1395 556 1448 aut
587 1384 681 1463 dies;
714 1385 775 1448 sed
800 1403 882 1448 mox
913 1384 1103 1449 remittitur
1130 1385 1215 1448 illud
1242 1387 1276 1448 in
1304 1408 1401 1452 suum

269 1485 416 1550 liberum
446 1503 492 1547 ex
522 1483 660 1545 interno
692 1481 928 1562 cogitationis,
959 1480 1050 1563 quod
1080 1490 1134 1544 est
1165 1484 1301 1564 proprie
1331 1482 1402 1564 ejus

268 1579 409 1659 spiritus
429 1586 465 1640 et
489 1577 615 1639 amoris
636 1577 736 1651 vitae,
756 1586 791 1639 et
811 1586 956 1640 vocatur
980 1577 1150 1659 cogitatio
1174 1579 1295 1641 cordis.
1343 1589 1401 1654 [0.]

271 1673 323 1736 Α1
347 1675 450 1736 1111101
474 1693 536 1756 pro
555 1668 688 1753 13611113
716 1671 856 1735 honoris
880 1683 915 1735 et
947 1671 1029 1735 lucri
1060 1674 1193 1736 invadit
1217 1684 1401 1738 externum

268 1769 496 1852 cogitationis
521 1768 692 1844 hominis;
719 1779 754 1832 et
775 1788 851 1831 cum
875 1768 1021 1844 invadit,
1042 1777 1123 1832 tunc
1143 1769 1275 1833 claudit
1294 1771 1401 1834 inter·

271 1884 352 1930 num
378 1866 602 1948 cogitationis
627 1885 647 1926 a
671 1865 835 1946 superiori
860 1884 921 1946 pro
945 1863 1075 1928 influxu
1095 1888 1114 1929 e
1133 1865 1244 1942 caelo,
1265 1876 1300 1929 et
1319 1865 1401 1929 facit

270 1972 309 2025 ut
329 1960 435 2026 homo
449 1981 517 2024 non
535 1960 709 2022 reformari
728 1961 848 2040 possit.
894 1957 1007 2023 Causa
1024 1971 1089 2036 est,
1103 1962 1182 2044 quia
1197 1981 1294 2024 amor
1310 1961 1403 2025 vitae

268 2057 420 2138 cujusvis
445 2056 595 2119 hominis
619 2075 638 2116 a
663 2056 842 2117 nativitate
864 2065 918 2118 est
942 2075 1039 2119 amor
1062 2057 1112 2118 sui
1136 2066 1172 2119 et
1196 2057 1313 2119 mundi
1327 2077 1335 2134 ;
1360 2075 1400 2119 ac

268 2171 368 2216 amor
399 2153 451 2214 sui
486 2170 589 2213 unum
619 2149 700 2213 lacit
730 2170 807 2214 cum
834 2170 951 2214 amore
977 2152 1127 2229 honoris,
1156 2173 1254 2216 amor
1283 2151 1402 2216 mundi

273 2267 378 2312 unum
401 2248 484 2310 lacit
504 2266 581 2310 cum
598 2265 715 2310 amore
739 2245 840 2310 lucri:
866 2268 971 2330 quare
994 2267 1072 2311 cum
1095 2248 1199 2312 homo
1216 2249 1249 2311 in
1268 2248 1401 2311 honore

269 2354 332 2409 aut
357 2345 392 2407 in
421 2342 516 2406 lucro
544 2352 609 2417 est,
634 2363 679 2406 ex
707 2343 830 2407 timore
859 2363 921 2428 pro
942 2341 1076 2426 jactura
1101 2343 1248 2419 illorum,
1277 2341 1401 2407 confir·

271 2449 345 2504 mat
376 2438 467 2522 apud
497 2458 535 2501 se
559 2437 683 2512 media,
709 2459 795 2521 quae
818 2439 1008 2503 inserviunt
1038 2439 1087 2502 illi
1119 2459 1180 2522 pro
1203 2439 1333 2504 honore
1364 2450 1401 2504 et

273 2535 381 2609 lucro,
407 2556 494 2619 quae
519 2545 599 2597 sunt
623 2542 696 2596 tam
720 2533 835 2597 civilia
858 2554 959 2617 quam
983 2535 1231 2611 ecclesiastica,
1256 2544 1400 2618 utraque

271 2631 416 2714 imperii.
463 2628 629 2695 Similiter
651 2629 744 2704 lacit,
765 2631 820 2711 qui
845 2631 998 2694 nondum
1019 2633 1051 2694 in
1072 2632 1203 2696 honore
1222 2641 1281 2695 aut
1306 2630 1401 2696 lucro

271 2738 341 2802 est,
366 2728 393 2790 si
416 2727 460 2789 ad
484 2725 544 2789 illa
573 2725 714 2808 aspirat,
740 2726 799 2788 sed
825 2747 870 2788 ex
895 2727 1017 2790 timore
1046 2747 1108 2808 pro
1134 2725 1268 2808 13611113
1290 2727 1401 2792 lamae

272 2835 415 2906 propter
435 2821 503 2885 illa.
550 2835 608 2895 [0.]
640 2820 784 2895 Dicitur,
803 2823 893 2904 quod
913 2824 1017 2886 timor
1033 2823 1090 2887 1113
1110 2824 1250 2887 invadat
1265 2824 1400 2906 cogita·

273 2921 381 2984 tionis
400 2927 596 2992 externum,
617 2927 652 2981 et
673 2916 812 2980 claudat
837 2919 1009 2982 internum
1032 2940 1053 2982 a
1076 2919 1241 3002 superiori
1265 2938 1326 3001 pro
1349 2920 1400 2983 in-

272 3015 369 3079 fluxu
388 3035 407 3078 e
427 3012 546 3080 caelo:
569 3011 635 3076 hoc
655 3012 809 3076 clausum
829 3014 954 3078 dicitur
972 3015 1110 3098 quando
1133 3035 1272 3098 prorsus
1296 3035 1401 3079 unum

270 3111 355 3174 13011
386 3129 463 3174 cum
487 3118 648 3184 externo,
672 3128 752 3172 nam
781 3119 864 3174 tunc
896 3130 963 3173 non
988 3120 1042 3173 est
1065 3111 1099 3173 in
1123 3133 1170 3186 se,
1196 3112 1256 3175 sed
1279 3111 1314 3174 in
1337 3132 1401 3173 ex·

272 3216 385 3272 terno.
432 3205 484 3270 At
504 3208 582 3289 quia
605 3225 740 3270 amores
764 3207 814 3269 sui
838 3216 873 3270 et
897 3207 1014 3269 mundi
1038 3217 1118 3272 sunt
1142 3227 1276 3272 amores
1298 3207 1400 3272 111131-

272 3305 383 3380 nales,
409 3313 445 3368 et
469 3303 698 3384 scaturigines
721 3305 873 3366 omnium
903 3302 1082 3378 malorum,
1108 3312 1206 3386 patet
1224 3304 1323 3387 quale
1347 3314 1401 3368 est

272 3403 448 3466 internum
472 3399 698 3482 cogitationis
722 3399 755 3462 in
783 3419 831 3474 se,
856 3399 945 3482 apud
973 3418 1059 3481 quos
1086 3398 1136 3463 illi
1163 3419 1297 3464 amores
1321 3408 1402 3466 sunt

271 3517 408 3561 amores
426 3497 519 3559 vitae
537 3516 597 3558 seu
613 3503 761 3578 regnant
777 3516 784 3573 ;
808 3494 901 3578 quod
919 3515 1041 3576 nempe
1059 3496 1101 3558 sit
1118 3495 1257 3578 plenum
1274 3516 1400 3560 concu-

271 3593 452 3676 piscentiis
482 3590 650 3655 malorum
677 3591 788 3654 omnis
814 3593 961 3674 generis.
1009 3591 1086 3657 Hoc
1111 3615 1180 3658 non
1204 3595 1316 3658 sciunt
1341 3592 1401 3668 illi,

270 3691 330 3773 qui
355 3710 400 3752 ex
430 3689 554 3753 timore
581 3683 735 3769 jacturae
764 3688 944 3770 dignitatis
973 3699 1009 3752 et
1037 3690 1236 3772 opulentiae
1262 3692 1295 3754 in
1323 3689 1403 3754 lorti

272 3786 495 3867 persuasione
515 3795 596 3847 sunt
615 3786 659 3846 de
683 3782 846 3866 religioso
866 3788 900 3850 in
920 3806 988 3868 quo
1011 3797 1103 3860 sunt,
1122 3789 1272 3850 maxime
1292 3788 1326 3849 in
1350 3807 1402 3849 re-

270 3881 400 3963 ligioso
423 3880 514 3965 quod
541 3879 687 3942 involvit
712 3890 749 3944 ut
775 3882 934 3948 colantur
960 3882 1047 3948 sicut
1071 3886 1221 3958 numina,
1242 3894 1276 3948 et
1301 3881 1403 3945 simul

270 3979 363 4044 sicut
388 3977 554 4040 Plutones
577 3977 611 4039 in
637 3979 789 4058 inferno;
816 3980 851 4043 hi
880 3992 1025 4064 possunt
1049 3983 1137 4047 sicut
1160 3981 1234 4046 zelo
1259 3980 1401 4062 flagrare

272 4095 335 4159 pro
366 4073 477 4137 salute
510 4073 773 4150 animarum-et
803 4076 869 4140 hoc
901 4087 1018 4146 tamen
1050 4101 1094 4144 ex
1125 4079 1206 4160 igne
1235 4075 1403 4140 infernali.

271 4169 364 4252 Quia
392 4169 447 4234 hic
478 4169 582 4233 timor
612 4171 777 4254 imprimis
806 4172 897 4236 tollit
926 4176 1036 4257 ipsam
1067 4173 1338 4240 rationalitatem
1368 4181 1403 4236 et

269 4268 383 4349 ipsam
406 4264 618 4341 libertatem,
645 4286 732 4351 quae
762 4267 933 4332 caelestes
960 4291 1005 4334 ex
1029 4271 1161 4350 origine
1188 4278 1280 4345 sunt,
1306 4278 1403 4352 patet

269 4361 367 4446 quod
382 4361 440 4425 ille
459 4363 589 4436 obstet,
607 4364 687 4446 quin
704 4362 809 4444 homo
825 4363 1005 4444 reformari
1017 4367 1136 4447 possit.

335 4472 435 4542 14⁰.
460 4456 563 4541 Quod
581 4478 683 4522 nemo
698 4457 898 4523 reformetur
913 4461 947 4525 in
964 4470 1056 4524 statu
1071 4460 1262 4541 infhrtunii,
1277 4463 1304 4527 si
1320 4473 1402 4528 tunc

271 4555 379 4620 modo
400 4555 536 4638 cogitat
558 4554 601 4618 de
621 4552 709 4632 Deo,
729 4563 765 4618 et
788 4553 951 4637 implorat
975 4575 1088 4637 opem,
1109 4567 1164 4623 est
1187 4558 1267 4642 quia
1289 4568 1403 4624 status

269 4648 415 4716 coactus
436 4660 513 4731 est3
544 4671 648 4734 quare
672 4651 753 4714 dum
776 4651 810 4714 in
835 4660 964 4716 statum
989 4650 1134 4718 liberum
1150 4655 1257 4732 venit,
1276 4653 1311 4719 111
1329 4663 1403 4721 sta-
