<?xml version="1.0" encoding="UTF-8"?>
<!DOCTYPE html PUBLIC "-//W3C//DTD XHTML 1.0 Transitional//EN"
    "http://www.w3.org/TR/xhtml1/DTD/xhtml1-transitional.dtd">
<html xmlns="http://www.w3.org/1999/xhtml" xml:lang="en" lang="en">
 <head>
  <title>
</title>
<meta http-equiv="Content-Type" content="text/html;charset=utf-8" />
  <meta name='ocr-system' content='tesseract 3.04.00' />
  <meta name='ocr-capabilities' content='ocr_page ocr_carea ocr_par ocr_line ocrx_word'/>
</head>
<body>
  <div class='ocr_page' id='page_1' title='image "./sapientaangelic01swedgoog_0090.png"; bbox 0 0 3352 5374; ppageno 0'>
   <div class='ocr_carea' id='block_1_1' title="bbox 465 675 1390 758">
    <p class='ocr_par' dir='ltr' id='par_1_1' title="bbox 465 675 1390 758">
     <span class='ocr_line' id='line_1_1' title="bbox 465 675 1390 758; baseline 0.002 -23"><span class='ocrx_word' id='word_1_1' title='bbox 465 685 515 735; x_wconf 81' lang='lat' dir='ltr'>ns</span> <span class='ocrx_word' id='word_1_2' title='bbox 538 685 676 736; x_wconf 86' lang='lat' dir='ltr'>n1v1uo</span> <span class='ocrx_word' id='word_1_3' title='bbox 699 686 844 750; x_wconf 72' lang='lat' dir='ltr'>anons,</span> <span class='ocrx_word' id='word_1_4' title='bbox 864 687 956 737; x_wconf 74' lang='lat' dir='ltr'>nnus</span> <span class='ocrx_word' id='word_1_5' title='bbox 979 687 1112 737; x_wconf 65' lang='grc' dir='ltr'>ιιι-Ν.</span> <span class='ocrx_word' id='word_1_6' title='bbox 1138 675 1205 755; x_wconf 89' lang='lat'>189.</span> <span class='ocrx_word' id='word_1_7' title='bbox 1350 690 1390 758; x_wconf 85' lang='lat'>75</span> 
     </span>
    </p>
   </div>
   <div class='ocr_carea' id='block_1_2' title="bbox 270 852 1393 3032">
    <p class='ocr_par' dir='ltr' id='par_1_2' title="bbox 274 852 1392 1111">
     <span class='ocr_line' id='line_1_2' title="bbox 274 852 1392 934; baseline 0.005 -17"><span class='ocrx_word' id='word_1_8' title='bbox 274 854 357 918; x_wconf 90' lang='lat' dir='ltr'>solis</span> <span class='ocrx_word' id='word_1_9' title='bbox 376 852 550 920; x_wconf 68' lang='lat' dir='ltr'>effefflbus</span> <span class='ocrx_word' id='word_1_10' title='bbox 569 856 696 930; x_wconf 91' lang='lat' dir='ltr'>videre,</span> <span class='ocrx_word' id='word_1_11' title='bbox 718 865 771 920; x_wconf 93' lang='lat' dir='ltr'>est</span> <span class='ocrx_word' id='word_1_12' title='bbox 792 878 836 919; x_wconf 89' lang='lat' dir='ltr'>ex</span> <span class='ocrx_word' id='word_1_13' title='bbox 856 857 1009 932; x_wconf 75' lang='lat' dir='ltr'>fallaciis,</span> <span class='ocrx_word' id='word_1_14' title='bbox 1030 859 1119 921; x_wconf 93' lang='lat' dir='ltr'>unde</span> <span class='ocrx_word' id='word_1_15' title='bbox 1143 879 1285 934; x_wconf 89' lang='lat' dir='ltr'>errores,</span> <span class='ocrx_word' id='word_1_16' title='bbox 1306 880 1392 923; x_wconf 87' lang='lat' dir='ltr'>unus</span> 
     </span>
     <span class='ocr_line' id='line_1_3' title="bbox 275 949 1391 1036; baseline 0.004 -24"><span class='ocrx_word' id='word_1_17' title='bbox 275 961 353 1031; x_wconf 89' lang='lat' dir='ltr'>post</span> <span class='ocrx_word' id='word_1_18' title='bbox 369 950 535 1029; x_wconf 89' lang='lat' dir='ltr'>alterum;</span> <span class='ocrx_word' id='word_1_19' title='bbox 555 953 611 1035; x_wconf 92' lang='lat' dir='ltr'>qui</span> <span class='ocrx_word' id='word_1_20' title='bbox 628 973 688 1033; x_wconf 92' lang='lat' dir='ltr'>per</span> <span class='ocrx_word' id='word_1_21' title='bbox 705 949 918 1015; x_wconf 69' lang='lat' dir='ltr'>inductiones</span> <span class='ocrx_word' id='word_1_22' title='bbox 935 953 984 1015; x_wconf 91' lang='lat' dir='ltr'>ita</span> <span class='ocrx_word' id='word_1_23' title='bbox 1000 953 1218 1035; x_wconf 88' lang='lat' dir='ltr'>multiplicari</span> <span class='ocrx_word' id='word_1_24' title='bbox 1235 965 1391 1036; x_wconf 87' lang='lat' dir='ltr'>possunt,</span> 
     </span>
     <span class='ocr_line' id='line_1_4' title="bbox 274 1045 1213 1111; baseline 0.003 -3"><span class='ocrx_word' id='word_1_25' title='bbox 274 1055 312 1109; x_wconf 93' lang='lat' dir='ltr'>ut</span> <span class='ocrx_word' id='word_1_26' title='bbox 330 1046 473 1108; x_wconf 90' lang='lat' dir='ltr'>tandem</span> <span class='ocrx_word' id='word_1_27' title='bbox 492 1065 650 1109; x_wconf 86' lang='lat' dir='ltr'>enormes</span> <span class='ocrx_word' id='word_1_28' title='bbox 669 1045 839 1110; x_wconf 83' lang='lat' dir='ltr'><strong>falsitates</strong></span> <span class='ocrx_word' id='word_1_29' title='bbox 859 1047 1018 1110; x_wconf 88' lang='lat' dir='ltr'>dicantur</span> <span class='ocrx_word' id='word_1_30' title='bbox 1037 1049 1213 1111; x_wconf 90' lang='lat' dir='ltr'>veritates.</span> 
     </span>
    </p>

    <p class='ocr_par' dir='ltr' id='par_1_3' title="bbox 270 1137 1393 3032">
     <span class='ocr_line' id='line_1_5' title="bbox 337 1137 1391 1225; baseline 0.004 -22"><span class='ocrx_word' id='word_1_31' title='bbox 337 1139 435 1205; x_wconf 83' lang='lat'>188.</span> <span class='ocrx_word' id='word_1_32' title='bbox 465 1137 543 1203; x_wconf 92' lang='lat' dir='ltr'>Non</span> <span class='ocrx_word' id='word_1_33' title='bbox 560 1142 632 1205; x_wconf 91' lang='lat' dir='ltr'>scio</span> <span class='ocrx_word' id='word_1_34' title='bbox 651 1160 695 1204; x_wconf 89' lang='lat' dir='ltr'>an</span> <span class='ocrx_word' id='word_1_35' title='bbox 711 1138 879 1204; x_wconf 75' lang='lat' dir='ltr'>hactenus</span> <span class='ocrx_word' id='word_1_36' title='bbox 896 1141 1022 1224; x_wconf 90' lang='lat' dir='ltr'>aliquid</span> <span class='ocrx_word' id='word_1_37' title='bbox 1042 1144 1231 1207; x_wconf 84' lang='lat' dir='ltr'>innotuerit</span> <span class='ocrx_word' id='word_1_38' title='bbox 1252 1143 1295 1206; x_wconf 92' lang='lat' dir='ltr'>de</span> <span class='ocrx_word' id='word_1_39' title='bbox 1313 1163 1391 1225; x_wconf 89' lang='lat' dir='ltr'>gra-</span> 
     </span>
     <span class='ocr_line' id='line_1_6' title="bbox 275 1233 1390 1320; baseline 0.004 -24"><span class='ocrx_word' id='word_1_40' title='bbox 275 1233 373 1297; x_wconf 89' lang='lat' dir='ltr'>dibus</span> <span class='ocrx_word' id='word_1_41' title='bbox 390 1234 548 1299; x_wconf 88' lang='lat' dir='ltr'>discretis</span> <span class='ocrx_word' id='word_1_42' title='bbox 567 1256 626 1299; x_wconf 92' lang='lat' dir='ltr'>seu</span> <span class='ocrx_word' id='word_1_43' title='bbox 645 1236 849 1311; x_wconf 88' lang='lat' dir='ltr'>altitudinis,</span> <span class='ocrx_word' id='word_1_44' title='bbox 867 1236 928 1299; x_wconf 91' lang='lat' dir='ltr'>sed</span> <span class='ocrx_word' id='word_1_45' title='bbox 942 1237 1053 1300; x_wconf 93' lang='lat' dir='ltr'>solum</span> <span class='ocrx_word' id='word_1_46' title='bbox 1073 1239 1114 1302; x_wconf 93' lang='lat' dir='ltr'>de</span> <span class='ocrx_word' id='word_1_47' title='bbox 1132 1238 1292 1320; x_wconf 87' lang='lat' dir='ltr'>gradibus</span> <span class='ocrx_word' id='word_1_48' title='bbox 1309 1257 1390 1301; x_wconf 92' lang='lat' dir='ltr'>con-</span> 
     </span>
     <span class='ocr_line' id='line_1_7' title="bbox 273 1328 1393 1414; baseline 0.003 -22"><span class='ocrx_word' id='word_1_49' title='bbox 273 1330 374 1393; x_wconf 88' lang='lat' dir='ltr'>tinuis</span> <span class='ocrx_word' id='word_1_50' title='bbox 393 1350 453 1392; x_wconf 91' lang='lat' dir='ltr'>seu</span> <span class='ocrx_word' id='word_1_51' title='bbox 472 1328 683 1409; x_wconf 90' lang='lat' dir='ltr'>latitudinis;</span> <span class='ocrx_word' id='word_1_52' title='bbox 708 1340 743 1394; x_wconf 89' lang='lat' dir='ltr'>et</span> <span class='ocrx_word' id='word_1_53' title='bbox 763 1341 880 1394; x_wconf 91' lang='lat' dir='ltr'>tamen</span> <span class='ocrx_word' id='word_1_54' title='bbox 900 1350 968 1394; x_wconf 90' lang='lat' dir='ltr'>non</span> <span class='ocrx_word' id='word_1_55' title='bbox 989 1331 1116 1414; x_wconf 91' lang='lat' dir='ltr'>aliquid</span> <span class='ocrx_word' id='word_1_56' title='bbox 1136 1352 1260 1396; x_wconf 90' lang='lat' dir='ltr'>causae</span> <span class='ocrx_word' id='word_1_57' title='bbox 1279 1334 1313 1397; x_wconf 94' lang='lat' dir='ltr'>in</span> <span class='ocrx_word' id='word_1_58' title='bbox 1332 1353 1393 1395; x_wconf 91' lang='lat' dir='ltr'>sua</span> 
     </span>
     <span class='ocr_line' id='line_1_8' title="bbox 274 1425 1391 1509; baseline 0.003 -22"><span class='ocrx_word' id='word_1_59' title='bbox 274 1425 420 1488; x_wconf 87' lang='lat' dir='ltr'>veritate</span> <span class='ocrx_word' id='word_1_60' title='bbox 449 1433 568 1508; x_wconf 90' lang='lat' dir='ltr'>potest</span> <span class='ocrx_word' id='word_1_61' title='bbox 595 1427 815 1489; x_wconf 86' lang='lat' dir='ltr'>innotescere</span> <span class='ocrx_word' id='word_1_62' title='bbox 838 1426 967 1508; x_wconf 89' lang='lat' dir='ltr'>absque</span> <span class='ocrx_word' id='word_1_63' title='bbox 994 1429 1194 1507; x_wconf 85' lang='lat' dir='ltr'>cognitione</span> <span class='ocrx_word' id='word_1_64' title='bbox 1224 1429 1391 1509; x_wconf 89' lang='lat' dir='ltr'>graduum</span> 
     </span>
     <span class='ocr_line' id='line_1_9' title="bbox 273 1519 1391 1604; baseline 0.003 -22"><span class='ocrx_word' id='word_1_65' title='bbox 273 1520 448 1602; x_wconf 87' lang='lat' dir='ltr'>utriusque</span> <span class='ocrx_word' id='word_1_66' title='bbox 471 1520 616 1602; x_wconf 89' lang='lat' dir='ltr'>generis.</span> <span class='ocrx_word' id='word_1_67' title='bbox 662 1519 746 1583; x_wconf 93' lang='lat' dir='ltr'>Ideo</span> <span class='ocrx_word' id='word_1_68' title='bbox 769 1523 811 1583; x_wconf 93' lang='lat' dir='ltr'>de</span> <span class='ocrx_word' id='word_1_69' title='bbox 835 1519 901 1583; x_wconf 88' lang='lat' dir='ltr'>illis</span> <span class='ocrx_word' id='word_1_70' title='bbox 921 1521 954 1582; x_wconf 93' lang='lat' dir='ltr'>in</span> <span class='ocrx_word' id='word_1_71' title='bbox 974 1530 1052 1585; x_wconf 90' lang='lat' dir='ltr'>tota</span> <span class='ocrx_word' id='word_1_72' title='bbox 1070 1521 1134 1585; x_wconf 90' lang='lat' dir='ltr'>hac</span> <span class='ocrx_word' id='word_1_73' title='bbox 1159 1523 1261 1585; x_wconf 88' lang='lat' dir='ltr'>Parte</span> <span class='ocrx_word' id='word_1_74' title='bbox 1284 1543 1391 1604; x_wconf 90' lang='lat' dir='ltr'>agen·</span> 
     </span>
     <span class='ocr_line' id='line_1_10' title="bbox 272 1613 1391 1698; baseline 0.002 -20"><span class='ocrx_word' id='word_1_75' title='bbox 272 1615 354 1678; x_wconf 93' lang='lat' dir='ltr'>dum</span> <span class='ocrx_word' id='word_1_76' title='bbox 369 1624 443 1679; x_wconf 86' lang='lat' dir='ltr'>est:</span> <span class='ocrx_word' id='word_1_77' title='bbox 469 1633 548 1678; x_wconf 91' lang='lat' dir='ltr'>nam</span> <span class='ocrx_word' id='word_1_78' title='bbox 567 1613 641 1677; x_wconf 88' lang='lat' dir='ltr'>finis</span> <span class='ocrx_word' id='word_1_79' title='bbox 660 1614 758 1696; x_wconf 89' lang='lat' dir='ltr'>hujus</span> <span class='ocrx_word' id='word_1_80' title='bbox 777 1615 931 1697; x_wconf 88' lang='lat' dir='ltr'>opusculi</span> <span class='ocrx_word' id='word_1_81' title='bbox 951 1626 1014 1691; x_wconf 89' lang='lat' dir='ltr'>est,</span> <span class='ocrx_word' id='word_1_82' title='bbox 1033 1627 1069 1679; x_wconf 91' lang='lat' dir='ltr'>ut</span> <span class='ocrx_word' id='word_1_83' title='bbox 1087 1615 1292 1698; x_wconf 84' lang='lat' dir='ltr'>detegantur</span> <span class='ocrx_word' id='word_1_84' title='bbox 1312 1637 1391 1680; x_wconf 91' lang='lat' dir='ltr'>cau·</span> 
     </span>
     <span class='ocr_line' id='line_1_11' title="bbox 271 1708 1390 1786; baseline 0.003 -13"><span class='ocrx_word' id='word_1_85' title='bbox 271 1729 342 1786; x_wconf 86' lang='lat' dir='ltr'>sae,</span> <span class='ocrx_word' id='word_1_86' title='bbox 359 1719 395 1774; x_wconf 88' lang='lat' dir='ltr'>et</span> <span class='ocrx_word' id='word_1_87' title='bbox 411 1730 457 1774; x_wconf 89' lang='lat' dir='ltr'>ex</span> <span class='ocrx_word' id='word_1_88' title='bbox 472 1710 539 1774; x_wconf 95' lang='lat' dir='ltr'>illis</span> <span class='ocrx_word' id='word_1_89' title='bbox 557 1710 738 1774; x_wconf 88' lang='lat' dir='ltr'>videantur</span> <span class='ocrx_word' id='word_1_90' title='bbox 754 1708 904 1785; x_wconf 76' lang='lat' dir='ltr'>effectus,</span> <span class='ocrx_word' id='word_1_91' title='bbox 921 1722 958 1774; x_wconf 91' lang='lat' dir='ltr'>et</span> <span class='ocrx_word' id='word_1_92' title='bbox 977 1713 1024 1775; x_wconf 90' lang='lat' dir='ltr'>sic</span> <span class='ocrx_word' id='word_1_93' title='bbox 1045 1712 1275 1777; x_wconf 90' lang='lat' dir='ltr'>discutiantur</span> <span class='ocrx_word' id='word_1_94' title='bbox 1292 1723 1390 1776; x_wconf 88' lang='lat' dir='ltr'>tene·</span> 
     </span>
     <span class='ocr_line' id='line_1_12' title="bbox 271 1805 1391 1890; baseline 0.002 -21"><span class='ocrx_word' id='word_1_95' title='bbox 271 1805 364 1881; x_wconf 85' lang='lat' dir='ltr'>brae,</span> <span class='ocrx_word' id='word_1_96' title='bbox 378 1805 413 1869; x_wconf 91' lang='lat' dir='ltr'>in</span> <span class='ocrx_word' id='word_1_97' title='bbox 428 1805 548 1889; x_wconf 90' lang='lat' dir='ltr'>quibus</span> <span class='ocrx_word' id='word_1_98' title='bbox 566 1805 672 1870; x_wconf 92' lang='lat' dir='ltr'>homo</span> <span class='ocrx_word' id='word_1_99' title='bbox 688 1805 855 1870; x_wconf 89' lang='lat' dir='ltr'>ecclesiae</span> <span class='ocrx_word' id='word_1_100' title='bbox 872 1816 925 1870; x_wconf 89' lang='lat' dir='ltr'>est</span> <span class='ocrx_word' id='word_1_101' title='bbox 942 1807 985 1869; x_wconf 89' lang='lat' dir='ltr'>de</span> <span class='ocrx_word' id='word_1_102' title='bbox 1005 1806 1090 1884; x_wconf 88' lang='lat' dir='ltr'>Deo,</span> <span class='ocrx_word' id='word_1_103' title='bbox 1112 1808 1221 1890; x_wconf 91' lang='lat' dir='ltr'>deque</span> <span class='ocrx_word' id='word_1_104' title='bbox 1242 1808 1391 1871; x_wconf 92' lang='lat' dir='ltr'>Domino</span> 
     </span>
     <span class='ocr_line' id='line_1_13' title="bbox 271 1900 1390 1984; baseline 0.002 -20"><span class='ocrx_word' id='word_1_105' title='bbox 271 1900 365 1964; x_wconf 89' lang='lat' dir='ltr'>etin</span> <span class='ocrx_word' id='word_1_106' title='bbox 388 1919 516 1984; x_wconf 85' lang='lat' dir='ltr'>genere</span> <span class='ocrx_word' id='word_1_107' title='bbox 544 1900 587 1964; x_wconf 91' lang='lat' dir='ltr'>de</span> <span class='ocrx_word' id='word_1_108' title='bbox 615 1901 747 1964; x_wconf 91' lang='lat' dir='ltr'>Divinis</span> <span class='ocrx_word' id='word_1_109' title='bbox 770 1921 856 1984; x_wconf 90' lang='lat' dir='ltr'>quae</span> <span class='ocrx_word' id='word_1_110' title='bbox 880 1901 1071 1982; x_wconf 88' lang='lat' dir='ltr'>spiritualia</span> <span class='ocrx_word' id='word_1_111' title='bbox 1090 1914 1267 1967; x_wconf 90' lang='lat' dir='ltr'>vocantur.</span> <span class='ocrx_word' id='word_1_112' title='bbox 1313 1901 1390 1966; x_wconf 93' lang='lat' dir='ltr'>Hoc</span> 
     </span>
     <span class='ocr_line' id='line_1_14' title="bbox 270 1995 1392 2080; baseline 0.001 -21"><span class='ocrx_word' id='word_1_113' title='bbox 270 2014 412 2079; x_wconf 88' lang='lat' dir='ltr'>possum</span> <span class='ocrx_word' id='word_1_114' title='bbox 435 2014 636 2072; x_wconf 88' lang='lat' dir='ltr'>memorare,</span> <span class='ocrx_word' id='word_1_115' title='bbox 656 1995 747 2079; x_wconf 92' lang='lat' dir='ltr'>quod</span> <span class='ocrx_word' id='word_1_116' title='bbox 770 1995 885 2078; x_wconf 90' lang='lat' dir='ltr'>angeli</span> <span class='ocrx_word' id='word_1_117' title='bbox 904 1997 937 2058; x_wconf 95' lang='lat' dir='ltr'>in</span> <span class='ocrx_word' id='word_1_118' title='bbox 958 1997 1133 2060; x_wconf 88' lang='lat' dir='ltr'>maestitia</span> <span class='ocrx_word' id='word_1_119' title='bbox 1156 1998 1224 2061; x_wconf 92' lang='lat' dir='ltr'>sint</span> <span class='ocrx_word' id='word_1_120' title='bbox 1248 2007 1392 2080; x_wconf 87' lang='lat' dir='ltr'>propter</span> 
     </span>
     <span class='ocr_line' id='line_1_15' title="bbox 272 2090 1390 2175; baseline -0.001 -19"><span class='ocrx_word' id='word_1_121' title='bbox 272 2092 434 2156; x_wconf 89' lang='lat' dir='ltr'>tenebras</span> <span class='ocrx_word' id='word_1_122' title='bbox 447 2091 480 2154; x_wconf 93' lang='lat' dir='ltr'>in</span> <span class='ocrx_word' id='word_1_123' title='bbox 494 2090 637 2154; x_wconf 91' lang='lat' dir='ltr'>tellure:</span> <span class='ocrx_word' id='word_1_124' title='bbox 661 2091 792 2167; x_wconf 91' lang='lat' dir='ltr'>dicunt,</span> <span class='ocrx_word' id='word_1_125' title='bbox 806 2091 896 2175; x_wconf 93' lang='lat' dir='ltr'>quod</span> <span class='ocrx_word' id='word_1_126' title='bbox 913 2091 973 2154; x_wconf 89' lang='lat' dir='ltr'>vix</span> <span class='ocrx_word' id='word_1_127' title='bbox 989 2090 1084 2155; x_wconf 90' lang='lat' dir='ltr'>ullibi</span> <span class='ocrx_word' id='word_1_128' title='bbox 1098 2092 1238 2155; x_wconf 88' lang='lat' dir='ltr'>videant</span> <span class='ocrx_word' id='word_1_129' title='bbox 1259 2091 1370 2155; x_wconf 90' lang='lat' dir='ltr'>lucem</span> <span class='ocrx_word' id='word_1_130' title='bbox 1383 2114 1390 2170; x_wconf 94' lang='lat'>;</span> 
     </span>
     <span class='ocr_line' id='line_1_16' title="bbox 270 2184 1391 2272; baseline -0.001 -20"><span class='ocrx_word' id='word_1_131' title='bbox 270 2196 308 2252; x_wconf 88' lang='lat' dir='ltr'>et</span> <span class='ocrx_word' id='word_1_132' title='bbox 326 2187 418 2272; x_wconf 92' lang='lat' dir='ltr'>quod</span> <span class='ocrx_word' id='word_1_133' title='bbox 437 2186 594 2250; x_wconf 90' lang='lat' dir='ltr'>homines</span> <span class='ocrx_word' id='word_1_134' title='bbox 612 2184 765 2249; x_wconf 83' lang='lat' dir='ltr'>fallacias</span> <span class='ocrx_word' id='word_1_135' title='bbox 784 2185 947 2266; x_wconf 88' lang='lat' dir='ltr'>arripiant</span> <span class='ocrx_word' id='word_1_136' title='bbox 966 2196 1003 2249; x_wconf 91' lang='lat' dir='ltr'>et</span> <span class='ocrx_word' id='word_1_137' title='bbox 1021 2185 1098 2250; x_wconf 88' lang='lat' dir='ltr'>illas</span> <span class='ocrx_word' id='word_1_138' title='bbox 1117 2185 1334 2263; x_wconf 87' lang='lat' dir='ltr'>confirment,</span> <span class='ocrx_word' id='word_1_139' title='bbox 1355 2198 1391 2251; x_wconf 92' lang='lat' dir='ltr'>et</span> 
     </span>
     <span class='ocr_line' id='line_1_17' title="bbox 271 2279 1392 2366; baseline -0.001 -19"><span class='ocrx_word' id='word_1_140' title='bbox 271 2303 332 2366; x_wconf 89' lang='lat' dir='ltr'>per</span> <span class='ocrx_word' id='word_1_141' title='bbox 349 2282 384 2346; x_wconf 95' lang='lat' dir='ltr'>id</span> <span class='ocrx_word' id='word_1_142' title='bbox 402 2281 633 2364; x_wconf 89' lang='lat' dir='ltr'>multiplicent</span> <span class='ocrx_word' id='word_1_143' title='bbox 652 2279 822 2344; x_wconf 83' lang='lat' dir='ltr'>falsitates</span> <span class='ocrx_word' id='word_1_144' title='bbox 841 2300 942 2364; x_wconf 87' lang='lat' dir='ltr'>super</span> <span class='ocrx_word' id='word_1_145' title='bbox 961 2280 1153 2361; x_wconf 85' lang='lat' dir='ltr'>salsitates;</span> <span class='ocrx_word' id='word_1_146' title='bbox 1184 2292 1221 2346; x_wconf 93' lang='lat' dir='ltr'>et</span> <span class='ocrx_word' id='word_1_147' title='bbox 1244 2282 1286 2346; x_wconf 91' lang='lat' dir='ltr'>ad</span> <span class='ocrx_word' id='word_1_148' title='bbox 1306 2302 1392 2348; x_wconf 92' lang='lat' dir='ltr'>con·</span> 
     </span>
     <span class='ocr_line' id='line_1_18' title="bbox 270 2376 1392 2459; baseline -0.002 -16"><span class='ocrx_word' id='word_1_149' title='bbox 270 2378 474 2443; x_wconf 85' lang='lat' dir='ltr'>firmandum</span> <span class='ocrx_word' id='word_1_150' title='bbox 504 2376 582 2441; x_wconf 88' lang='lat' dir='ltr'>illas</span> <span class='ocrx_word' id='word_1_151' title='bbox 611 2376 778 2459; x_wconf 89' lang='lat' dir='ltr'>indagent</span> <span class='ocrx_word' id='word_1_152' title='bbox 803 2395 864 2459; x_wconf 87' lang='lat' dir='ltr'>per</span> <span class='ocrx_word' id='word_1_153' title='bbox 890 2377 1071 2440; x_wconf 89' lang='lat' dir='ltr'>ratiocinia</span> <span class='ocrx_word' id='word_1_154' title='bbox 1098 2397 1142 2440; x_wconf 88' lang='lat' dir='ltr'>ex</span> <span class='ocrx_word' id='word_1_155' title='bbox 1170 2377 1265 2440; x_wconf 86' lang='lat' dir='ltr'>salsis</span> <span class='ocrx_word' id='word_1_156' title='bbox 1288 2386 1323 2440; x_wconf 92' lang='lat' dir='ltr'>et</span> <span class='ocrx_word' id='word_1_157' title='bbox 1345 2399 1392 2442; x_wconf 91' lang='lat' dir='ltr'>ex</span> 
     </span>
     <span class='ocr_line' id='line_1_19' title="bbox 271 2470 1392 2555; baseline 0.002 -19"><span class='ocrx_word' id='word_1_158' title='bbox 271 2474 360 2538; x_wconf 87' lang='lat' dir='ltr'>veris</span> <span class='ocrx_word' id='word_1_159' title='bbox 378 2470 565 2536; x_wconf 83' lang='lat' dir='ltr'>falsificatis</span> <span class='ocrx_word' id='word_1_160' title='bbox 588 2471 682 2548; x_wconf 88' lang='lat' dir='ltr'>talia,</span> <span class='ocrx_word' id='word_1_161' title='bbox 703 2491 790 2555; x_wconf 90' lang='lat' dir='ltr'>quae</span> <span class='ocrx_word' id='word_1_162' title='bbox 813 2481 955 2555; x_wconf 89' lang='lat' dir='ltr'>propter</span> <span class='ocrx_word' id='word_1_163' title='bbox 977 2470 1139 2536; x_wconf 90' lang='lat' dir='ltr'>tenebras</span> <span class='ocrx_word' id='word_1_164' title='bbox 1159 2471 1202 2535; x_wconf 92' lang='lat' dir='ltr'>de</span> <span class='ocrx_word' id='word_1_165' title='bbox 1224 2473 1335 2536; x_wconf 88' lang='lat' dir='ltr'>causis</span> <span class='ocrx_word' id='word_1_166' title='bbox 1354 2482 1392 2538; x_wconf 86' lang='lat' dir='ltr'>et</span> 
     </span>
     <span class='ocr_line' id='line_1_20' title="bbox 271 2565 1388 2652; baseline -0.003 -19"><span class='ocrx_word' id='word_1_167' title='bbox 271 2579 412 2652; x_wconf 90' lang='lat' dir='ltr'>propter</span> <span class='ocrx_word' id='word_1_168' title='bbox 447 2567 679 2649; x_wconf 89' lang='lat' dir='ltr'>ignorantiam</span> <span class='ocrx_word' id='word_1_169' title='bbox 713 2566 756 2630; x_wconf 92' lang='lat' dir='ltr'>de</span> <span class='ocrx_word' id='word_1_170' title='bbox 790 2565 1005 2641; x_wconf 88' lang='lat' dir='ltr'>veritatibus,</span> <span class='ocrx_word' id='word_1_171' title='bbox 1041 2565 1165 2630; x_wconf 90' lang='lat' dir='ltr'>discuti</span> <span class='ocrx_word' id='word_1_172' title='bbox 1203 2577 1388 2651; x_wconf 90' lang='lat' dir='ltr'>nequeunt.</span> 
     </span>
     <span class='ocr_line' id='line_1_21' title="bbox 272 2659 1389 2746; baseline 0 -19"><span class='ocrx_word' id='word_1_173' title='bbox 272 2662 425 2727; x_wconf 87' lang='lat' dir='ltr'>Maxime</span> <span class='ocrx_word' id='word_1_174' title='bbox 444 2661 680 2726; x_wconf 89' lang='lat' dir='ltr'>lamentantur</span> <span class='ocrx_word' id='word_1_175' title='bbox 698 2681 800 2744; x_wconf 91' lang='lat' dir='ltr'>super</span> <span class='ocrx_word' id='word_1_176' title='bbox 818 2659 1132 2726; x_wconf 87' lang='lat' dir='ltr'>confirmationibus</span> <span class='ocrx_word' id='word_1_177' title='bbox 1149 2663 1191 2725; x_wconf 94' lang='lat' dir='ltr'>de</span> <span class='ocrx_word' id='word_1_178' title='bbox 1207 2661 1274 2727; x_wconf 87' lang='lat' dir='ltr'>fide</span> <span class='ocrx_word' id='word_1_179' title='bbox 1289 2683 1389 2746; x_wconf 91' lang='lat' dir='ltr'>sepa·</span> 
     </span>
     <span class='ocr_line' id='line_1_22' title="bbox 271 2754 1391 2840; baseline 0.003 -18"><span class='ocrx_word' id='word_1_180' title='bbox 271 2769 347 2822; x_wconf 89' lang='lat' dir='ltr'>rata</span> <span class='ocrx_word' id='word_1_181' title='bbox 365 2780 386 2823; x_wconf 90' lang='lat' dir='ltr'>a</span> <span class='ocrx_word' id='word_1_182' title='bbox 405 2757 587 2833; x_wconf 89' lang='lat' dir='ltr'>charitate,</span> <span class='ocrx_word' id='word_1_183' title='bbox 604 2766 640 2822; x_wconf 95' lang='lat' dir='ltr'>et</span> <span class='ocrx_word' id='word_1_184' title='bbox 659 2776 761 2840; x_wconf 89' lang='lat' dir='ltr'>super</span> <span class='ocrx_word' id='word_1_185' title='bbox 775 2754 1021 2840; x_wconf 88' lang='lat' dir='ltr'>justificatione</span> <span class='ocrx_word' id='word_1_186' title='bbox 1039 2777 1098 2840; x_wconf 87' lang='lat' dir='ltr'>per</span> <span class='ocrx_word' id='word_1_187' title='bbox 1113 2755 1229 2837; x_wconf 91' lang='lat' dir='ltr'>illam;</span> <span class='ocrx_word' id='word_1_188' title='bbox 1253 2767 1326 2823; x_wconf 89' lang='lat' dir='ltr'>tum</span> <span class='ocrx_word' id='word_1_189' title='bbox 1345 2761 1391 2825; x_wconf 92' lang='lat' dir='ltr'>de</span> 
     </span>
     <span class='ocr_line' id='line_1_23' title="bbox 272 2851 1390 2934; baseline -0.001 -17"><span class='ocrx_word' id='word_1_190' title='bbox 272 2853 356 2917; x_wconf 87' lang='lat' dir='ltr'>ideis</span> <span class='ocrx_word' id='word_1_191' title='bbox 379 2854 422 2917; x_wconf 93' lang='lat' dir='ltr'>de</span> <span class='ocrx_word' id='word_1_192' title='bbox 446 2853 533 2928; x_wconf 92' lang='lat' dir='ltr'>Deo,</span> <span class='ocrx_word' id='word_1_193' title='bbox 554 2853 598 2916; x_wconf 92' lang='lat' dir='ltr'>de</span> <span class='ocrx_word' id='word_1_194' title='bbox 622 2852 755 2934; x_wconf 88' lang='lat' dir='ltr'>angelis</span> <span class='ocrx_word' id='word_1_195' title='bbox 785 2862 822 2917; x_wconf 91' lang='lat' dir='ltr'>et</span> <span class='ocrx_word' id='word_1_196' title='bbox 849 2851 1033 2933; x_wconf 89' lang='lat' dir='ltr'>spiritibus,</span> <span class='ocrx_word' id='word_1_197' title='bbox 1057 2859 1095 2917; x_wconf 91' lang='lat' dir='ltr'>et</span> <span class='ocrx_word' id='word_1_198' title='bbox 1124 2852 1167 2915; x_wconf 89' lang='lat' dir='ltr'>de</span> <span class='ocrx_word' id='word_1_199' title='bbox 1194 2851 1390 2933; x_wconf 83' lang='lat' dir='ltr'>ignorantia</span> 
     </span>
     <span class='ocr_line' id='line_1_24' title="bbox 272 2947 714 3032; baseline -0.005 -20"><span class='ocrx_word' id='word_1_200' title='bbox 272 2948 351 3032; x_wconf 92' lang='lat' dir='ltr'>quid</span> <span class='ocrx_word' id='word_1_201' title='bbox 367 2967 462 3012; x_wconf 92' lang='lat' dir='ltr'>amor</span> <span class='ocrx_word' id='word_1_202' title='bbox 480 2957 516 3012; x_wconf 91' lang='lat' dir='ltr'>et</span> <span class='ocrx_word' id='word_1_203' title='bbox 534 2947 714 3030; x_wconf 88' lang='lat' dir='ltr'>sapientia.</span> 
     </span>
    </p>
   </div>
   <div class='ocr_carea' id='block_1_3' title="bbox 273 3229 1388 3484">
    <p class='ocr_par' dir='ltr' id='par_1_4' title="bbox 273 3229 1388 3484">
     <span class='ocr_line' id='line_1_25' title="bbox 273 3229 1388 3313; baseline -0.002 -17"><span class='ocrx_word' id='word_1_204' title='bbox 273 3229 386 3313; x_wconf 83' lang='lat' dir='ltr'>Quou</span> <span class='ocrx_word' id='word_1_205' title='bbox 404 3244 556 3296; x_wconf 80' lang='lat' dir='ltr'>oxnous</span> <span class='ocrx_word' id='word_1_206' title='bbox 579 3242 828 3295; x_wconf 76' lang='lat' dir='ltr'>nnrrrunnus</span> <span class='ocrx_word' id='word_1_207' title='bbox 846 3242 934 3294; x_wconf 64' lang='lat' dir='ltr'>sun*</span> <span class='ocrx_word' id='word_1_208' title='bbox 953 3240 1195 3304; x_wconf 80' lang='lat' dir='ltr'>uouocausr,</span> <span class='ocrx_word' id='word_1_209' title='bbox 1215 3240 1265 3292; x_wconf 77' lang='lat' dir='ltr'>nc</span> <span class='ocrx_word' id='word_1_210' title='bbox 1287 3239 1388 3294; x_wconf 84' lang='lat' dir='ltr'>uuus</span> 
     </span>
     <span class='ocr_line' id='line_1_26' title="bbox 398 3334 1388 3401; baseline -0.003 -12"><span class='ocrx_word' id='word_1_211' title='bbox 398 3338 447 3389; x_wconf 80' lang='lat' dir='ltr'>na</span> <span class='ocrx_word' id='word_1_212' title='bbox 477 3338 631 3388; x_wconf 79' lang='lat' dir='ltr'>nnrsno</span> <span class='ocrx_word' id='word_1_213' title='bbox 654 3338 695 3387; x_wconf 86' lang='lat' dir='ltr'>1u</span> <span class='ocrx_word' id='word_1_214' title='bbox 724 3337 844 3401; x_wconf 79' lang='lat' dir='ltr'>sams,</span> <span class='ocrx_word' id='word_1_215' title='bbox 869 3335 978 3389; x_wconf 78' lang='lat' dir='ltr'>s1cun</span> <span class='ocrx_word' id='word_1_216' title='bbox 1000 3335 1100 3388; x_wconf 71' lang='lat' dir='ltr'>suus</span> <span class='ocrx_word' id='word_1_217' title='bbox 1129 3334 1241 3398; x_wconf 79' lang='lat' dir='ltr'>r1u1s,</span> <span class='ocrx_word' id='word_1_218' title='bbox 1264 3334 1388 3387; x_wconf 78' lang='lat' dir='ltr'>cnusn</span> 
     </span>
     <span class='ocr_line' id='line_1_27' title="bbox 399 3431 671 3484; baseline -0.004 -1"><span class='ocrx_word' id='word_1_219' title='bbox 399 3434 447 3483; x_wconf 78' lang='lat' dir='ltr'>ar</span> <span class='ocrx_word' id='word_1_220' title='bbox 471 3431 671 3484; x_wconf 79' lang='lat' dir='ltr'>srsncrus</span> 
     </span>
    </p>
   </div>
   <div class='ocr_carea' id='block_1_4' title="bbox 270 3601 1393 4728">
    <p class='ocr_par' dir='ltr' id='par_1_5' title="bbox 270 3601 1393 4728">
     <span class='ocr_line' id='line_1_28' title="bbox 334 3601 1391 3686; baseline -0.002 -19"><span class='ocrx_word' id='word_1_221' title='bbox 334 3603 433 3684; x_wconf 81' lang='lat'>189.</span> <span class='ocrx_word' id='word_1_222' title='bbox 464 3602 634 3685; x_wconf 85' lang='lat' dir='ltr'>Quoniam</span> <span class='ocrx_word' id='word_1_223' title='bbox 662 3603 787 3686; x_wconf 89' lang='lat' dir='ltr'>gradus</span> <span class='ocrx_word' id='word_1_224' title='bbox 817 3602 1009 3665; x_wconf 91' lang='lat' dir='ltr'>latitudinis</span> <span class='ocrx_word' id='word_1_225' title='bbox 1038 3621 1097 3665; x_wconf 90' lang='lat' dir='ltr'>seu</span> <span class='ocrx_word' id='word_1_226' title='bbox 1127 3601 1282 3666; x_wconf 91' lang='lat' dir='ltr'>continui</span> <span class='ocrx_word' id='word_1_227' title='bbox 1310 3611 1391 3666; x_wconf 88' lang='lat' dir='ltr'>sunt</span> 
     </span>
     <span class='ocr_line' id='line_1_29' title="bbox 272 3693 1389 3779; baseline -0.004 -16"><span class='ocrx_word' id='word_1_228' title='bbox 272 3701 360 3763; x_wconf 89' lang='lat' dir='ltr'>sicut</span> <span class='ocrx_word' id='word_1_229' title='bbox 383 3700 467 3763; x_wconf 91' lang='lat' dir='ltr'>lucis</span> <span class='ocrx_word' id='word_1_230' title='bbox 491 3700 534 3763; x_wconf 91' lang='lat' dir='ltr'>ad</span> <span class='ocrx_word' id='word_1_231' title='bbox 558 3700 723 3773; x_wconf 90' lang='lat' dir='ltr'>umbram,</span> <span class='ocrx_word' id='word_1_232' title='bbox 750 3698 872 3762; x_wconf 91' lang='lat' dir='ltr'>caloris</span> <span class='ocrx_word' id='word_1_233' title='bbox 902 3699 945 3761; x_wconf 91' lang='lat' dir='ltr'>ad</span> <span class='ocrx_word' id='word_1_234' title='bbox 970 3697 1086 3779; x_wconf 84' lang='lat' dir='ltr'>frigus,</span> <span class='ocrx_word' id='word_1_235' title='bbox 1111 3697 1183 3760; x_wconf 88' lang='lat' dir='ltr'>duri</span> <span class='ocrx_word' id='word_1_236' title='bbox 1207 3697 1249 3759; x_wconf 93' lang='lat' dir='ltr'>ad</span> <span class='ocrx_word' id='word_1_237' title='bbox 1274 3693 1389 3771; x_wconf 90' lang='lat' dir='ltr'>molle,</span> 
     </span>
     <span class='ocr_line' id='line_1_30' title="bbox 271 3791 1391 3874; baseline -0.004 -16"><span class='ocrx_word' id='word_1_238' title='bbox 271 3796 367 3858; x_wconf 90' lang='lat' dir='ltr'>densi</span> <span class='ocrx_word' id='word_1_239' title='bbox 387 3796 429 3858; x_wconf 90' lang='lat' dir='ltr'>ad</span> <span class='ocrx_word' id='word_1_240' title='bbox 449 3815 571 3868; x_wconf 90' lang='lat' dir='ltr'>rarum,</span> <span class='ocrx_word' id='word_1_241' title='bbox 589 3795 693 3857; x_wconf 92' lang='lat' dir='ltr'>crassi</span> <span class='ocrx_word' id='word_1_242' title='bbox 713 3793 755 3856; x_wconf 89' lang='lat' dir='ltr'>ad</span> <span class='ocrx_word' id='word_1_243' title='bbox 776 3804 890 3866; x_wconf 91' lang='lat' dir='ltr'>tenue,</span> <span class='ocrx_word' id='word_1_244' title='bbox 908 3803 943 3856; x_wconf 92' lang='lat' dir='ltr'>et</span> <span class='ocrx_word' id='word_1_245' title='bbox 963 3795 1010 3856; x_wconf 90' lang='lat' dir='ltr'>sic</span> <span class='ocrx_word' id='word_1_246' title='bbox 1031 3813 1141 3874; x_wconf 91' lang='lat' dir='ltr'>porro,</span> <span class='ocrx_word' id='word_1_247' title='bbox 1162 3801 1198 3855; x_wconf 90' lang='lat' dir='ltr'>et</span> <span class='ocrx_word' id='word_1_248' title='bbox 1214 3791 1249 3854; x_wconf 93' lang='lat' dir='ltr'>hi</span> <span class='ocrx_word' id='word_1_249' title='bbox 1264 3791 1391 3873; x_wconf 86' lang='lat' dir='ltr'>gradus</span> 
     </span>
     <span class='ocr_line' id='line_1_31' title="bbox 272 3887 1390 3972; baseline -0.004 -19"><span class='ocrx_word' id='word_1_250' title='bbox 272 3892 316 3954; x_wconf 92' lang='lat' dir='ltr'>ab</span> <span class='ocrx_word' id='word_1_251' title='bbox 338 3891 552 3972; x_wconf 88' lang='lat' dir='ltr'>experientia</span> <span class='ocrx_word' id='word_1_252' title='bbox 581 3890 729 3952; x_wconf 90' lang='lat' dir='ltr'>sensuali</span> <span class='ocrx_word' id='word_1_253' title='bbox 754 3899 788 3952; x_wconf 90' lang='lat' dir='ltr'>et</span> <span class='ocrx_word' id='word_1_254' title='bbox 814 3889 939 3951; x_wconf 89' lang='lat' dir='ltr'>oculari</span> <span class='ocrx_word' id='word_1_255' title='bbox 970 3899 1049 3950; x_wconf 90' lang='lat' dir='ltr'>sunt</span> <span class='ocrx_word' id='word_1_256' title='bbox 1079 3889 1163 3962; x_wconf 93' lang='lat' dir='ltr'>noti,</span> <span class='ocrx_word' id='word_1_257' title='bbox 1188 3896 1224 3950; x_wconf 90' lang='lat' dir='ltr'>et</span> <span class='ocrx_word' id='word_1_258' title='bbox 1248 3906 1317 3950; x_wconf 91' lang='lat' dir='ltr'>non</span> <span class='ocrx_word' id='word_1_259' title='bbox 1341 3887 1390 3949; x_wconf 90' lang='lat' dir='ltr'>ita</span> 
     </span>
     <span class='ocr_line' id='line_1_32' title="bbox 272 3981 1391 4068; baseline -0.004 -20"><span class='ocrx_word' id='word_1_260' title='bbox 272 3986 398 4068; x_wconf 91' lang='lat' dir='ltr'>gradus</span> <span class='ocrx_word' id='word_1_261' title='bbox 425 3985 615 4048; x_wconf 91' lang='lat' dir='ltr'>altitudinis</span> <span class='ocrx_word' id='word_1_262' title='bbox 641 4003 700 4047; x_wconf 91' lang='lat' dir='ltr'>seu</span> <span class='ocrx_word' id='word_1_263' title='bbox 725 3985 874 4058; x_wconf 88' lang='lat' dir='ltr'>discreti,</span> <span class='ocrx_word' id='word_1_264' title='bbox 895 3985 973 4046; x_wconf 91' lang='lat' dir='ltr'>ideo</span> <span class='ocrx_word' id='word_1_265' title='bbox 998 3985 1040 4046; x_wconf 88' lang='lat' dir='ltr'>de</span> <span class='ocrx_word' id='word_1_266' title='bbox 1066 3984 1118 4046; x_wconf 89' lang='lat' dir='ltr'>his</span> <span class='ocrx_word' id='word_1_267' title='bbox 1143 3985 1176 4046; x_wconf 93' lang='lat' dir='ltr'>in</span> <span class='ocrx_word' id='word_1_268' title='bbox 1199 3982 1264 4046; x_wconf 88' lang='lat' dir='ltr'>hac</span> <span class='ocrx_word' id='word_1_269' title='bbox 1289 3981 1391 4044; x_wconf 88' lang='lat' dir='ltr'>Parte</span> 
     </span>
     <span class='ocr_line' id='line_1_33' title="bbox 272 4077 1390 4162; baseline -0.004 -19"><span class='ocrx_word' id='word_1_270' title='bbox 272 4082 436 4162; x_wconf 89' lang='lat' dir='ltr'>imprimis</span> <span class='ocrx_word' id='word_1_271' title='bbox 448 4082 619 4162; x_wconf 89' lang='lat' dir='ltr'>agendum</span> <span class='ocrx_word' id='word_1_272' title='bbox 636 4090 701 4153; x_wconf 87' lang='lat' dir='ltr'>est,</span> <span class='ocrx_word' id='word_1_273' title='bbox 717 4098 795 4141; x_wconf 87' lang='lat' dir='ltr'>nam</span> <span class='ocrx_word' id='word_1_274' title='bbox 808 4080 935 4160; x_wconf 90' lang='lat' dir='ltr'>absque</span> <span class='ocrx_word' id='word_1_275' title='bbox 952 4077 1071 4141; x_wconf 84' lang='lat' dir='ltr'>horum</span> <span class='ocrx_word' id='word_1_276' title='bbox 1090 4078 1256 4160; x_wconf 90' lang='lat' dir='ltr'>graduum</span> <span class='ocrx_word' id='word_1_277' title='bbox 1271 4078 1390 4158; x_wconf 90' lang='lat' dir='ltr'>cogni-</span> 
     </span>
     <span class='ocr_line' id='line_1_34' title="bbox 272 4172 1389 4256; baseline -0.004 -17"><span class='ocrx_word' id='word_1_278' title='bbox 272 4179 367 4240; x_wconf 89' lang='lat' dir='ltr'>tione</span> <span class='ocrx_word' id='word_1_279' title='bbox 402 4195 470 4238; x_wconf 92' lang='lat' dir='ltr'>non</span> <span class='ocrx_word' id='word_1_280' title='bbox 501 4175 606 4237; x_wconf 89' lang='lat' dir='ltr'>videri</span> <span class='ocrx_word' id='word_1_281' title='bbox 637 4184 780 4256; x_wconf 91' lang='lat' dir='ltr'>possunt</span> <span class='ocrx_word' id='word_1_282' title='bbox 815 4192 948 4236; x_wconf 90' lang='lat' dir='ltr'>causae.</span> <span class='ocrx_word' id='word_1_283' title='bbox 994 4172 1122 4235; x_wconf 89' lang='lat' dir='ltr'>Notum</span> <span class='ocrx_word' id='word_1_284' title='bbox 1153 4172 1288 4254; x_wconf 91' lang='lat' dir='ltr'>quidem</span> <span class='ocrx_word' id='word_1_285' title='bbox 1323 4181 1389 4245; x_wconf 90' lang='lat' dir='ltr'>est,</span> 
     </span>
     <span class='ocr_line' id='line_1_35' title="bbox 272 4266 1390 4354; baseline -0.007 -20"><span class='ocrx_word' id='word_1_286' title='bbox 272 4273 362 4354; x_wconf 93' lang='lat' dir='ltr'>quod</span> <span class='ocrx_word' id='word_1_287' title='bbox 380 4271 465 4344; x_wconf 86' lang='lat' dir='ltr'>finis,</span> <span class='ocrx_word' id='word_1_288' title='bbox 481 4290 582 4333; x_wconf 90' lang='lat' dir='ltr'>causa</span> <span class='ocrx_word' id='word_1_289' title='bbox 599 4280 633 4333; x_wconf 93' lang='lat' dir='ltr'>et</span> <span class='ocrx_word' id='word_1_290' title='bbox 646 4266 784 4332; x_wconf 73' lang='lat' dir='ltr'>effedtus</span> <span class='ocrx_word' id='word_1_291' title='bbox 801 4280 986 4352; x_wconf 87' lang='lat' dir='ltr'>sequantur</span> <span class='ocrx_word' id='word_1_292' title='bbox 1002 4269 1036 4331; x_wconf 93' lang='lat' dir='ltr'>in</span> <span class='ocrx_word' id='word_1_293' title='bbox 1054 4268 1171 4330; x_wconf 91' lang='lat' dir='ltr'>ordine</span> <span class='ocrx_word' id='word_1_294' title='bbox 1189 4269 1276 4330; x_wconf 89' lang='lat' dir='ltr'>sicut</span> <span class='ocrx_word' id='word_1_295' title='bbox 1290 4267 1390 4346; x_wconf 86' lang='lat' dir='ltr'>prius,</span> 
     </span>
     <span class='ocr_line' id='line_1_36' title="bbox 272 4361 1390 4449; baseline -0.007 -20"><span class='ocrx_word' id='word_1_296' title='bbox 272 4369 441 4449; x_wconf 88' lang='lat' dir='ltr'>posterius</span> <span class='ocrx_word' id='word_1_297' title='bbox 460 4377 496 4429; x_wconf 87' lang='lat' dir='ltr'>et</span> <span class='ocrx_word' id='word_1_298' title='bbox 515 4374 750 4448; x_wconf 89' lang='lat' dir='ltr'>postremum;</span> <span class='ocrx_word' id='word_1_299' title='bbox 775 4373 848 4427; x_wconf 95' lang='lat' dir='ltr'>tum</span> <span class='ocrx_word' id='word_1_300' title='bbox 868 4364 958 4447; x_wconf 94' lang='lat' dir='ltr'>quod</span> <span class='ocrx_word' id='word_1_301' title='bbox 975 4361 1049 4426; x_wconf 89' lang='lat' dir='ltr'>finis</span> <span class='ocrx_word' id='word_1_302' title='bbox 1065 4363 1233 4444; x_wconf 90' lang='lat' dir='ltr'>producat</span> <span class='ocrx_word' id='word_1_303' title='bbox 1253 4379 1390 4423; x_wconf 88' lang='lat' dir='ltr'>causam</span> 
     </span>
     <span class='ocr_line' id='line_1_37' title="bbox 272 4457 1393 4543; baseline -0.008 -18"><span class='ocrx_word' id='word_1_304' title='bbox 272 4475 307 4526; x_wconf 91' lang='lat' dir='ltr'>et</span> <span class='ocrx_word' id='word_1_305' title='bbox 328 4483 386 4543; x_wconf 88' lang='lat' dir='ltr'>per</span> <span class='ocrx_word' id='word_1_306' title='bbox 406 4481 541 4525; x_wconf 90' lang='lat' dir='ltr'>causam</span> <span class='ocrx_word' id='word_1_307' title='bbox 566 4459 732 4534; x_wconf 73' lang='lat' dir='ltr'>effectum,</span> <span class='ocrx_word' id='word_1_308' title='bbox 753 4457 883 4523; x_wconf 84' lang='lat' dir='ltr'>utfinis</span> <span class='ocrx_word' id='word_1_309' title='bbox 907 4461 1057 4536; x_wconf 90' lang='lat' dir='ltr'>existat;</span> <span class='ocrx_word' id='word_1_310' title='bbox 1088 4469 1124 4520; x_wconf 93' lang='lat' dir='ltr'>et</span> <span class='ocrx_word' id='word_1_311' title='bbox 1143 4477 1278 4539; x_wconf 92' lang='lat' dir='ltr'>quoque</span> <span class='ocrx_word' id='word_1_312' title='bbox 1297 4457 1393 4538; x_wconf 90' lang='lat' dir='ltr'>plura</span> 
     </span>
     <span class='ocr_line' id='line_1_38' title="bbox 270 4553 1392 4634; baseline -0.006 -15"><span class='ocrx_word' id='word_1_313' title='bbox 270 4558 338 4620; x_wconf 88' lang='lat' dir='ltr'>alia</span> <span class='ocrx_word' id='word_1_314' title='bbox 361 4559 404 4620; x_wconf 90' lang='lat' dir='ltr'>de</span> <span class='ocrx_word' id='word_1_315' title='bbox 427 4557 513 4619; x_wconf 88' lang='lat' dir='ltr'>illis:</span> <span class='ocrx_word' id='word_1_316' title='bbox 543 4566 697 4618; x_wconf 90' lang='lat' dir='ltr'>attamen</span> <span class='ocrx_word' id='word_1_317' title='bbox 717 4554 776 4619; x_wconf 88' lang='lat' dir='ltr'>illa</span> <span class='ocrx_word' id='word_1_318' title='bbox 795 4555 891 4629; x_wconf 88' lang='lat' dir='ltr'>scire,</span> <span class='ocrx_word' id='word_1_319' title='bbox 911 4563 947 4618; x_wconf 90' lang='lat' dir='ltr'>et</span> <span class='ocrx_word' id='word_1_320' title='bbox 971 4572 1038 4616; x_wconf 93' lang='lat' dir='ltr'>non</span> <span class='ocrx_word' id='word_1_321' title='bbox 1062 4570 1122 4634; x_wconf 91' lang='lat' dir='ltr'>per</span> <span class='ocrx_word' id='word_1_322' title='bbox 1144 4553 1392 4634; x_wconf 87' lang='lat' dir='ltr'>applicationes</span> 
     </span>
     <span class='ocr_line' id='line_1_39' title="bbox 271 4643 1392 4728; baseline -0.009 -12"><span class='ocrx_word' id='word_1_323' title='bbox 271 4653 316 4716; x_wconf 87' lang='lat' dir='ltr'>ad</span> <span class='ocrx_word' id='word_1_324' title='bbox 336 4653 524 4716; x_wconf 89' lang='lat' dir='ltr'>existentia</span> <span class='ocrx_word' id='word_1_325' title='bbox 544 4650 670 4726; x_wconf 89' lang='lat' dir='ltr'>videre,</span> <span class='ocrx_word' id='word_1_326' title='bbox 690 4658 745 4714; x_wconf 88' lang='lat' dir='ltr'>est</span> <span class='ocrx_word' id='word_1_327' title='bbox 764 4649 870 4714; x_wconf 92' lang='lat' dir='ltr'>modo</span> <span class='ocrx_word' id='word_1_328' title='bbox 890 4649 976 4714; x_wconf 89' lang='lat' dir='ltr'>scire</span> <span class='ocrx_word' id='word_1_329' title='bbox 995 4643 1191 4724; x_wconf 49' lang='lat' dir='ltr'>abstractu</span> <span class='ocrx_word' id='word_1_330' title='bbox 1219 4667 1304 4728; x_wconf 89' lang='lat' dir='ltr'>quae</span> <span class='ocrx_word' id='word_1_331' title='bbox 1324 4666 1392 4707; x_wconf 92' lang='lat' dir='ltr'>non</span> 
     </span>
    </p>
   </div>
   <div class='ocr_carea' id='block_1_5' title="bbox 0 0 1680 5374">
    <p class='ocr_par' dir='ltr' id='par_1_6' title="bbox 0 0 1680 5374">
     <span class='ocr_line' id='line_1_40' title="bbox 0 0 1680 5374; baseline 0 0"><span class='ocrx_word' id='word_1_332' title='bbox 0 0 1680 5374; x_wconf 95' lang='lat' dir='ltr'> </span> 
     </span>
    </p>
   </div>
  </div>
 </body>
</html>
