3418 5368
472 663 524 716 na
546 661 684 715 nrvrna
706 659 1058 716 anonumum—u.
1078 663 1151 730 252.
1315 659 1372 728 195

246 836 439 903 secundum
469 837 583 902 varios
613 856 693 901 suos
724 845 839 902 status
870 834 1135 918 conjunguntur.
1186 828 1375 898 Conflid'tus

248 935 372 999 horum
405 933 439 997 in
472 932 603 998 mundo
630 933 803 1016 spirituali
836 931 1111 1014 correspondent
1143 929 1256 1005 bellis,
1287 946 1375 1013 quae

249 1031 421 1112 utrimque
439 1051 460 1093 a
480 1028 632 1093 Domino
654 1029 844 1092 secundum
869 1029 1029 1091 Divinam
1051 1027 1162 1108 Ipsius
1186 1024 1375 1088 Providen-

248 1127 333 1189 tiam
350 1123 662 1206 correspondenter
673 1135 849 1206 reguntur.
885 1128 942 1187 [ud
968 1120 1070 1204 Quod
1087 1121 1180 1185 bella
1195 1121 1228 1183 in
1245 1118 1376 1182 mundo

249 1240 310 1303 per
337 1217 498 1283 Divinam
528 1217 669 1283 Domini
700 1219 955 1284 Providentiam
985 1226 1163 1299 regantur,
1188 1214 1375 1297 spiritualis

248 1315 355 1379 homo
373 1315 544 1396 agnoscit,
561 1325 598 1379 at
618 1335 688 1379 non
707 1315 874 1379 naturalis
892 1313 1009 1389 hom0,
1029 1313 1140 1376 solum
1160 1331 1236 1375 cum
1255 1309 1375 1373 indici·

248 1419 305 1472 tur
338 1409 464 1474 festum
497 1422 639 1493 propter
667 1408 858 1486 vittoriam,
889 1410 982 1492 quod
1015 1418 1098 1472 tunc
1133 1409 1244 1491 possit
1274 1426 1376 1489 super

248 1505 407 1587 genubus
436 1505 514 1572 Deo
543 1508 673 1588 gratias
703 1526 807 1588 agere
836 1506 928 1589 quod
957 1503 1136 1569 victoriam
1167 1504 1314 1578 dederit,
1339 1514 1376 1567 et

249 1621 385 1682 quoque
407 1603 525 1682 paucis
548 1603 690 1664 vocibus
714 1611 902 1684 antequam
929 1599 1099 1682 proelium
1124 1600 1206 1677 init;
1236 1609 1274 1662 at
1298 1619 1376 1662 curn

248 1696 338 1759 redit
357 1696 390 1758 in
410 1715 459 1771 se,
479 1705 562 1759 tunc
582 1694 760 1760 vidioriam
779 1695 835 1760 vel
858 1695 1024 1759 adscribit
1044 1695 1141 1758 ducis
1160 1695 1375 1777 prudentiae,

249 1790 305 1853 vei
328 1789 428 1854 alicui
451 1792 598 1855 consilio
620 1800 681 1855 aut
704 1793 753 1855 rei
775 1792 809 1854 in
834 1791 947 1855 medio
970 1791 1114 1872 proelio,
1133 1791 1178 1855 de
1197 1812 1265 1873 quo
1292 1791 1377 1856 nihil

248 1885 504 1968 cogitaverant,
524 1908 569 1950 ex
597 1907 664 1971 quo
690 1896 808 1951 tamen
835 1883 989 1950 vidioria.
1036 1900 1093 1963 [e.]
1122 1885 1224 1968 Quod
1250 1887 1377 1953 Divina

247 1979 482 2056 Providentia,
502 2003 588 2064 quae
612 1991 758 2046 vocatur
781 1981 946 2057 Fortuna,
967 1982 1013 2045 sit
1036 1982 1071 2044 in
1095 1982 1376 2064 singularissimis

249 2097 361 2142 rerum
389 2079 494 2142 etiam
522 2077 659 2151 levium,
680 2077 837 2141 videatur
861 2098 964 2160 supra
990 2076 1038 2160 (n.
1060 2076 1136 2160 212)
1151 2099 1160 2156 ;
1191 2079 1220 2140 si
1247 2079 1281 2141 in
1308 2078 1376 2142 illis

249 2173 411 2254 agnoscis
441 2171 602 2236 Divinam
633 2173 899 2248 Providentiam,
931 2174 1072 2237 omnino
1101 2173 1134 2235 in
1164 2175 1265 2237 rebus
1294 2175 1378 2239 belli

249 2288 421 2350 agnosces
450 2267 555 2331 illam.
600 2267 780 2333 Vocantur
807 2269 914 2332 etiarn
943 2288 1122 2331 successus
1151 2279 1187 2332 et
1216 2289 1270 2332 res
1295 2271 1378 2335 belli

249 2363 396 2429 feliciter
420 2375 554 2446 gestae,
574 2364 747 2428 communi
766 2384 853 2427 voce
878 2363 1017 2427 fortuna
1042 2362 1134 2438 belli,
1154 2374 1190 2427 et
1214 2365 1299 2427 haec
1321 2376 1378 2430 est

251 2458 377 2523 Divina
393 2459 624 2532 Providentia,
642 2459 806 2539 imprimis
822 2459 856 2521 in
873 2457 1025 2522 consiliis
1043 2468 1078 2521 et
1095 2459 1377 2524 meditationibus

249 2553 357 2629 ducis,
377 2555 518 2616 tametsi
536 2553 594 2616 ille
614 2563 695 2616 tunc
716 2563 751 2616 et
771 2565 894 2636 postea
913 2573 994 2614 suae
1015 2553 1215 2633 prudentiae
1234 2556 1375 2619 addica-

249 2657 303 2711 ret
330 2649 446 2725 omnia
472 2647 552 2730 ejus.
598 2645 667 2711 Sed
693 2647 760 2712 hoc
788 2648 891 2711 saciat
919 2646 947 2709 si
976 2647 1074 2722 velit,
1098 2667 1178 2712 nam
1207 2650 1242 2712 in
1273 2652 1378 2734 plena

250 2742 414 2808 libertate
437 2743 615 2826 cogitandi
642 2752 695 2806 est
724 2765 785 2826 pro
810 2742 937 2805 Divina
961 2742 1180 2807 Providentia
1199 2754 1236 2809 et
1254 2759 1377 2812 contra

249 2839 357 2915 illam,
377 2840 483 2902 immo
508 2859 568 2921 pro
593 2838 669 2902 Deo
693 2849 729 2903 et
754 2849 877 2902 contra
902 2837 1025 2917 liium;
1056 2849 1093 2902 at
1114 2841 1202 2904 sciat
1222 2844 1314 2923 quod
1333 2864 1376 2908 ne

249 2933 357 2997 hilum
383 2933 517 2998 consilii
540 2941 576 2997 et
600 2934 838 2999 meditationis
865 2935 910 2998 sit
938 2934 983 2996 ab
1006 2934 1102 3015 ipso;
1134 2935 1243 2999 influit
1273 2956 1377 3002 omne

249 3029 306 3092 vel
329 3050 350 3093 a
373 3029 471 3094 caelo
490 3029 545 3092 vel
568 3029 613 3092 ab
634 3029 777 3105 inferno,
798 3030 844 3093 ab
866 3031 998 3094 inferno
1025 3049 1072 3092 ex
1096 3031 1332 3111 permissione,
1356 3053 1377 3096 a

251 3125 349 3188 caelo
368 3145 414 3188 ex
434 3124 665 3188 Providentia.

314 3233 408 3303 ²³²·
433 3219 508 3303 (iv.)
536 3219 633 3298 Quod
646 3219 753 3283 cultor
766 3219 824 3283 sui
834 3231 867 3284 et
880 3219 987 3284 cultor
999 3228 1141 3282 naturae
1154 3239 1190 3282 se
1206 3219 1377 3303 confirmet

248 3325 366 3378 contra
382 3315 544 3378 Divinam
562 3314 830 3390 Providentiam,
848 3337 920 3378 cum
938 3314 1114 3378 secundnm
1130 3335 1226 3377 suam
1237 3325 1373 3396 percep·

251 3410 369 3474 tionem
391 3410 523 3491 cogitat,
548 3408 639 3491 quod
658 3409 818 3472 uz‘dioriae
840 3419 929 3472 stent
950 3431 972 3473 a
989 3419 1092 3490 parte
1107 3409 1319 3489 prudentiae,
1344 3422 1376 3474 et

251 3506 445 3587 quandoque
474 3526 537 3568 non
561 3525 583 3567 a
604 3514 709 3585 parte
724 3503 905 3586 justitiae:
939 3515 1009 3567 tum
1039 3504 1130 3586 quod
1156 3524 1218 3566 non
1244 3505 1378 3588 aliquid

247 3599 372 3680 saciat,
390 3600 461 3664 sive
472 3601 665 3682 praefandus
681 3599 729 3664 sit
737 3599 879 3680 probus
897 3599 968 3662 sive
982 3601 1030 3663 sit
1044 3599 1374 3682 improbus-Quod

250 3697 409 3760 videatur
425 3698 514 3762 sicut
529 3694 693 3761 victoriae
710 3705 806 3760 stent
825 3715 845 3758 a
864 3705 964 3777 parte
981 3695 1194 3778 prudentiae,
1211 3705 1247 3761 et
1265 3717 1373 3779 quan·

250 3791 364 3875 doque
388 3812 458 3855 non
487 3813 507 3855 a
537 3802 636 3874 parte
655 3791 822 3873 justitiae,
846 3801 901 3856 est
932 3793 1011 3874 quia
1040 3792 1145 3855 homo
1170 3790 1301 3873 judicat
1327 3813 1374 3855 ex

248 3889 466 3970 apparentia,
487 3908 526 3952 ac
549 3887 642 3952 iavet
664 3888 755 3970 parti
778 3888 834 3950 uni
855 3887 1051 3971 plusquam
1071 3887 1183 3962 alteri,
1204 3897 1240 3951 et
1262 3887 1296 3950 id
1320 3887 1374 3951 cui

247 3982 344 4048 favet
375 4004 437 4065 per
464 3984 647 4048 ratiocinia
679 3993 800 4066 potest
830 3982 1052 4061 confirmare;
1090 4003 1153 4046 nec
1183 3984 1248 4047 scit
1281 3984 1374 4066 quod

244 4079 383 4161 justitia
401 4101 525 4145 causae
545 4081 591 4145 sit
613 4081 647 4143 in
672 4080 770 4144 caelo
789 4078 987 4161 spiritualis,
1007 4089 1044 4142 et
1066 4078 1101 4142 in
1124 4079 1252 4142 mundo
1272 4091 1373 4142 natu·

249 4175 341 4250 ralis,
363 4186 399 4240 ut
422 4177 457 4240 in
480 4196 565 4240 mox
583 4176 872 4240 antecedentibus
892 4171 1020 4239 ditium
1039 4184 1105 4250 est,
1121 4184 1158 4238 et
1178 4175 1269 4258 quod
1290 4196 1373 4238 con-

244 4271 434 4353 jungantur
457 4293 517 4356 per
541 4291 669 4336 nexum
692 4291 805 4336 rerum
827 4272 1092 4354 praeteritarum
1109 4280 1145 4335 et
1164 4270 1263 4334 simul
1282 4271 1373 4335 sutu-

249 4389 372 4445 rarum,
397 4380 484 4453 quae
516 4370 579 4434 soli
611 4369 763 4434 Domino
793 4379 899 4434 notae
929 4378 1018 4432 sunt.
1065 4379 1123 4442 [2.]
1154 4366 1257 4449 Quod
1289 4368 1373 4431 nihil

245 4464 352 4530 saciat
372 4467 444 4530 sive
462 4463 655 4549 praenetus
674 4466 719 4530 sit
743 4465 869 4549 probus
892 4466 964 4528 sive
983 4465 1029 4528 sit
1047 4465 1234 4546 improbus,
1253 4473 1308 4527 est
1327 4486 1373 4528 ex

243 4561 372 4626 eadem
400 4583 515 4638 causa,
539 4582 627 4646 quae
657 4582 760 4645 supra
784 4559 833 4644 (n.
852 4559 929 4645 250)
955 4559 1160 4626 confirmata
1188 4569 1257 4636 est,
1279 4563 1372 4643 quod

248 4656 332 4720 mali
361 4677 470 4741 aeque
499 4677 539 4720 ac
570 4656 651 4721 boni
681 4677 761 4721 usus
787 4656 927 4733 iaciant,
951 4667 988 4722 et
1015 4655 1097 4721 mali
1125 4677 1172 4721 ex
1199 4675 1264 4721 suo
1290 4656 1372 4738 igne
