3358 5384
365 651 410 716 40
722 645 925 698 SAPIENTIA
948 646 1143 698 ANGELICA

427 833 530 883 1⁰⁰.
561 816 664 882 Calor
680 828 716 882 et
736 817 796 884 lux
816 837 904 900 quae
922 837 942 881 a
962 815 1111 883 Domino
1131 828 1168 882 ut
1188 815 1269 884 Sole
1285 819 1489 904 procedunt,

363 924 444 978 sunt
462 934 549 996 quae
569 933 628 995 per
647 914 871 978 eminentiam
889 925 1059 979 vocantur
1076 915 1253 998 spirituale
1263 937 1273 996 ;
1300 925 1337 980 et
1359 937 1489 983 vocan-

363 1019 418 1073 tur
441 993 617 1092 spirituale
640 1008 674 1072 in
697 1007 872 1090 singulari,
893 1009 971 1092 quia
990 1027 1094 1073 unum
1118 1020 1216 1074 sunt:
1248 1031 1353 1094 quare
1376 1013 1410 1076 in
1425 1033 1488 1096 ,se-

361 1103 546 1186 quentibus
558 1103 614 1167 ubi
630 1103 754 1166 dicitur
766 1103 954 1186 spirituale,
966 1103 1173 1187 intelligitur
1183 1116 1363 1189 utrumque
1375 1107 1486 1173 simul.

361 1197 420 1264 Ex
442 1198 503 1264 illo
521 1197 689 1282 spirituali
708 1207 774 1275 est,
794 1199 886 1281 quod
906 1207 1001 1262 totus
1020 1198 1077 1263 ille
1097 1200 1243 1264 mundus
1262 1201 1396 1266 dicatur
1418 1205 1487 1286 spi·

360 1293 512 1375 ritualis;
542 1293 661 1358 omnia
687 1292 778 1357 illius
806 1292 922 1356 mundi
953 1293 1102 1359 trahunt·
1117 1315 1178 1377 per
1200 1294 1285 1359 illud
1311 1297 1486 1378 spirituale

359 1408 456 1454 suam
480 1391 659 1472 originem,
683 1397 721 1453 et
748 1387 827 1451 inde
850 1408 984 1472 quoque
1009 1381 1337 1456 denominationem.
1384 1392 1487 1475 Quod

358 1485 417 1549 ille
435 1485 530 1550 calor
549 1494 585 1550 et
602 1485 662 1549 illa
681 1483 741 1549 lux
761 1484 918 1549 dicantur
936 1485 1123 1568 spirituale,
1140 1497 1196 1552 est
1215 1489 1294 1572 quia
1312 1489 1406 1554 Deus
1424 1511 1485 1554 vo·

358 1590 456 1645 catur
468 1579 625 1664 Spiritus,
639 1600 679 1645 ac
696 1579 790 1644 Deus
803 1590 841 1645 ut
858 1579 1004 1663 Spiritus
1017 1591 1071 1646 est
1087 1582 1122 1645 id
1139 1582 1344 1647 Procedens.
1392 1584 1485 1650 Deus

357 1696 403 1740 ex
418 1677 493 1760 ipsa
511 1696 573 1740 sua
590 1675 756 1742 Essentia
773 1685 919 1740 vocatur
935 1676 1115 1760 Jehovah;
1140 1678 1201 1742 sed
1221 1699 1281 1762 per
1299 1679 1384 1743 illud
1403 1681 1484 1746 Pro·

355 1771 485 1836 cedens
500 1769 652 1836 vivificat
668 1782 705 1836 et
720 1771 871 1836 illustrat
883 1771 1027 1855 angelos
1043 1772 1131 1836 caeli
1147 1785 1183 1837 et
1199 1774 1356 1840 homines
1372 1777 1484 1841 eccle-

355 1869 446 1931 siae:
471 1887 575 1950 quare
595 1867 699 1932 etiam
718 1866 903 1932 vivificatio
922 1879 959 1933 et
982 1868 1168 1933 illustratio
1188 1870 1312 1934 dicitur
1331 1871 1402 1935 fieri
1424 1892 1484 1956 per

357 1961 521 2045 Spiritum
538 1962 703 2046 Jehovae.

420 2072 517 2123 1⁰1.
547 2056 651 2141 Quod
670 2059 764 2123 calor
782 2069 818 2124 et
838 2059 909 2135 lux,
930 2059 996 2123 hoc
1016 2070 1081 2136 est,
1099 2060 1274 2142 spirituale
1291 2063 1482 2143 procedens

355 2174 376 2218 a
394 2153 546 2218 Domino
565 2164 602 2218 ut
622 2152 715 2231 Sole,
735 2173 839 2218 unum
857 2153 996 2231 faciant,
1016 2155 1180 2220 illustrari
1200 2167 1317 2239 potest
1340 2177 1402 2240 per
1424 2179 1481 2222 ca·

355 2248 463 2313 lorem
487 2259 523 2314 et
547 2250 669 2326 lucem,
690 2270 777 2334 quae
800 2250 991 2333 procedunt
1021 2271 1041 2315 a
1068 2250 1141 2315 sole
1165 2253 1281 2315 mundi
1305 2255 1480 2318 naturalis.

355 2345 421 2409 Illa
436 2345 504 2410 duo
521 2346 626 2410 etiam
643 2353 746 2408 unum
762 2345 892 2410 faciunt
911 2347 944 2408 in
961 2345 1122 2410 exeundo
1138 2366 1159 2411 a
1175 2347 1248 2411 sole
1264 2347 1334 2412 illo.
1380 2348 1481 2431 Quod

355 2462 424 2505 non
445 2460 548 2506 unum
567 2442 696 2507 faciant
719 2443 752 2506 in
777 2441 886 2519 terris,
907 2462 976 2505 non
995 2452 1048 2506 est
1079 2463 1124 2506 ex
1154 2442 1228 2507 sole
1250 2442 1405 2520 i110,sed
1435 2466 1480 2509 ex

356 2536 501 2603 tellure:
526 2537 612 2603 haec
628 2540 721 2603 enim
737 2538 881 2603 cottidie
896 2538 1045 2603 volvitur
1057 2538 1183 2603 circum
1195 2559 1310 2616 axem,
1324 2549 1360 2604 et
1380 2550 1481 2624 quot·

356 2635 455 2699 annis
478 2634 713 2702 circumfertur
730 2635 918 2701 secundum
936 2634 1153 2719 eclipticam;
1177 2635 1256 2699 inde
1280 2639 1482 2719 apparentia

353 2742 408 2796 est
427 2732 519 2815 quod
537 2730 633 2797 calor
650 2742 686 2797 et
705 2731 766 2797 lux
789 2751 860 2796 non
879 2751 983 2796 unum
1002 2732 1155 2810 laciant3
1180 2733 1292 2795 media
1311 2733 1402 2796 enim
1421 2752 1480 2795 ae-

353 2836 446 2891 state
465 2836 520 2891 est
539 2826 615 2910 plus
633 2827 756 2892 caloris
774 2847 877 2911 quam
896 2827 992 2904 lucis,
1012 2837 1047 2891 et
1067 2828 1180 2891 media
1198 2827 1310 2890 hieme
1330 2837 1383 2892 est
1402 2826 1479 2908 plus

354 2923 437 2987 lucis
461 2941 564 3006 quam
586 2922 720 2987 caloris.
764 2921 883 2988 Simile
905 2933 960 2987 est
990 2924 1024 2986 in
1047 2923 1176 2986 mundo
1199 2921 1385 3004 spirituali;
1416 2919 1478 2983 sed

354 3018 459 3083 tellus
483 3018 529 3082 ibi
552 3037 621 3081 non
645 3019 922 3083 circumvolvitur
945 3029 980 3082 et
1004 3017 1249 3091 circumfertur,
1274 3034 1392 3079 verum
1415 3035 1477 3078 an·

353 3114 422 3197 geli
439 3113 514 3197 plus
530 3124 567 3179 et
582 3115 693 3178 minus
708 3135 745 3178 se
762 3125 969 3180 convertunt
985 3115 1028 3178 ad
1046 3113 1230 3178 Dominum
1246 3134 1253 3190 ;
1277 3121 1313 3175 et
1330 3111 1386 3193 qui
1402 3110 1478 3193 plus

352 3229 390 3274 se
402 3220 610 3275 convertunt
623 3211 699 3292 plus
712 3231 757 3275 ex
770 3211 885 3276 calore
898 3222 933 3275 et
950 3213 1060 3275 minus
1077 3231 1123 3272 ex
1139 3209 1215 3273 luce
1230 3209 1399 3290 recipiunt
1412 3227 1419 3284 ;
1441 3215 1478 3270 et

352 3307 410 3390 qui
423 3308 534 3370 minus
547 3327 583 3371 se
596 3317 805 3372 convertunt
817 3309 861 3372 ad
875 3307 1071 3383 Dominum,
1084 3306 1159 3388 plus
1170 3325 1216 3367 ex
1230 3303 1305 3368 luce
1317 3313 1354 3367 et
1367 3305 1477 3367 minus

351 3423 397 3468 ex
420 3403 536 3467 calore
559 3404 738 3486 recipiunt.
785 3404 870 3468 Inde
889 3413 943 3468 est
966 3402 1057 3486 quod
1077 3400 1175 3474 caeli,
1194 3400 1252 3483 qui
1274 3421 1319 3463 ex
1343 3398 1477 3482 angelis

352 3508 443 3573 sunt,
465 3493 619 3563 distincti
644 3501 714 3563 sint
741 3499 773 3562 in
802 3499 870 3562 duo
897 3517 1014 3580 regna,
1035 3513 1177 3578 quorum
1202 3512 1306 3557 unum
1332 3503 1478 3557 vocatur

352 3593 515 3666 caeleste,
539 3594 686 3658 alterum
706 3593 900 3676 spirituale:
925 3591 1040 3674 angeli
1062 3590 1233 3654 caelestes
1256 3587 1332 3672 plus
1355 3591 1476 3672 recipi-

342 3697 414 3752 ·unt
433 3709 478 3753 ex
498 3687 623 3766 calore,
644 3698 680 3753 et
703 3688 819 3772 angeli
838 3687 1033 3771 spirituales
1052 3685 1128 3767 plus
1150 3705 1196 3748 ex
1220 3684 1305 3747 luce.
1347 3681 1476 3747 Secun-

350 3782 431 3846 dum
450 3785 686 3867 receptionem
702 3786 826 3850 caloris
844 3795 880 3849 et
901 3784 985 3848 lucis
1008 3784 1051 3847 ab
1069 3781 1136 3845 illis
1154 3789 1322 3863 apparent
1341 3799 1475 3861 quoque

351 3886 473 3956 terrae,
486 3899 588 3963 super
606 3881 725 3964 quibus
741 3882 910 3945 habitant.
957 3878 1112 3942 Plenaria
1134 3886 1187 3940 est
1203 3875 1474 3956 corresponden-

349 3974 409 4051 tia,
424 3975 528 4040 modo
544 3977 623 4042 loco
639 3986 753 4040 motus
767 3976 898 4040 telluris
912 3983 1065 4037 sumatur
1078 3972 1224 4036 mutatio
1237 3978 1349 4033 status
1366 3989 1474 4050 ange·

350 4068 470 4134 lorum.

411 4179 508 4232 1⁰2.
535 4165 638 4250 Quod
650 4169 755 4232 etiam
773 4168 887 4230 omnia
899 4165 1087 4248 spiritualia
1098 4162 1242 4226 oriunda
1254 4182 1314 4243 per
1324 4160 1475 4225 calorem

347 4271 384 4325 et
404 4261 515 4327 lucem
528 4265 578 4327 sui
598 4261 698 4339 Solis,
712 4265 746 4327 in
767 4285 802 4326 se
822 4259 981 4344 spedtata
998 4259 1155 4324 similiter
1168 4278 1271 4322 unum
1283 4257 1422 4331 iaciant,
1437 4265 1474 4320 at

348 4356 440 4439 quod
459 4357 518 4421 illa
537 4357 696 4441 speciata
714 4370 752 4424 ut
771 4357 995 4440 procedentia
1013 4376 1059 4419 ex
1078 4351 1311 4418 alledlionibus
1330 4351 1474 4434 angelo·

349 4471 422 4516 rum
442 4472 511 4518 non
528 4454 655 4519 faciant
673 4475 787 4528 unum,
804 4454 974 4517 videbitur
992 4453 1025 4514 in
1045 4449 1278 4533 sequentibus.
1324 4445 1474 4530 Quando

347 4547 442 4612 calor
458 4560 493 4614 et
513 4550 573 4614 lux
591 4570 693 4614 unum
710 4550 838 4613 iaciunt
856 4551 889 4613 in
909 4548 1023 4622 caelis,
1042 4557 1096 4611 est
1113 4548 1208 4628 quasi
1224 4563 1365 4607 vernum
1383 4541 1474 4623 apud

347 4648 511 4728 angelos:
547 4646 684 4729 quando
708 4657 824 4708 autem
849 4665 916 4709 non
941 4663 1043 4706 unum
1066 4643 1206 4717 iaciunt,
1227 4651 1280 4705 est
1304 4638 1361 4703 vel
1383 4638 1475 4702 sicut
