3434 5364
314 649 336 713 6
663 661 867 715 scurnum
890 661 1089 714 anonmca

313 843 351 900 et
366 835 400 899 in
420 855 523 919 opere
546 834 598 900 De
618 833 717 902 Caelo
735 845 767 899 et
788 834 927 918 Inferna
944 832 992 920 (n.
1011 833 1051 917 56
1065 844 1101 899 et
1119 832 1211 920 489).
1257 833 1336 900 Hoc
1352 833 1443 902 alla·

313 939 386 995 tum
405 940 468 1006 est,
487 932 566 1014 quia
582 941 636 995 est
655 929 852 1015 Sapientiae
869 929 1076 1013 Angelicae.

376 1039 418 1108 5.
450 1023 525 1110 (iii).
560 1025 658 1106 Quod
685 1026 745 1090 hoc
774 1046 875 1090 unum
905 1026 953 1090 sit
983 1026 1018 1089 in
1048 1023 1197 1109 quadam
1225 1024 1378 1109 imagine
1404 1025 1445 1090 in

312 1120 406 1184 omni
430 1119 699 1204 creata-Quod
724 1121 869 1185 Divinus
893 1120 1005 1186 Amor
1027 1130 1064 1198 et
1094 1120 1221 1185 Divina
1250 1118 1439 1204 Sapientia,

312 1236 401 1299 quae
428 1217 461 1280 in
487 1216 638 1281 Domino
666 1236 770 1280 unum
795 1225 887 1294 sunt,
913 1236 952 1281 ac
983 1226 1021 1281 ut
1051 1235 1156 1281 unum
1179 1216 1373 1300 procedunt
1396 1216 1445 1282 ab

314 1311 405 1394 Ipso,
430 1313 498 1376 sint
526 1313 560 1375 in
591 1313 739 1396 quadam
767 1312 918 1395 imagine
946 1312 981 1376 in
1004 1313 1099 1376 omni
1122 1322 1254 1389 creato,
1278 1322 1442 1379 constare

313 1418 432 1491 potest
456 1429 502 1471 ex
524 1408 592 1472 illis
615 1429 703 1492 quae
726 1409 760 1472 in
784 1405 1020 1473 transadtione
1042 1407 1093 1472 De
1114 1407 1242 1473 Divirw
1263 1407 1389 1472 Amore
1409 1415 1444 1474 et

312 1503 441 1568 Divina
469 1503 645 1586 Sapientia
672 1506 800 1588 passim
824 1504 1066 1568 demonstrata
1092 1516 1183 1580 sunt,
1211 1514 1248 1568 et
1275 1504 1444 1586 imprimis

313 1620 359 1662 ex
382 1599 451 1663 illis
474 1620 561 1683 quae
586 1600 632 1664 ibi
656 1621 687 1664 n.
710 1615 828 1682 47-51,
857 1620 889 1665 n.
921 1597 1063 1682 ¹¹¹55-60,
1093 1601 1251 1679 282-284,
1280 1613 1442 1681 290-295,

313 1693 498 1776 ¹¹¹313-318,
527 1696 684 1778 319-326,
711 1692 908 1778 34ol³¹3573
936 1697 970 1759 in
1001 1697 1122 1778 quibus
1149 1694 1234 1760 locis
1260 1704 1442 1759 ostensum

312 1801 379 1868 est,
399 1791 491 1875 quod
511 1790 739 1886 Divinumsit
759 1793 792 1855 in
812 1793 906 1856 omni
925 1802 1056 1866 creato,
1073 1793 1152 1874 quia
1171 1790 1266 1855 Deus
1282 1789 1444 1868 Creator,

313 1887 370 1970 qui
389 1897 443 1951 est
463 1886 631 1951 Dominus
651 1888 695 1951 ab
714 1898 868 1962 aeterno,
886 1909 907 1952 a
925 1886 970 1952 Se
990 1887 1071 1970 Ipso
1090 1887 1303 1970 produxerat
1324 1883 1444 1952 Solem

314 1983 431 2046 mundi
448 1983 645 2064 spiritualis,
660 1993 695 2046 et
713 1982 884 2066 perillum
902 1981 1019 2047 Solem
1033 1984 1149 2046 omnia
1161 1983 1310 2046 universi
1324 2003 1334 2060 ;
1357 2001 1444 2046 con·

313 2087 495 2162 sequenter
511 2079 603 2162 quod
622 2077 680 2142 ille
697 2076 756 2142 Sol
776 2080 832 2161 qui
848 2099 869 2142 a
889 2077 1040 2142 Domino
1059 2088 1095 2141 et
1111 2077 1168 2141 ubi
1186 2087 1240 2141 est
1260 2076 1444 2154 Dominus,

312 2176 358 2238 sit
385 2194 453 2237 non
476 2174 581 2238 modo
608 2174 717 2258 prima
741 2175 950 2249 substantia,
976 2173 1037 2236 sed
1056 2175 1163 2236 etiam
1183 2173 1282 2236 unica
1307 2193 1353 2236 ex
1376 2191 1444 2255 qua

313 2271 449 2348 omnia;
473 2279 508 2334 et
526 2270 603 2353 quia
619 2279 672 2333 est
689 2270 789 2333 unica
805 2268 1012 2342 substantia,
1027 2269 1180 2351 sequitur
1191 2268 1285 2351 quod
1297 2269 1332 2332 in
1348 2267 1445 2333 omni

314 2377 434 2431 creato
454 2365 498 2430 sit
521 2364 590 2440 illa,
612 2365 673 2429 sed
693 2385 771 2429 cum
795 2364 929 2430 infinita
947 2364 1119 2428 varietate
1142 2364 1330 2427 secundum
1350 2383 1444 2428 usus.

315 2469 374 2537 [2.[
396 2461 494 2525 Nunc
511 2462 589 2545 quia
605 2461 638 2524 in
657 2459 808 2524 Domino
824 2471 878 2524 est
895 2459 1038 2524 Divinus
1055 2458 1167 2523 Amor
1183 2469 1219 2522 et
1236 2457 1362 2524 Divina
1378 2457 1443 2524 Sa·

314 2557 454 2638 pientia,
472 2568 508 2621 et
526 2558 560 2620 in
579 2555 660 2621 Sole
680 2557 723 2622 ab
740 2557 822 2638 Ipso
839 2556 983 2621 Divinus
1000 2557 1090 2639 ignis
1104 2566 1140 2620 et
1161 2555 1304 2618 Divinus
1322 2553 1443 2638 splen·

313 2653 388 2728 dor,
405 2662 442 2716 et
465 2673 485 2714 a
504 2649 584 2716 Sole
609 2654 795 2735 spiritualis
812 2653 907 2718 calor
930 2664 966 2718 et
990 2651 1178 2735 spiritualis
1202 2650 1275 2726 lux,
1294 2661 1331 2715 et
1354 2650 1443 2716 haec

314 2748 383 2812 duo
410 2767 514 2810 unum
537 2746 678 2824 faciunt,
701 2750 855 2831 sequitur
881 2749 973 2833 quod
1001 2749 1068 2814 hoc
1096 2766 1199 2814 unum
1227 2747 1262 2811 in
1290 2748 1442 2830 quadam

312 2842 464 2924 imagine
483 2843 517 2905 in
536 2844 629 2906 omni
653 2853 772 2907 creato
792 2845 846 2907 sit.
892 2843 978 2907 Inde
1002 2853 1067 2918 est,
1088 2843 1180 2927 quod
1204 2843 1330 2918 omnia,
1354 2862 1443 2925 quae

312 2938 346 3004 in
364 2939 524 3002 universo
539 2948 631 3012 sunt,
649 2959 686 3003 se
702 2937 851 3002 referant
868 2939 912 3002 ad
929 2939 1057 3002 bonum
1073 2948 1110 3002 et
1126 2956 1256 3012 verum,
1274 2939 1380 3002 immo
1396 2937 1441 3002 ad

313 3030 590 3115 conjundlionem
614 3034 771 3110 illorum;
804 3053 864 3097 seu
887 3034 979 3116 quod
1002 3033 1094 3097 idem
1117 3043 1184 3107 est,
1209 3033 1301 3115 quod
1325 3033 1443 3097 omnia

311 3131 348 3197 in
372 3131 531 3194 universo
554 3150 591 3193 se
615 3129 763 3193 referant
787 3129 830 3192 ad
857 3147 1011 3193 amorem
1034 3139 1071 3193 et
1094 3128 1311 3210 sapientiam,
1336 3137 1372 3191 et
1395 3126 1441 3191 ad

312 3223 590 3310 conjunttionem
614 3225 760 3300 illorum,
782 3244 860 3288 nam
884 3225 1012 3288 bonum
1036 3234 1089 3289 est
1113 3224 1239 3287 amoris
1262 3231 1298 3286 et
1321 3241 1439 3285 verum

312 3333 368 3390 est
393 3322 596 3405 sapientiae,
621 3340 718 3385 amor
742 3322 834 3383 enim
862 3339 964 3385 omne
991 3339 1087 3383 suum
1115 3327 1218 3383 vocat
1242 3317 1381 3392 bonum,
1403 3325 1441 3381 et

313 3419 484 3501 sapientia
511 3436 614 3481 omne
644 3436 743 3480 suum
768 3424 872 3479 vocat
898 3434 1027 3479 verum.
1073 3412 1176 3496 Quod
1203 3412 1325 3477 horum
1355 3431 1440 3476 con·

308 3512 440 3600 jundtio
459 3514 504 3578 sit
520 3515 554 3577 in
574 3515 667 3576 omni
685 3521 816 3586 creato,
836 3512 1008 3576 videbitur
1024 3512 1058 3574 in
1077 3510 1311 3594 sequentibus.

377 3611 422 3676 6·
452 3608 488 3673 A
517 3609 636 3673 multis
663 3610 873 3691 agnoscitur,
902 3608 993 3691 quod
1026 3609 1126 3672 unica
1155 3605 1353 3671 substantia
1382 3604 1441 3682 sit,

312 3726 401 3791 quae
421 3705 527 3769 etiam
546 3705 665 3786 prima,
683 3726 701 3767 e
718 3725 785 3786 qua
808 3713 887 3767 sunt
909 3704 1045 3780 omnia;
1069 3702 1132 3767 sed
1152 3702 1262 3786 qualis
1281 3701 1341 3765 illa
1359 3701 1440 3766 sub·
1519 3758 1525 3768 .

312 3802 445 3865 stantia
460 3809 528 3874 est,
546 3819 615 3864 non
639 3801 757 3863 scitur.
802 3797 964 3864 Creditur
986 3799 1077 3881 quod
1098 3799 1143 3863 sit
1162 3799 1212 3862 ita
1231 3796 1379 3881 simplex
1404 3805 1441 3860 ut

313 3895 399 3962 nihil
429 3896 627 3979 simplicius,
654 3905 691 3960 et
720 3894 812 3979 quod
843 3894 1023 3959 assimilari
1053 3895 1163 3978 possit
1194 3890 1323 3978 pundto
1349 3890 1441 3975 quod

313 3992 440 4057 nullius
456 3992 679 4056 dimensionis
696 4000 761 4066 est,
778 3999 814 4054 et
832 3991 924 4074 quod
943 4011 989 4054 ex
1009 3988 1149 4053 infinitis
1168 3988 1295 4053 talibus
1311 3987 1441 4052 formae

313 4082 537 4153 dimensionis
557 4087 766 4151 exstiterint.
812 4083 881 4151 Sed
900 4085 967 4149 hoc
986 4091 1041 4149 est
1064 4083 1212 4160 fallacia,
1233 4084 1377 4148 oriunda
1395 4104 1442 4148 ex

311 4183 391 4248 idea
406 4183 507 4264 spatii
522 4203 530 4260 ;
554 4203 599 4244 ex
619 4181 684 4246 hac
701 4182 792 4246 enim
807 4181 886 4245 idea
904 4188 1048 4263 apparet
1067 4179 1243 4243 minimum
1263 4178 1355 4242 tale:
1379 4175 1441 4241 sed

314 4298 421 4362 usque
444 4279 573 4343 veritas
599 4287 664 4352 est,
689 4276 781 4360 quod
807 4296 875 4359 quo
898 4273 1024 4358 aliquid
1053 4273 1241 4357 simplicius
1266 4283 1302 4338 et
1327 4272 1442 4355 purius

313 4383 379 4450 est,
400 4394 442 4437 eo
465 4373 541 4455 plus
561 4383 597 4438 et
620 4373 755 4455 plenius
778 4371 844 4450 sit;
868 4391 957 4454 quae
979 4389 1085 4435 causa
1102 4376 1169 4445 est,
1186 4369 1279 4454 quod
1302 4389 1371 4452 quo
1389 4368 1441 4432 in·

314 4469 421 4532 terius
447 4468 586 4552 aliquod
618 4465 790 4550 objedtum
821 4463 1008 4550 spectatur,
1034 4464 1117 4529 inibi
1147 4485 1190 4531 eo
1220 4463 1441 4540 mirabiliora,

314 4562 517 4646 perfedtiora
546 4572 582 4628 et
611 4563 815 4627 formosiora
848 4563 1127 4643 conspiciantur;
1163 4569 1198 4624 et
1220 4558 1312 4642 quod
1336 4559 1383 4624 sic
1407 4559 1442 4622 in

313 4659 511 4723 substantia
541 4661 649 4736 prima
672 4659 823 4723 omnium
848 4656 1112 4733 mirabilissima,
1136 4652 1385 4737 perfectissima
1407 4662 1444 4719 et
