3424 5368
334 719 351 754 „
667 673 873 726 sumnum
895 671 1094 726 munuca
1386 682 1445 748 ¹44

312 855 431 930 scitur,
448 849 619 938 perillam
636 849 728 914 enim
746 847 813 913 hoc
829 847 1029 912 subducitur
1043 847 1152 912 visui:
1174 855 1214 914 at
1228 848 1322 933 quod
1338 871 1444 937 usque

311 957 521 1034 agnoscant,
541 954 704 1012 constare
722 954 843 1026 potest
862 965 909 1007 ex
927 943 1060 1026 origine
1077 953 1114 1007 et
1133 963 1238 1008 caum
1255 947 1444 1028 agnitionis

311 1047 470 1124 illarum;
497 1063 586 1128 quae
604 1051 644 1106 ut
662 1041 860 1123 detegatur,
877 1040 1023 1114 dicetur,
1044 1039 1135 1104 unde
1152 1049 1190 1105 et
1207 1041 1288 1125 quid
1307 1045 1442 1128 propria

311 1141 516 1224 prudentia;
540 1137 668 1204 deinde
687 1137 831 1201 undeet
848 1136 931 1220 quid
953 1135 1079 1200 Divina
1094 1135 1340 1219 Providentia;
1362 1159 1441 1223 ρος,

312 1248 381 1314 tea,
397 1238 537 1322 quinam
557 1245 594 1301 et
612 1233 733 1320 quales
751 1233 786 1296 bi
804 1241 842 1297 et
860 1232 911 1296 illi
926 1241 1028 1312 sunt;
1051 1242 1089 1297 et
1107 1233 1258 1310 demum,
1273 1236 1368 1320 quod
1385 1238 1442 1321 qui

312 1332 474 1398 Divinam
505 1331 759 1396 Providentiam
790 1339 998 1412 agnoscunt,
1026 1329 1061 1393 in
1088 1329 1189 1395 caelo
1214 1332 1296 1406 sint,
1324 1334 1441 1416 etqui

311 1431 484 1514 propriam
500 1427 717 1510 prudentiam
737 1427 771 1489 in
788 1425 931 1488 inferno.

375 1523 479 1588 2⁰6·
506 1521 600 1588 Unde
609 1531 642 1585 et
656 1521 894 1604 quidpropria
903 1519 1213 1602 prudentia-Est
1228 1521 1289 1586 illa
1300 1544 1347 1588 ex
1362 1545 1440 1610 pro·

310 1621 386 1704 prio
405 1619 564 1696 hominis,
583 1617 676 1702 quod
696 1627 751 1682 est
771 1628 894 1680 natura
912 1616 995 1698 ejus,
1015 1627 1053 1682 et
1071 1629 1215 1683 vocatur
1236 1621 1352 1684 anima
1371 1621 1440 1704 ejus

310 1737 357 1780 ex
387 1723 543 1800 parente.
593 1713 633 1778 Id
664 1714 839 1797 proprium
873 1724 928 1776 est
958 1733 1056 1777 amor
1085 1715 1136 1778 sui
1168 1724 1206 1779 et
1235 1715 1316 1780 inde
1345 1737 1440 1780 amor

310 1811 440 1888 mundi,
459 1821 520 1874 aut
538 1830 635 1874 amor
652 1809 769 1873 mundi
787 1821 824 1873 et
843 1809 924 1873 inde
946 1829 1044 1873 amor
1061 1811 1123 1873 sui.
1167 1810 1279 1875 Amor
1296 1815 1348 1876 sui
1363 1813 1440 1876 talis

310 1921 375 1985 est,
401 1917 438 1974 ut
461 1927 499 1971 se
522 1907 634 1971 solum
653 1903 797 1990 spectet,
822 1917 858 1969 et
882 1905 968 1968 alios
984 1905 1040 1969 vel
1063 1907 1153 1970 sicut
1168 1905 1255 1971 viles
1273 1908 1329 1971 vel
1351 1912 1440 1974 sicut

310 2004 429 2084 nihili;
453 2005 482 2068 si
501 2003 671 2088 quosdam
689 2015 725 2065 ut
744 2001 884 2086 aliquid,
902 2011 958 2065 est
973 2002 1137 2085 quamdiu
1155 2001 1251 2066 illum
1267 2003 1439 2072 honorant

309 2112 346 2168 et
376 2101 507 2166 colunt.
554 2100 681 2165 Intime
708 2101 742 2163 in
769 2097 830 2161 illo
856 2116 986 2172 amore,
1015 2100 1104 2161 sicut
1131 2113 1280 2162 conatus
1301 2097 1438 2164 fructifi-

309 2198 412 2264 candi
430 2207 467 2262 et
486 2194 699 2280 prolificandi
717 2196 751 2258 in
770 2197 913 2270 semine,
932 2193 1022 2258 latet
1040 2195 1132 2277 quod
1152 2195 1236 2260 velit
1255 2193 1326 2260 fieri
1341 2215 1438 2279 mag·

309 2316 383 2370 nas,
412 2295 499 2359 etsi
524 2304 655 2376 potest,
681 2291 751 2356 fieri
775 2313 849 2366 rex,
873 2302 911 2355 et
936 2291 966 2352 si
989 2301 1072 2354 tunc
1097 2301 1227 2372 potest,
1251 2289 1322 2355 fien'
1345 2293 1459 2358 deus·

309 2389 406 2454 Talis
421 2399 477 2455 est
493 2387 662 2464 diabolus
680 2390 758 2472 quia
775 2387 832 2450 ille
848 2397 904 2452 est
920 2387 993 2470 ipse
1009 2405 1105 2450 amor
1120 2387 1191 2464 sui;
1214 2387 1269 2451 bic
1289 2387 1369 2451 talis
1385 2399 1438 2453 est

309 2496 347 2552 ut
377 2507 414 2551 se
441 2487 552 2568 ipsum
575 2485 710 2560 adoret,
735 2494 770 2547 et
795 2504 863 2547 non
886 2482 988 2548 alicui
1014 2481 1138 2557 faveat,
1159 2483 1224 2546 nisi
1249 2485 1306 2566 qui
1333 2487 1437 2549 etiam

307 2582 404 2648 illum
435 2581 582 2659 adorat;
614 2579 719 2644 alium
749 2578 922 2642 diabolum
949 2579 1013 2642 sibi
1039 2577 1186 2642 similem
1214 2579 1294 2642 odio
1320 2580 1436 2658 habet,

308 2679 386 2762 quia
405 2677 480 2742 vult
500 2676 595 2740 sotus
613 2677 759 2740 adorari.
805 2673 978 2756 Quoniam
998 2695 1067 2738 non
1087 2674 1161 2738 dari
1180 2685 1298 2757 potest
1317 2676 1438 2759 aliquis

308 2792 405 2837 amor
427 2773 558 2856 absque
582 2793 643 2835 sua
666 2782 840 2844 consorte,
864 2782 901 2835 et
924 2789 1066 2834 consors
1090 2772 1217 2834 amoris
1236 2793 1296 2836 seu
1316 2773 1436 2836 volun·

307 2871 392 2935 tatis
419 2871 452 2932 in
481 2868 620 2931 homine
643 2877 788 2930 vocatur
810 2863 1020 2942 intellectus,
1044 2884 1123 2929 cum
1142 2886 1239 2930 amor
1261 2870 1311 2931 sui
1335 2867 1436 2932 intel-

307 2962 411 3030 lectui
442 2963 596 3028 consorti
627 2984 710 3028 suae
740 2963 883 3044 inspirat
914 2981 1012 3026 suum
1042 2981 1208 3036 amorem,
1236 2961 1274 3026 frt
1304 2964 1363 3028 ille
1392 2965 1436 3028 ibi

306 3059 426 3136 fastus,
445 3061 501 3144 qui
518 3070 573 3124 est
590 3059 698 3123 fastus
719 3061 874 3140 propriae
889 3059 1164 3141 intelligentiae;
1188 3058 1269 3124 inde
1284 3071 1340 3123 est
1358 3080 1435 3141 pro·

306 3159 379 3240 pria
395 3156 588 3240 prudentia.
635 3167 692 3228 [2.]
724 3153 823 3218 Nunc
840 3155 920 3238 quia
934 3173 1031 3219 amor
1047 3155 1097 3218 sui
1114 3153 1190 3218 vult
1205 3155 1300 3218 solus
1317 3155 1435 3220 Domi·

307 3273 371 3317 nus
397 3255 514 3318 mundi
544 3273 633 3327 esse,
662 3253 711 3316 ita
738 3271 874 3334 quoque
901 3250 996 3326 deus,
1022 3251 1103 3314 ideo
1131 3252 1436 3332 concupiscentiae

306 3349 398 3426 mali,
419 3371 506 3434 quae
529 3360 609 3412 sunt
633 3347 866 3411 derivationes
888 3346 971 3428 ejus,
991 3348 1025 3410 in
1049 3367 1086 3412 se
1109 3344 1241 3410 habent
1259 3349 1367 3412 vitam
1389 3369 1434 3412 ex

305 3445 388 3523 illo;
413 3445 571 3510 similiter
594 3445 838 3526 perceptiones
861 3442 1232 3524 concupiscentiarum,
1252 3463 1339 3526 quae
1355 3455 1434 3507 sunt

305 3543 456 3607 astutiae
471 3563 478 3619 ;
504 3539 663 3605 similiter
681 3541 788 3604 etiam
805 3539 1164 3622 concupiscentiarum
1180 3538 1330 3621 jucunda
1348 3561 1434 3622 quae

306 3648 386 3701 sunt
405 3636 507 3712 mala,
521 3646 556 3700 et
573 3635 708 3700 illorum
725 3636 957 3718 cogitationes
974 3646 1157 3718 quaesunt
1174 3631 1268 3699 falsa.
1310 3633 1434 3699 Omnia

305 3741 385 3796 sunt
404 3733 492 3796 sicut
512 3730 656 3794 serviet
676 3731 822 3794 ministri
841 3731 892 3794 sui
916 3731 1057 3804 domini,
1077 3739 1112 3794 et
1134 3729 1178 3793 ad
1201 3749 1340 3794 ornnem
1364 3729 1433 3812 ejus

306 3838 427 3891 nutum
446 3834 566 3908 agunt,
588 3825 783 3889 nescientes
802 3825 893 3909 quod
913 3846 981 3889 non
998 3835 1117 3907 agant,
1136 3825 1198 3889 sed
1218 3826 1309 3907 quod
1325 3845 1431 3908 agan·

305 3932 379 4000 tur;
412 3930 561 4004 aguntur
587 3920 632 3984 ab
658 3939 774 3984 amore
802 3921 853 3984 sui
879 3940 940 4003 per
967 3919 1094 3985 fastum
1121 3922 1278 4004 propriae
1305 3920 1432 3984 intelli·

304 4019 456 4099 gentiae.
504 4017 589 4080 Inde
619 4025 684 4090 est,
716 4015 807 4098 quod
837 4017 871 4080 in
901 4016 995 4080 omni
1026 4015 1119 4081 malo
1144 4036 1190 4082 ex
1219 4017 1350 4098 origine
1373 4035 1433 4078 sua

304 4111 415 4179 lateat
434 4115 570 4196 propria
590 4112 782 4195 prudentia.
828 4125 886 4188 [3.]
920 4110 1022 4193 Quod
1045 4113 1152 4177 etiam
1172 4111 1282 4177 lateat
1301 4113 1434 4194 agnitio

303 4209 410 4274 solius
437 4219 593 4284 naturae,
621 4216 675 4272 est
700 4209 779 4291 quia
801 4207 948 4272 occlusit
972 4207 1159 4274 fenestram
1182 4205 1266 4273 tecti
1288 4209 1350 4283 sui,
1374 4228 1433 4291 per

303 4323 406 4388 quam
422 4314 521 4388 patet
538 4302 683 4379 caelum,
698 4313 734 4367 et
750 4323 885 4386 quoque
901 4302 1069 4367 fenestras
1088 4302 1246 4380 laterum,
1261 4324 1303 4367 ne
1316 4304 1433 4367 videat

304 4409 341 4464 et
358 4401 478 4465 audiat
500 4400 592 4484 quod
616 4397 712 4463 solus
734 4397 904 4466 Dominus
927 4409 1026 4481 regat
1050 4399 1176 4475 omnia,
1196 4411 1234 4464 et
1257 4400 1347 4483 quod
1371 4419 1432 4462 na·

303 4503 381 4559 tura
396 4495 430 4559 in
449 4515 487 4560 se
506 4504 644 4560 mortua
661 4493 718 4571 sit,
739 4501 776 4558 et
794 4493 887 4577 quod
907 4494 1080 4577 proprium
1099 4494 1249 4558 hominis
1268 4495 1313 4558 sit
1333 4494 1431 4558 infer·

304 4609 396 4666 num,
416 4599 454 4655 et
482 4589 562 4654 inde
592 4609 689 4655 amor
719 4589 846 4672 proprii
879 4589 1057 4669 diabolus;
1092 4599 1128 4653 et
1157 4599 1240 4654 tunc
1274 4590 1432 4654 fenestris

303 4684 429 4751 clausis
447 4686 504 4750 ille
524 4697 578 4752 est
596 4687 630 4750 in
649 4686 812 4762 tenebris,
830 4696 865 4750 et
882 4686 928 4750 ibi
946 4686 1027 4750 facit
1044 4685 1107 4752 sibi
1124 4686 1249 4766 focum,
1268 4687 1312 4750 ad
1331 4703 1431 4765 quem
