3418 5370
318 641 384 720 264
675 647 880 702 sumnum
902 646 1101 700 suosmet

319 822 542 899 confirmatis,
567 823 627 886 sed
653 822 721 890 hoc
748 831 802 887 est
829 821 964 886 falsum.
1010 820 1049 884 In
1077 818 1143 885 illis
1166 841 1254 906 quae
1279 817 1391 884 civilia
1414 827 1450 884 et

320 921 544 986 oeconomica
567 921 665 1002 regni
688 929 725 982 et
756 917 967 999 reipublicae
991 926 1083 991 sunt,
1108 937 1177 980 non
1200 917 1309 980 videri
1332 925 1451 998 potest

321 1015 405 1079 utile
425 1025 461 1078 et
481 1016 620 1088 bonurn,
639 1015 702 1076 nisi
723 1014 876 1076 sciantur
898 1013 995 1095 plura
1014 1021 1148 1075 statuta
1170 1022 1207 1075 et
1230 1011 1363 1076 sancita
1384 1011 1451 1090 ibi;

320 1101 423 1195 inque
439 1112 540 1174 rebus
554 1110 670 1192 judicii
687 1111 750 1173 nisi
766 1112 919 1172 sciantur
936 1108 1052 1190 leges3
1076 1109 1178 1191 inque
1194 1109 1295 1171 rebus
1312 1116 1450 1175 natura·

320 1206 421 1281 libus,
442 1217 480 1270 ut
505 1208 538 1269 in
563 1206 725 1287 physicis,
746 1205 923 1286 chymicis,
944 1205 1159 1278 anatomicis,
1180 1203 1390 1267 mechanicis
1413 1211 1450 1266 et

321 1303 408 1376 aliis,
430 1303 495 1365 nisi
515 1302 620 1365 homo
636 1301 791 1364 imbutus
810 1301 854 1364 sit
876 1302 1040 1364 scientiis.
1086 1298 1154 1364 Sed
1179 1300 1213 1363 in
1236 1301 1328 1383 puris
1346 1299 1450 1362 ratio·

322 1399 470 1472 nalibuS,
489 1396 676 1460 moralibus
692 1408 728 1460 et
752 1397 996 1478 spiritualibus,
1015 1407 1184 1477 apparent
1204 1417 1286 1459 vera
1308 1417 1353 1459 ex
1377 1397 1452 1478 ipsa

322 1495 399 1558 luce
423 1513 550 1563 eorum,
572 1493 677 1554 modo
700 1492 806 1556 homo
829 1513 876 1555 ex
896 1491 989 1574 justa
1008 1493 1216 1556 educatione
1235 1492 1450 1574 aliquantum

321 1589 513 1662 rationalis,
539 1588 690 1662 moralis,
715 1597 752 1652 et
782 1587 969 1670 spiritualis
992 1585 1100 1651 salitus
1129 1596 1195 1651 est.
1241 1586 1354 1651 Causa
1383 1597 1449 1660 est,

321 1687 402 1770 quia
426 1684 658 1766 unusquisque
677 1682 783 1746 homo
801 1684 914 1766 quoad
933 1683 1088 1766 spiritum
1107 1701 1216 1756 suum,
1237 1684 1294 1765 qui
1317 1693 1371 1746 est
1394 1682 1451 1764 qui

321 1783 469 1863 cogitat,
484 1790 539 1843 est
554 1781 589 1842 in
607 1780 736 1842 mundo
749 1779 926 1861 spirituali,
940 1799 980 1842 ac
999 1798 1083 1842 unus
1100 1780 1191 1842 inter
1205 1777 1284 1842 illos
1299 1778 1356 1852 ibi,
1370 1798 1449 1860 pro·

321 1877 400 1939 inde
419 1878 453 1938 in
473 1876 549 1939 luce
569 1872 747 1958 spirituali,
764 1895 853 1957 quae
869 1875 1034 1939 interiora
1049 1871 1247 1938 intellectus
1264 1873 1335 1955 ejus
1353 1873 1450 1936 illus·

324 1981 408 2047 trat,
428 1980 465 2035 et
485 1971 583 2053 quasi
602 1967 722 2034 dictat.
768 1969 859 2032 Nam
878 1969 939 2033 lux
959 1968 1146 2053 spiritualis
1168 1969 1203 2033 in
1218 1989 1280 2032 sua
1297 1970 1452 2033 essentia

275 2111 282 2123 .
321 2077 378 2131 est
409 2066 572 2129 Divinum
604 2065 734 2129 Verum
765 2064 912 2130 Divinae
942 2064 1142 2149 Sapientiae
1168 2064 1319 2129 Domini.
1365 2064 1451 2128 lnde

320 2173 376 2227 est
396 2162 487 2245 quod
506 2162 612 2226 homo
627 2162 738 2243 possit
757 2161 931 2242 analytice
947 2163 1113 2244 cogitare,
1129 2161 1173 2225 de
1187 2159 1283 2244 justo
1300 2170 1337 2225 et
1354 2157 1451 2225 rtho

321 2257 356 2322 in
372 2257 507 2339 judiciis
526 2255 745 2332 concludere,
765 2276 805 2320 ac
824 2257 1011 2321 honestum
1034 2259 1067 2321 in
1087 2257 1209 2322 morali
1226 2257 1309 2334 vita,
1327 2267 1364 2322 et
1387 2256 1450 2320 bo·

321 2373 402 2417 num
422 2355 456 2416 in
472 2351 649 2436 spirituali,
665 2353 783 2417 videre
798 2374 806 2430 ;
837 2363 874 2417 et
890 2373 1025 2436 quoque
1040 2353 1151 2418 multa
1164 2373 1257 2428 vera,
1273 2373 1361 2436 quae
1379 2371 1450 2417 non

321 2451 359 2515 in
383 2451 547 2515 tenebras
567 2448 696 2513 cadunt
720 2449 785 2512 nisi
807 2467 911 2531 quam
934 2470 980 2513 ex
1003 2448 1217 2514 confirmatis
1234 2449 1339 2514 salsis.
1384 2447 1451 2512 Illa

321 2549 418 2612 videt
438 2547 544 2610 homo
563 2547 800 2628 comparative
823 2548 884 2610 vix
906 2545 1009 2612 aliter
1027 2565 1130 2630 quarn
1149 2548 1238 2611 sicut
1257 2547 1353 2611 videt
1375 2547 1449 2610 ani·

321 2664 415 2709 mum
434 2643 576 2708 alterius
595 2663 641 2706 ex
659 2641 747 2706 facie
766 2641 848 2724 ejus,
868 2662 909 2707 ac
932 2643 1078 2725 percipit
1096 2639 1294 2707 affectiones
1313 2641 1384 2724 ejus
1403 2662 1449 2705 ex

320 2760 408 2804 sono
427 2736 585 2821 loquelae
610 2736 693 2819 ejus,
710 2737 841 2821 absque
863 2738 932 2801 alia
953 2739 1097 2803 scientia
1115 2757 1218 2821 quam
1236 2758 1324 2820 quae
1343 2737 1450 2800 cuivis

320 2836 426 2898 insita
444 2843 509 2896 est.
556 2832 623 2896 Cur
643 2852 712 2897 non
727 2834 833 2899 homo
851 2854 934 2898 suae
953 2835 1047 2897 vitae
1065 2833 1238 2908 interiora,
1258 2853 1345 2916 quae
1367 2843 1449 2900 sunt

320 2929 513 3013 spiritualia
535 2937 571 2992 et
593 2929 739 2992 moralia
756 2929 974 3012 aliquatenus
992 2950 1038 2993 ex
1057 2927 1187 2992 influxu
1205 2928 1350 3004 videret,
1371 2949 1448 2993 cum

321 3025 453 3090 nullum
483 3023 611 3086 animal
640 3033 707 3099 est,
731 3025 825 3108 quod
848 3045 918 3089 non
947 3025 1014 3088 scit
1043 3045 1104 3089 sua
1127 3025 1332 3100 necessaria,
1361 3045 1449 3107 quae

320 3132 402 3186 sunt
431 3119 604 3183 naturalia
630 3140 676 3183 ex
704 3119 857 3183 influxu?
911 3119 1000 3184 Avis
1023 3121 1089 3185 scit
1113 3120 1212 3184 nidos
1234 3120 1357 3196 facere,
1381 3140 1448 3185 ova

319 3237 460 3300 ponere,
485 3216 598 3300 pullos
628 3216 825 3291 excludere,
853 3225 890 3280 et
921 3217 1017 3281 novit
1048 3237 1127 3281 suas
1157 3236 1280 3297 escas;
1313 3228 1449 3300 praeter

320 3314 490 3377 mirabilia
508 3312 586 3384 alia,
607 3331 695 3393 quae
715 3321 885 3375 vocantur
903 3309 1098 3376 instinctus.

362 3407 458 3490 318.
503 3405 572 3471 Sed
589 3407 763 3490 quomodo
775 3417 888 3470 status
904 3407 1052 3471 hominis
1068 3428 1113 3470 ex
1129 3405 1448 3472 confirmationibus

319 3513 356 3568 et
376 3503 456 3566 inde
476 3503 757 3584 persuasionibus
777 3512 943 3579 mutatur,
963 3522 1053 3566 nunc
1072 3503 1217 3579 dicetur,
1238 3504 1299 3568 sed
1323 3505 1358 3569 in
1380 3505 1446 3571 hoc

319 3598 451 3662 ordine.
500 3595 561 3678 (1.)
595 3594 699 3678 Quod
723 3597 807 3660 nihil
833 3618 902 3662 non
926 3597 1118 3661 confirmari
1141 3599 1263 3682 possit,
1288 3609 1325 3664 et
1355 3600 1446 3684 quod

318 3693 442 3757 salsum
473 3691 550 3774 plus
582 3711 685 3775 quarn
708 3712 836 3757 verum.
882 3691 972 3776 ¹¹¹(2.)
1005 3691 1110 3775 Quod
1132 3693 1336 3758 confirmato
1358 3695 1446 3761 salso

319 3808 389 3852 non
408 3797 576 3870 appareat
595 3807 724 3863 verum,
745 3789 806 3852 sed
826 3789 918 3872 quod
941 3810 987 3852 ex
1011 3787 1218 3854 confirmato
1236 3811 1320 3855 vero
1338 3811 1445 3875 appa·

317 3893 393 3948 reat
413 3883 547 3948 salsum.
595 3881 657 3965 (3.)
690 3880 792 3964 Quod
812 3904 914 3966 posse
934 3883 1136 3948 confirmare
1156 3887 1316 3968 quicquid
1337 3886 1443 3962 lubet,

318 4000 388 4043 non
408 3979 453 4042 sit
471 3977 718 4060 intelligentia,
736 3980 798 4042 sed
818 3980 929 4042 solum
946 3981 1184 4061 ingeniositas,
1201 3980 1324 4044 dabilis
1340 3983 1444 4046 etiam

317 4075 409 4158 apud
428 4075 606 4156 pessimos.
653 4071 714 4156 (4.)
740 4071 842 4155 Quod
859 4075 959 4139 detur
975 4073 1191 4140 confirmatio
1203 4073 1445 4141 intellectualis

317 4179 353 4233 et
371 4189 439 4232 non
453 4169 553 4232 simul
566 4168 773 4242 voluntaria,
790 4180 826 4234 at
847 4170 938 4253 quod
962 4173 1074 4234 omnis
1090 4169 1306 4235 confirmatio
1322 4172 1443 4236 volun·

316 4267 406 4329 taria
424 4265 531 4328 etiam
551 4266 595 4329 sit
615 4263 872 4329 intelledtualis.
918 4263 980 4349 (5.)
1007 4265 1107 4348 Quod
1128 4265 1345 4332 confirmatio
1365 4269 1445 4332 mali

316 4359 513 4422 voluntaria
536 4369 571 4423 et
596 4359 696 4422 simul
720 4358 967 4425 intellectualis
990 4361 1106 4436 saciat,
1132 4371 1169 4427 ut
1195 4361 1300 4426 homo
1324 4365 1444 4427 credat

315 4455 489 4534 propriam
514 4454 731 4536 prudentiam
762 4477 839 4519 esse
862 4477 977 4532 omne,
1002 4467 1037 4521 et
1069 4457 1231 4521 Divinam
1256 4457 1442 4522 Providen·
1480 4467 1488 4478 '

316 4547 400 4610 tiam
421 4569 489 4611 non
506 4550 632 4632 aliquid
647 4571 654 4627 ;
679 4570 748 4613 non
765 4559 881 4614 autem
901 4551 976 4615 sola
993 4549 1210 4616 confirmatio
1225 4551 1441 4618 intellectua-

317 4638 368 4704 lis.
416 4639 476 4724 (6.)
502 4640 604 4724 Quod
624 4665 727 4709 omne
746 4643 987 4711 confirmatum
1010 4667 1056 4711 ex
1075 4646 1260 4713 voluntate
1282 4657 1320 4712 et
1342 4647 1442 4713 simul
