3358 5384
336 645 372 707 18
683 657 883 706 sumnum
908 657 1104 706 nucsmcn

331 925 445 1009 Quos
469 926 633 990 Duuuus
653 925 773 990 Auos
796 939 845 989 Ετ
868 927 1013 991 D1va
1034 925 1245 992 Sursum
1263 943 1351 995 snm
1369 944 1456 997 sus·

500 1035 669 1087 sonuum
692 1035 741 1086 ss
765 1034 900 1087 sonus
923 1037 965 1087 m
987 1036 1042 1100 ss,
1063 1037 1130 1089 mn
1149 1023 1265 1090 Issou
1288 1039 1338 1090 ss
1360 1025 1457 1093 Um·

499 1131 590 1183 cun.

392 1321 466 1390 44.
503 1301 606 1387 Quod
626 1303 771 1368 Divinus
788 1302 900 1370 Amor
918 1316 955 1370 et
974 1305 1100 1370 Divina
1116 1303 1295 1391 Sapientia
1311 1309 1357 1374 sit
1375 1309 1455 1374 sub-

328 1402 459 1465 stantia
482 1411 519 1465 et
547 1400 666 1476 forma,
687 1420 772 1464 mox
802 1420 904 1484 supra
926 1400 1167 1466 confirmatum
1191 1413 1267 1483 est;
1303 1413 1339 1468 et
1364 1406 1456 1488 quod

327 1496 489 1560 Divinum
502 1495 591 1561 Esse
603 1505 639 1561 et
654 1496 819 1560 Existere
833 1497 878 1562 sit
894 1496 983 1562 Esse
999 1507 1036 1562 et
1055 1497 1220 1563 Existere
1236 1501 1269 1563 in
1286 1520 1336 1576 se,
1349 1501 1456 1564 etiarn

327 1589 578 1676 supradictum
598 1602 663 1658 est.
710 1592 790 1656 Non
810 1594 878 1657 dici
901 1602 1021 1677 potest
1040 1595 1132 1677 quod
1151 1595 1196 1659 sit
1215 1594 1304 1659 Esse
1324 1605 1360 1660 et
1379 1595 1455 1660 Ex·

326 1690 432 1754 istere
451 1709 471 1752 a
487 1708 536 1763 se,
551 1689 629 1772 quia
645 1688 711 1752 hoc
731 1688 878 1754 involvit
896 1689 1043 1766 initium,
1061 1699 1096 1754 et
1117 1710 1252 1775 quoque
1268 1711 1288 1754 a
1306 1692 1456 1774 quodam

326 1785 360 1847 in
380 1784 440 1848 illo
459 1783 551 1868 quod
575 1786 620 1848 sit
640 1783 729 1849 Esse
749 1795 785 1849 et
808 1783 973 1850 Existere
988 1786 1023 1849 in
1040 1805 1100 1863 se3
1125 1796 1162 1849 at
1181 1786 1292 1868 ipsum
1312 1786 1399 1850 Esse
1419 1795 1455 1851 et

326 1881 490 1945 Existere
507 1881 591 1944 inse
611 1890 665 1944 est
683 1881 726 1944 ab
742 1890 896 1945 aeterno.
942 1881 1059 1962 Ipsum
1079 1880 1167 1944 Esse
1184 1891 1219 1945 et
1236 1880 1402 1946 Existere
1420 1884 1454 1946 in

326 1996 363 2038 se
383 1986 437 2040 est
454 1976 560 2039 etiam
580 1976 784 2051 increatum,
802 1984 838 2039 et
858 1995 960 2040 omne
979 1985 1132 2040 creatum
1153 1996 1222 2039 non
1242 1987 1359 2059 potest
1379 1998 1456 2042 esse

326 2072 390 2133 nisi
409 2071 455 2134 ab
474 2071 655 2149 Increato;
680 2081 716 2135 et
736 2070 828 2154 quod
848 2079 1003 2135 creatum
1022 2081 1089 2145 est,
1111 2072 1216 2135 etiam
1236 2081 1290 2136 est
1309 2070 1453 2148 finitum,

326 2180 359 2233 et
374 2165 508 2230 finitum
525 2186 588 2230 nec
609 2167 760 2230 existere
781 2175 899 2248 potest
919 2167 1048 2229 nisiex
1069 2165 1220 2231 infinito.

390 2279 461 2348 45·
492 2260 559 2344 Qui
578 2261 692 2344 aliqua
709 2262 925 2343 cogitatione
944 2269 1063 2343 potest
1082 2262 1217 2345 assequi
1238 2271 1273 2326 et
1297 2281 1455 2345 compre·

325 2359 478 2423 hendere
497 2357 586 2422 Esse
602 2366 639 2422 et
657 2356 822 2421 Existere
842 2356 876 2420 in
895 2377 943 2431 se,
963 2355 1023 2420 ille
1042 2359 1184 2422 omnino
1202 2369 1404 2441 assequetur
1419 2368 1455 2422 et

325 2453 598 2537 comprehendet
623 2453 714 2536 quod
738 2451 823 2516 illud
851 2453 897 2516 sit
921 2451 1037 2534 Ipsum
1068 2462 1104 2517 et
1136 2451 1305 2532 Unicum;
1338 2453 1454 2536 Ipsum

325 2551 449 2613 dicitur
472 2548 564 2632 quod
587 2548 698 2612 solum
728 2557 797 2625 est3
830 2556 866 2611 et
890 2545 1040 2612 Unicum
1071 2568 1091 2611 a
1122 2567 1189 2630 quo
1222 2567 1324 2611 omne
1352 2547 1454 2612 aliud.

324 2644 425 2708 Nunc
441 2645 521 2728 quia
533 2642 651 2726 Ipsum
664 2651 700 2707 et
711 2641 861 2708 Unicum
875 2652 929 2707 est
946 2643 1145 2707 substantia
1155 2654 1191 2707 et
1208 2642 1327 2718 forma,
1341 2645 1454 2726 sequi-

325 2750 381 2804 tur
404 2738 497 2824 quod
520 2737 605 2802 illud
625 2739 671 2802 sit
694 2739 769 2818 ipsa
791 2747 827 2801 et
852 2739 953 2800 unica
976 2739 1174 2802 substantia
1197 2747 1233 2802 et
1256 2738 1387 2817 forma3
1418 2746 1454 2802 et

325 2836 404 2919 quia
433 2836 508 2918 ipsa
537 2833 596 2896 illa
621 2833 819 2896 substantia
848 2842 885 2897 et
911 2832 1020 2896 sorma
1044 2843 1098 2898 est
1122 2833 1267 2897 Divinus
1287 2832 1399 2896 Amor
1417 2841 1454 2897 et

325 2930 451 2994 Divina
473 2925 664 3012 Sapientia,
682 2928 837 3010 sequitur
856 2928 948 3011 quod
971 2929 1017 2992 sit
1040 2929 1112 3012 ipse
1131 2937 1169 2992 et
1189 2928 1307 2991 unicus
1330 2927 1453 3003 Amor,

325 3046 365 3090 ac
385 3025 460 3109 ipsa
479 3033 516 3089 et
535 3023 635 3087 unica
654 3021 855 3104 Sapientia;
879 3033 1134 3107 consequenter
1152 3022 1244 3106 quod
1263 3024 1309 3086 sit
1328 3024 1403 3107 ipsa
1418 3033 1455 3088 et

325 3121 424 3184 unica
454 3119 629 3195 Essentia,
654 3128 727 3183 tum
754 3118 828 3200 ipsa
853 3127 889 3184 et
919 3119 1020 3183 unica
1051 3117 1148 3194 Vita,
1165 3139 1246 3182 nam
1276 3116 1388 3184 Amor
1417 3127 1454 3184 et

325 3215 503 3300 Sapientia
521 3223 575 3280 est
594 3213 690 3279 Vita.

386 3313 461 3398 46.
493 3309 551 3375 Ex
580 3309 636 3375 his
666 3318 827 3375 constare
854 3318 986 3394 potest,
1011 3329 1115 3393 quam
1144 3309 1362 3388 sensualiter,
1387 3309 1454 3376 hoc

324 3418 389 3485 est,
410 3429 456 3472 ex
476 3407 630 3489 corporis
649 3406 817 3482 sensibus,
835 3415 872 3471 et
890 3425 936 3470 ex
953 3424 1071 3470 eorum
1089 3405 1243 3469 tenebris
1262 3406 1297 3470 in
1316 3406 1455 3490 spiritu·

324 3504 445 3579 alibus,
463 3505 624 3585 cogitant
643 3502 704 3577 illi,
722 3502 779 3585 qui
797 3501 919 3565 dicunt
936 3510 1095 3564 naturam
1115 3521 1136 3564 a
1154 3521 1192 3564 se
1215 3521 1303 3565 esse.
1349 3499 1454 3584 Cogi·

324 3609 404 3663 tant
420 3618 466 3662 ex
483 3598 595 3674 oculo,
610 3606 647 3662 et
665 3617 735 3661 non
752 3607 898 3679 possunt
915 3617 960 3660 ex
976 3592 1167 3660 intellectu.
1214 3595 1392 3679 Cogitatio
1409 3617 1455 3661 ex

324 3693 426 3758 oculo
445 3693 599 3757 occludit
615 3688 842 3768 intellectum,
862 3701 900 3755 at
920 3693 1091 3774 cogitatio
1110 3713 1155 3756 ex
1175 3690 1355 3756 intellectu
1372 3713 1454 3776 ape-

324 3791 369 3853 rit
388 3788 537 3853 oculum.
583 3786 639 3851 Illi
662 3807 732 3850 non
751 3787 879 3870 aliquid
899 3789 1055 3870 cogitare
1075 3797 1222 3871 possunt
1242 3788 1285 3851 de
1307 3785 1394 3850 Esse
1417 3796 1454 3853 et

324 3887 489 3950 Existere
508 3885 543 3949 in
566 3904 615 3960 se,
636 3883 797 3967 quodque
817 3883 882 3946 hoc
908 3885 953 3947 sit
973 3882 1180 3956 Aeternum,
1202 3880 1398 3944 Increatum
1418 3887 1455 3943 et

324 3980 522 4059 Infinitum;
546 3999 609 4045 nec
626 3989 774 4063 possunt
794 3978 922 4062 aliquid
940 3981 1096 4060 cogitare
1114 3978 1156 4040 de
1176 3975 1262 4039 Vita
1282 3975 1346 4038 nisi
1365 3975 1454 4039 sicut

325 4081 368 4142 de
392 4077 528 4142 volatili
550 4076 700 4140 abeunte
724 4077 757 4137 in
782 4075 947 4152 nihilum;
981 4094 1044 4138 nec
1068 4073 1171 4136 aliter
1193 4072 1237 4135 de
1261 4070 1394 4135 Amore
1417 4079 1454 4133 et

326 4173 518 4256 Sapientia,
540 4181 575 4235 et
599 4191 738 4253 prorsus
762 4190 830 4233 non
851 4171 941 4253 quod
965 4171 1009 4232 ab
1033 4168 1099 4232 illis
1119 4170 1189 4232 sint
1213 4167 1329 4230 omnia
1352 4175 1453 4229 natu·

324 4292 393 4334 rae.
441 4267 543 4350 Quod
563 4267 692 4330 abillis
712 4267 781 4329 sint
801 4267 917 4329 omnia
936 4275 1091 4340 naturae,
1113 4284 1175 4328 nec
1196 4262 1303 4326 videri
1322 4270 1452 4344 potest,

327 4367 389 4428 nisi
417 4374 540 4427 natura
567 4359 743 4444 spectetur
780 4383 825 4425 ex
855 4361 970 4424 usibus
1000 4361 1033 4422 in
1064 4380 1125 4422 sua
1155 4360 1241 4422 serie
1269 4368 1306 4423 et
1333 4359 1367 4422 in
1391 4378 1454 4422 suo

325 4462 457 4534 ordine,
478 4471 514 4522 et
534 4479 603 4523 non
620 4459 648 4520 si
664 4479 710 4521 ex
729 4457 898 4540 aliquibus
915 4456 985 4538 ejus
1001 4456 1127 4532 formis,
1146 4457 1331 4538 quaesunt
1348 4454 1455 4519 solius

326 4557 415 4621 oculi
435 4551 581 4636 objecta.
627 4551 721 4618 Usus
740 4556 831 4617 enim
852 4573 920 4616 non
940 4562 1021 4615 sunt
1046 4551 1109 4615 nisi
1126 4571 1229 4634 quam
1248 4571 1295 4615 ex
1311 4552 1395 4628 vita,
1413 4571 1454 4616 ac

325 4669 444 4715 eorum
469 4651 575 4715 series
598 4658 634 4715 et
657 4649 743 4714 ordo
766 4671 811 4714 ex
836 4649 1006 4732 sapientia
1032 4656 1070 4711 et
1098 4667 1235 4726 amore;
1264 4657 1301 4712 at
1323 4646 1455 4713 formae
