3418 5368
490 678 541 730 ms
565 677 703 729 orvrun
727 678 1084 732 monueram-u.
1103 665 1176 732 216.
1341 683 1398 752 153

265 850 428 928 Domino,
442 871 522 914 usus
537 850 619 915 iacit
636 861 779 934 propter
794 852 978 916 Dominum
996 863 1032 917 et
1045 852 1180 917 caelum
1195 873 1203 932 ;
1227 862 1264 918 et
1277 873 1398 918 omnes

263 957 315 1023 illi
331 979 409 1021 usus
427 957 557 1021 iaciunt
574 978 593 1019 a
612 957 775 1035 Domino,
793 959 850 1042 qui
869 958 1002 1040 lugiunt
1019 957 1110 1022 mala
1129 969 1166 1023 ut
1186 969 1343 1042 peccata,
1361 970 1398 1025 at

265 1073 388 1118 omnes
406 1053 456 1117 illi
475 1074 555 1116 usus
574 1053 703 1119 iaciunt
722 1075 742 1118 a
758 1054 909 1132 diabolo,
931 1056 1073 1140 quinon
1091 1055 1227 1138 lugiunt
1252 1056 1343 1120 mala
1360 1066 1398 1120 ut

264 1159 434 1233 peccata;
458 1149 585 1213 malum
602 1151 693 1215 enim
710 1160 765 1216 est
781 1150 950 1228 diabolus,
968 1172 1008 1215 ac
1026 1171 1106 1215 usus
1121 1172 1183 1216 seu
1198 1151 1326 1217 bonurn
1343 1164 1397 1218 est

266 1245 446 1310 Dominus.
500 1246 587 1309 Inde
616 1256 652 1310 et
681 1266 750 1310 non
780 1248 919 1312 aliunde
949 1248 1173 1330 cognoscitur
1202 1250 1396 1314 discrimen.

266 1341 461 1426 Utrumque
477 1341 510 1404 in
530 1351 678 1406 externa
693 1342 804 1407 forma
822 1353 966 1427 apparet
987 1343 1109 1420 simile,
1127 1345 1188 1407 sed
1208 1345 1241 1408 in
1261 1346 1397 1410 interna

264 1435 374 1502 forma
397 1445 477 1500 sunt
501 1457 639 1520 prorsus
662 1438 860 1502 dissimilia:
889 1457 993 1503 unum
1016 1449 1070 1504 est
1095 1441 1184 1503 sicut
1208 1461 1338 1516 aurum,
1362 1443 1396 1505 in

265 1553 334 1616 quo
356 1533 450 1597 intus
471 1541 525 1596 est
552 1535 672 1610 scoria,
698 1545 735 1600 at
753 1534 902 1598 alterum
918 1535 1007 1599 sicut
1026 1554 1144 1599 aurum
1163 1536 1197 1598 in
1217 1555 1285 1618 quo
1303 1538 1396 1600 intus

264 1639 319 1693 est
343 1647 464 1713 purum
487 1649 629 1708 aurum;
654 1640 690 1694 et
712 1641 769 1695 est
792 1651 896 1695 unum
920 1632 1009 1695 sicut
1032 1627 1159 1694 fructus
1182 1640 1255 1696 arte
1274 1631 1394 1710 sactus,

264 1724 322 1808 qui
339 1734 484 1808 apparet
500 1725 536 1788 in
554 1736 703 1790 externa
720 1726 829 1790 forma
848 1727 936 1791 sicut
956 1724 1083 1790 fructus
1102 1747 1148 1790 ex
1165 1726 1298 1802 arbore,
1318 1749 1395 1793 cum

264 1829 383 1887 tamen
402 1832 457 1887 est
476 1841 555 1886 cera
574 1822 740 1898 colorata,
761 1823 795 1886 in
814 1843 881 1906 qua
905 1823 997 1886 intus
1021 1831 1076 1886 est
1095 1821 1208 1904 pulvis
1227 1833 1287 1888 aut
1307 1824 1395 1888 bitu·

264 1936 368 1998 men;
397 1927 434 1982 at
460 1916 610 1982 alterum
639 1919 726 1982 sicut
750 1914 877 1982 fructus
908 1917 1046 1993 nobilis,
1075 1937 1198 2000 sapore
1226 1930 1262 1984 et
1289 1921 1396 1985 odore

264 2032 440 2090 amoenus,
458 2015 491 2077 in
508 2035 575 2098 quo
593 2015 686 2079 intus
702 2025 783 2078 sunt
799 2015 941 2078 semina.

329 2111 424 2176 216.
456 2109 521 2196 (ii.)
557 2109 655 2190 Quod
668 2122 806 2175 aeterna
824 2133 860 2176 se
877 2113 1033 2193 referant
1049 2112 1099 2176 ad
1112 2111 1253 2177 honores
1270 2123 1303 2177 et
1319 2123 1396 2195 opes

265 2206 471 2288 spirituales,
492 2228 577 2290 quae
593 2217 674 2271 sunt
694 2207 822 2271 amoris
840 2217 873 2272 et
890 2207 1085 2288 sapientiae,
1103 2207 1138 2270 in
1155 2207 1394 2291 caela—Quo-

265 2303 357 2366 niam
376 2301 542 2366 naturalis
561 2303 668 2367 homo
687 2302 837 2385 jucunda
856 2303 982 2366 amoris
1002 2303 1063 2379 sui,
1084 2324 1173 2386 quae
1192 2305 1298 2367 etiam
1317 2315 1396 2369 sunt

261 2393 412 2481 jucunda
439 2398 798 2481 concupiscentiarum
826 2397 918 2473 mali,
942 2408 1046 2462 vocat
1073 2399 1177 2474 bona,
1198 2409 1234 2462 et
1261 2419 1396 2483 quoque

264 2493 446 2559 confirmat
476 2495 568 2579 quod
599 2496 668 2559 sint
696 2494 800 2568 bona,
828 2495 907 2558 ideo
937 2495 1087 2558 honores
1117 2504 1154 2559 et
1180 2515 1265 2578 opes
1292 2507 1396 2561 vocat

262 2587 522 2655 benedictiones
542 2591 696 2655 Divinas.
740 2589 792 2654 At
812 2609 889 2654 cum
907 2589 1074 2653 naturalis
1089 2589 1148 2654 ille
1167 2590 1272 2654 homo
1289 2593 1394 2669 videt,

263 2687 356 2769 quod
376 2687 458 2750 mali
477 2708 584 2771 aeque
601 2707 639 2752 ac
659 2686 742 2751 boni
758 2687 801 2750 ad
818 2686 967 2750 honores
984 2685 1177 2750 evehantur
1195 2697 1232 2750 et
1251 2687 1294 2750 ad
1311 2709 1395 2770 opes

264 2792 543 2866 promoveantur,
574 2792 611 2847 et
641 2783 752 2866 magis
782 2800 860 2846 cum
879 2781 974 2846 videt
1009 2781 1101 2865 quod
1134 2781 1216 2845 boni
1246 2783 1280 2845 in
1311 2804 1395 2848 con·

263 2888 404 2961 temptu
426 2889 463 2943 et
489 2879 523 2941 in
549 2887 755 2962 paupertate
783 2879 864 2950 sint,
888 2888 925 2942 et
949 2876 1030 2940 mali
1056 2878 1090 2940 in
1114 2876 1226 2959 gloria
1249 2887 1286 2941 et
1307 2899 1394 2962 opu·

264 2972 511 3050 lentia‚secum
528 2975 674 3057 cogitat,
692 2980 712 3007 ‘¹
724 2973 814 3057 Quid
834 2973 926 3038 hoc?
963 2971 1042 3036 Non
1063 2981 1182 3055 potest
1201 2993 1277 3037 esse
1298 2967 1395 3037 Dirii·

263 3090 329 3134 nae
348 3070 613 3149 Providentiae;
636 3089 717 3134 nam
737 3072 764 3132 si
784 3069 843 3132 illa
858 3078 997 3148 regeret
1016 3069 1144 3142 omnia,
1161 3068 1394 3134 accumularet

262 3163 374 3231 bonos
392 3164 580 3230 honoribus
599 3175 636 3230 et
655 3167 788 3249 opibus,
806 3174 841 3228 et
858 3161 1037 3226 afflictaret
1059 3163 1170 3226 malos
1189 3173 1395 3244 paupertate

262 3272 298 3326 et
314 3271 531 3345 contemptu,
545 3271 580 3325 et
595 3262 644 3325 sic
660 3262 816 3343 adigeret
833 3257 944 3322 malos
958 3258 1000 3320 ad
1018 3257 1287 3339 agnoscendum,
1302 3262 1394 3341 quod

263 3355 358 3421 Deus
385 3367 420 3421 et
444 3358 535 3440 quod
561 3355 687 3419 Divina
710 3355 930 3419 Providentia
953 3351 1052 3415 sint.”
1104 3363 1162 3424 [2.]
1196 3349 1264 3415 Sed
1290 3363 1392 3416 natu-

262 3453 344 3517 ralis
359 3453 465 3517 homo
495 3453 559 3516 nisi
588 3451 782 3514 illustratus
806 3471 826 3512 a
856 3446 1024 3531 spirituali
1054 3445 1204 3520 homine,
1233 3445 1298 3510 hoc
1329 3457 1392 3525 est,

264 3549 328 3612 nisi
361 3548 461 3612 simul
495 3548 682 3632 spiritualis
720 3548 776 3622 sit,
812 3565 880 3609 non
913 3544 1010 3607 videt
1045 3541 1137 3625 quod
1173 3541 1323 3608 honores
1356 3555 1393 3609 et

263 3665 347 3728 opes
366 3646 500 3727 possint
519 3663 596 3708 esse
619 3640 900 3718 benedictiones3
924 3648 961 3704 et
984 3659 1120 3722 quoque
1143 3639 1234 3721 quod
1259 3641 1393 3722 possint

262 3761 340 3804 esse
363 3738 646 3818 maledictiones;
679 3749 716 3803 et
739 3739 831 3822 quod
860 3756 936 3801 curn
965 3731 1224 3798 benedictiones
1254 3745 1346 3810 sunt,
1373 3757 1393 3800 a

262 3834 340 3901 Deo
359 3838 440 3910 sint,
459 3844 495 3900 et
512 3836 602 3918 quod
623 3855 699 3898 cum
721 3831 984 3898 maledictiones
1003 3839 1095 3905 sunt,
1116 3849 1136 3892 a
1155 3829 1296 3893 diabolo
1311 3831 1391 3894 sint.

262 3929 366 4013 Quod
386 3933 492 3994 etiam
511 3932 634 3994 dentur
653 3930 802 3993 honores
821 3939 858 3992 et
875 3948 959 4010 opes
978 3948 998 3990 a
1018 3923 1167 3999 diabolo,
1185 3935 1305 3988 notum
1326 3933 1391 4001 est,

262 4047 343 4091 nam
362 4047 406 4089 ex
426 4047 468 4090 eo
483 4036 628 4090 vocatur
643 4026 702 4090 ille
722 4025 880 4108 princeps
897 4022 1023 4086 mundi.
1069 4018 1169 4082 Nunc
1188 4019 1266 4101 quia
1283 4020 1392 4083 nesci·

261 4132 317 4189 tur
335 4123 471 4187 ubinam
491 4121 639 4186 honores
656 4131 692 4187 et
709 4141 792 4205 opes
809 4129 889 4183 sunt
908 4113 1180 4191 benedictiones,
1197 4133 1238 4177 ac
1254 4115 1391 4179 ubinam

262 4229 343 4284 sunt
368 4215 639 4293 maledictiones,
664 4218 849 4282 dicendum
873 4224 948 4291 est;
973 4213 1034 4275 sed
1057 4212 1092 4275 in
1118 4209 1184 4275 hoc
1209 4208 1394 4274 ordine:—

265 4313 327 4398 (1.)
356 4312 458 4395 Quod
475 4314 624 4378 honores
641 4323 676 4377 et
691 4333 776 4395 opes
792 4313 861 4375 sint
877 4303 1149 4382 benedictiones,
1163 4315 1198 4369 et
1215 4305 1306 4388 quod
1323 4305 1391 4368 sint

263 4408 537 4476 maledictiones.
585 4407 645 4492 (2.)
679 4407 781 4491 Quod
804 4407 954 4470 honores
978 4413 1013 4467 et
1038 4422 1133 4485 opes,
1154 4400 1293 4484 quando
1312 4409 1392 4464 sunt

262 4503 535 4582 benedictiones,
560 4505 628 4568 sint
652 4503 847 4585 spirituales
871 4521 909 4564 ac
934 4509 1117 4576 aeternae3
1140 4505 1178 4561 at
1201 4495 1292 4579 quod
1311 4495 1393 4560 dum

263 4611 345 4666 sunt
358 4598 630 4674 maledictiones¹
644 4599 714 4663 sint
728 4597 958 4679 temporariae
972 4606 1006 4658 et
1021 4593 1182 4656 caducae.
1208 4589 1269 4676 (3.)
1291 4589 1393 4675 Quod

261 4695 413 4762 honores
437 4705 473 4762 et
496 4715 591 4779 opes,
616 4715 703 4779 quae
730 4703 810 4757 sunt
839 4687 1109 4765 maledictiones,
1134 4684 1326 4770 respective
1349 4685 1393 4752 ad
