3268 5380
357 661 415 726 142
704 653 906 707 SAPIENTIA
930 653 1124 705 ANGELICA

353 832 514 898 viderunt
544 827 604 894 illa
633 850 679 893 ex
709 824 1016 910 correspondentia
1043 845 1174 902 usuum,
1202 837 1312 890 semet
1344 825 1379 891 in
1408 825 1471 892 illis
1586 859 1587 886 r

353 927 558 1012 agnoverint
576 935 612 989 et
629 924 788 988 viderint.
1203 971 1206 977 Δ

416 1037 514 1106 323·
543 1019 642 1084 Nunc
666 1019 744 1103 quia
772 1017 833 1082 illa
855 1039 942 1102 quae
971 1019 1098 1083 circum
1121 1019 1268 1101 angelos
1287 1019 1471 1083 secundum

354 1136 470 1182 eorum
489 1114 687 1181 affectiones
706 1122 742 1178 et
761 1115 996 1197 cogitationes
1016 1115 1186 1190 existunt,
1206 1115 1382 1197 quoddam
1403 1115 1470 1178 uni·

353 1232 489 1278 versum
518 1211 670 1277 referunt
700 1211 734 1274 in
759 1230 812 1286 eo,
833 1209 929 1294 quod
956 1211 1026 1274 sint
1051 1219 1175 1286 terrae,
1196 1210 1410 1292 vegetabilia
1437 1219 1471 1273 et

353 1309 526 1384 animalia,
547 1315 582 1371 et
600 1307 686 1370 haec
705 1305 835 1371 iaciunt
854 1307 1041 1388 imaginem
1060 1307 1395 1388 repraesentativam
1415 1326 1471 1370 an·

352 1404 433 1488 geli,
458 1413 557 1488 patet
587 1404 678 1467 unde
704 1413 771 1478 est,
795 1401 887 1485 quod
912 1402 1043 1486 antiqui
1072 1403 1273 1466 vocaverint
1300 1401 1471 1466 hominem

353 1501 627 1564 microcosmum.

415 1609 514 1680 324.
545 1593 647 1676 Quod
666 1593 716 1658 ita
734 1593 791 1669 sit,
809 1590 927 1657 multis
943 1591 1184 1656 confirmatum
1200 1601 1254 1656 est
1273 1594 1307 1656 in
1326 1592 1474 1657 Arcanis

355 1687 584 1765 Caelestibus‚·
607 1699 643 1753 et
666 1709 801 1773 quoque
822 1689 856 1751 in
880 1709 984 1772 opere
1006 1687 1058 1750 De
1082 1684 1181 1752 caclo
1202 1697 1236 1751 et
1254 1689 1417 1770 Inserno,·
1438 1697 1472 1752 et
1586 1729 1587 1736 κ

352 1805 487 1869 quoque
506 1785 633 1868 passim
653 1785 686 1848 in
705 1784 1004 1860 antecedentibus,
1019 1783 1075 1846 ubi
1099 1783 1144 1846 de
1167 1785 1472 1865 correspondentia

352 1877 465 1944 actum
496 1889 560 1944 est.
606 1880 657 1944 lbi
677 1881 782 1944 etiam
800 1888 979 1942 ostensum
1006 1887 1072 1954 est,
1089 1879 1181 1960 quod
1206 1880 1288 1942 nihil
1313 1879 1416 1943 detur
1441 1881 1472 1943 in

351 1977 510 2040 universo
533 1986 650 2041 creato
673 1976 764 2058 quod
789 1995 856 2038 non
881 1975 1222 2057 correspondentiam
1245 1975 1374 2038 habeat
1398 1995 1472 2038 cum

351 2071 466 2154 aliquo
489 2071 646 2147 hominis,
665 2091 733 2134 non
757 2069 861 2134 modo
885 2089 962 2133 cum
986 2069 1057 2152 ejus
1076 2067 1312 2134 affestionibus
1336 2081 1372 2134 et
1396 2071 1473 2134 inde

351 2168 633 2249 cogitationibus,
661 2167 723 2231 sed
751 2167 856 2234 etiam
884 2184 961 2229 cum
989 2164 1060 2248 ejus
1091 2169 1244 2249 corporis
1272 2168 1412 2249 organis
1438 2176 1472 2230 et

351 2263 557 2341 visceribus;
588 2283 657 2326 non
677 2281 753 2325 cum
773 2261 841 2324 illis
863 2268 900 2324 ut
924 2260 1139 2336 substantiis
1160 2261 1221 2325 sed
1244 2281 1322 2324 cum
1346 2262 1414 2326 illis
1436 2272 1471 2325 ut

351 2358 477 2422 usibus.
522 2359 607 2422 lnde
630 2368 695 2434 est,
720 2357 811 2440 quod
841 2357 875 2420 in
895 2354 1024 2432 Verbo,
1046 2357 1102 2419 ubi
1126 2358 1241 2438 agitur
1263 2357 1306 2420 de
1328 2357 1472 2422 ecclesia

350 2462 387 2517 et
417 2455 460 2518 de
487 2453 626 2518 homine
645 2452 726 2535 ejus,
747 2453 854 2516 toties
884 2453 1105 2516 nominentur
1127 2452 1277 2528 arbores,
1299 2462 1337 2516 ut
1364 2453 1470 2528 oleae,

350 2550 440 2613 vites
467 2561 503 2613 et
533 2550 645 2628 cedri;
673 2559 747 2613 tum
764 2548 866 2622 horti,
887 2547 952 2612 luci
976 2557 1012 2611 et
1035 2546 1163 2626 silvae;
1194 2557 1232 2613 ut
1256 2557 1292 2612 et
1313 2549 1473 2612 animalia

350 2653 474 2718 terrae,
499 2643 655 2708 volatilia
682 2643 779 2718 caeli,
805 2663 844 2706 ac
869 2644 980 2726 pisces
1011 2645 1124 2706 maris.
1170 2643 1400 2708 Nominantur
1429 2645 1472 2708 ibi
1586 2673 1587 2676 ¹

350 2741 429 2825 quia
453 2741 736 2823 correspondent,
758 2750 793 2803 et
815 2760 876 2822 per
894 2740 1236 2821 correspondentiam
1264 2759 1367 2804 unum
1390 2739 1471 2804 saci-

350 2845 424 2910 unt,
446 2837 533 2898 sicut
550 2832 677 2898 dictum
697 2845 761 2899 est.
807 2833 922 2916 Quare
950 2835 1055 2897 etiam
1079 2834 1205 2917 angeli,
1223 2855 1300 2898 cum
1323 2835 1408 2898 talia
1430 2836 1472 2899 ab

350 2931 489 2994 homine
506 2929 668 3012 leguntur
683 2931 716 2993 in
729 2929 859 3004 Verbo,
874 2950 942 2993 non
960 2930 1150 3011 percipiunt
1167 2929 1236 3005 illa,
1251 2931 1312 2993 sed
1329 2951 1390 3012 pro
1406 2930 1471 2994 illis

350 3026 544 3100 ecclesiam,
564 3047 622 3090 seu
641 3025 798 3090 homines
818 3026 985 3089 ecclesiae
1005 3026 1118 3108 quoad
1138 3036 1252 3088 status
1271 3046 1398 3090 eorum.

414 3139 511 3207 325.
543 3120 714 3204 Quoniam
746 3122 861 3184 omnia
892 3123 1038 3185 universi
1076 3121 1109 3184 in
1144 3121 1296 3203 imagine
1323 3123 1470 3186 referunt
1586 3115 1587 3136 ¹

350 3218 537 3292 hominem,
565 3217 722 3280 Adamus
752 3217 864 3300 quoad
896 3217 1102 3298 sapientiam
1132 3236 1172 3279 ac
1202 3217 1471 3299 intelligentiam

351 3315 553 3378 describitur
569 3335 630 3396 per
643 3312 792 3377 Hortum
806 3310 947 3386 Edenis,
963 3313 995 3375 in
1010 3333 1077 3394 quo
1089 3311 1229 3376 arbores
1243 3315 1353 3376 omnis
1367 3333 1471 3395 gene·
1586 3347 1587 3350 ¹

350 3412 406 3485 ris,
425 3420 460 3473 et
480 3429 615 3491 quoque
630 3407 732 3484 fluvii,
751 3408 837 3490 lapis
855 3407 1025 3490 pretiosus
1045 3418 1080 3470 et
1100 3427 1228 3482 aurum,
1246 3418 1320 3472 tum
1341 3409 1471 3471 anima·

351 3502 407 3578 lia,
428 3505 548 3585 quibus
578 3502 673 3566 dedit
705 3503 855 3577 nomina,
880 3523 940 3586 per
970 3523 1056 3585 quae
1086 3502 1203 3565 omnia
1232 3502 1473 3585 intelliguntur
1586 3503 1587 3550 ἶ

352 3599 437 3661 talia
454 3618 539 3680 quae
559 3597 649 3679 apud
668 3597 764 3661 illum
785 3608 894 3672 erant,
912 3608 948 3662 et
968 3596 1139 3661 faciebant
1162 3597 1197 3660 id
1220 3599 1310 3680 quod
1330 3608 1474 3664 vocatur
1586 3609 1587 3612 ’

353 3691 479 3756 Homo.
525 3691 636 3756 Paene
656 3693 779 3756 similia
795 3693 953 3757 dicuntur
971 3693 1015 3756 de
1032 3692 1191 3756 Aschure
1208 3693 1298 3774 apud
1315 3691 1471 3758 Eaeckie·
1586 3733 1587 3778 r

350 3783 414 3848 lem
435 3781 524 3866 (cap.
543 3786 643 3848 xxxi.
665 3783 753 3870 3-9),
771 3808 832 3868 per
850 3807 950 3871 quem
970 3785 1181 3870 significatur
1197 3787 1344 3852 ecclesia
1360 3789 1472 3873 quoad
1539 3853 1544 3864 ,
1586 3833 1587 3856 1

350 3879 637 3963 intelligentiam:
659 3890 694 3945 et
705 3882 748 3947 de
759 3881 852 3965 Tyro
867 3882 1001 3966 (Erech.
1013 3884 1133 3946 xxviii.
1147 3879 1292 3968 12‚l¹¹13),
1303 3903 1474 3967 perquam
1586 3875 1587 3924 i

349 3974 564 4060 significatur
583 3977 730 4042 ecclesia
748 3979 862 4061 quoad
879 3980 1096 4061 cognitiones
1115 3979 1196 4043 boni
1215 3989 1251 4043 et
1272 3979 1351 4042 veri.

414 4070 513 4154 326.
544 4071 600 4136 Ex
624 4073 677 4137 his
701 4094 790 4137 nunc
814 4084 975 4138 constare
995 4083 1123 4157 potest,
1145 4073 1235 4156 quod
1260 4075 1377 4138 omnia
1399 4074 1473 4138 uni·
1586 4051 1587 4096 ³

349 4169 438 4230 versi
458 4188 503 4229 ex
523 4169 638 4232 usibus
656 4167 813 4252 speciata
832 4169 981 4233 reserant
1005 4170 1037 4232 in
1062 4170 1212 4251 imagine
1231 4169 1418 4245 hominem,
1438 4177 1475 4233 et
1586 4241 1587 4262 ξ

348 4264 441 4345 quod
465 4263 498 4325 id
522 4273 670 4327 testetur
692 4265 782 4345 quod
808 4263 900 4327 Deus
924 4265 969 4327 sit
995 4263 1130 4328 Homo:
1164 4283 1242 4328 nam
1266 4265 1361 4338 talia,
1387 4285 1473 4347 quae

348 4378 452 4439 supra
472 4369 663 4422 memorata
683 4370 773 4431 sunt,
795 4379 863 4421 non
887 4361 1045 4422 existunt
1066 4361 1193 4423 circum
1212 4359 1387 4423 hominem
1412 4379 1472 4422 an·

350 4451 479 4532 gelum,
500 4473 544 4515 ex
564 4454 700 4534 angelo,
720 4455 778 4517 sed
800 4475 844 4516 ex
866 4455 1015 4518 Domino
1033 4476 1093 4537 per
1110 4454 1293 4536 angelum;
1319 4453 1474 4518 exist'unt

349 4547 442 4608 enim
474 4567 517 4607 ex
553 4547 681 4609 influxu
713 4549 825 4610 Divini
857 4548 996 4611 Amoris
1030 4560 1065 4612 et
1100 4549 1245 4612 Divinae
1275 4547 1474 4632 Sapientiae

351 4641 491 4703 Domini
511 4642 544 4704 in
561 4642 733 4724 angelum,
752 4643 807 4725 qui
827 4654 880 4707 est
900 4645 1077 4726 recipiens,
1092 4655 1127 4709 et
1146 4644 1342 4728 producitur
1357 4663 1475 4708 coram
