3448 5374
327 663 386 727 186
685 669 887 720 SAPIENTIA
911 669 1106 721 ANGELICA

324 842 506 908 dicendum
530 851 583 906 est
607 841 781 924 quomodo
800 841 914 904 anima
933 841 1005 924 agit
1025 841 1058 903 in
1078 861 1212 923 corpus,
1229 851 1265 905 et
1284 853 1448 924 operatur

324 939 438 1003 omnia
457 936 538 1019 ejus,
558 945 595 1000 et
617 936 682 1000 hoc
703 937 778 999 sciri
799 945 916 1018 potest
939 956 985 999 ex
1008 937 1314 1018 correspondentia
1333 937 1446 1001 cordis

323 1052 401 1100 cum
416 1033 609 1110 voluntate,
623 1042 659 1097 et
675 1031 845 1115 pulmonis
862 1051 938 1096 cum
954 1030 1144 1109 intellestu
1162 1032 1240 1096 ideo
1256 1051 1316 1114 per
1332 1053 1445 1096 corre·

323 1128 565 1214 spondentiam
585 1127 679 1191 illam
698 1125 838 1192 detesta
856 1137 936 1192 sunt
955 1126 1041 1193 haec
1061 1148 1147 1212 quae
1166 1135 1355 1211 sequuntur
1366 1148 1419 1192 :-

501 1306 544 1378 (ἰ.)
573 1306 658 1377 Quod
666 1323 750 1361 amor
760 1323 810 1360 seu
822 1307 958 1360 voluntas
968 1309 1009 1360 stt
1021 1309 1085 1376 apsa
1100 1310 1166 1361 ve'ta
1179 1306 1313 1362 hominis.

489 1395 542 1465 (ii.)
570 1394 989 1466 Quodamorseuvoluntasin
999 1394 1448 1466 humanamsormamcontinue

640 1469 766 1528 nitatur,
779 1471 807 1520 et
818 1469 851 1520 in
862 1469 961 1520 omnia
974 1481 1048 1534 quae
1058 1467 1206 1520 humanae
1211 1468 1335 1538 formae
1345 1473 1422 1522 sunt.

475 1544 541 1618 (ni.)
569 1547 655 1617 Quod
660 1563 744 1600 amor
756 1563 805 1600 seu
815 1546 950 1600 uoluntas
961 1545 1065 1615 absque
1074 1547 1210 1616 conjugio
1220 1563 1285 1600 cuna
1297 1548 1446 1616 sapientia

639 1634 688 1671 seu
719 1617 863 1670 intellellu
892 1633 947 1670 non
969 1619 1065 1686 possit
1087 1621 1146 1687 per
1171 1617 1334 1671 humanam
1361 1633 1445 1672 suam

631 1687 767 1760 sarman
782 1688 902 1756 aliquid
907 1689 1018 1761 facere.

483 1767 546 1837 (iv.)
572 1766 658 1838 Quod
668 1783 753 1822 amor
765 1783 815 1820 seu
829 1767 966 1821 uoluntas
974 1769 1137 1837 praeparet
1154 1768 1269 1821 domum
1283 1785 1332 1822 seu
1346 1767 1445 1822 thala-

639 1839 915 1963 gugelclptzrpsp'utura
933 1839 1060 1910 conjuge,
1079 1845 1212 1908 quaeest
1232 1841 1378 1909 sapientia
1396 1855 1446 1894 seu

494 1986 547 2058 (v.)
573 1988 659 2060 Quod
668 2005 751 2042 arnor
762 2005 811 2042 seu
822 1989 957 2042 voluntas
966 1991 1055 2042 etiarn
1065 1992 1229 2060 praeparet
1237 1993 1335 2043 omnia
1345 1992 1379 2044 in
1390 1989 1445 2044 hu·

639 2076 728 2113 mana
739 2077 793 2113 sua
800 2061 914 2130 forma.
926 2065 960 2114 ut
972 2061 1147 2131 conjunctim
1156 2077 1221 2114 curn
1234 2063 1382 2130 sapientia
1396 2077 1447 2116 seu

641 2131 784 2185 intellectu
791 2133 885 2200 possit
898 2148 992 2201 agere.

478 2209 543 2281 (vl.)
569 2209 656 2282 Quod
673 2226 738 2264 curn
759 2213 882 2279 nuptiae
890 2211 996 2282 saitae
1014 2216 1092 2274 sunt,
1102 2213 1207 2282 prim
1229 2211 1390 2282 conjunliea
1405 2211 1447 2266 sit

634 2285 692 2352 per
702 2281 878 2350 affellaanem
892 2282 1008 2345 sciendi,
1021 2298 1058 2335 ex
1069 2298 1128 2352 qua
1141 2282 1253 2352 affeitio
1264 2285 1337 2337 veri.

465 2359 539 2433 (vn.)
566 2360 652 2431 Quod
660 2360 756 2414 altera
768 2361 929 2432 conjuntlio
939 2364 981 2415 sit
989 2366 1047 2431 per
1060 2361 1236 2431 affeilionem
1252 2362 1445 2434 intelligendi,

639 2449 676 2486 ex
687 2449 745 2502 qua
755 2435 903 2502 perceptio
914 2435 987 2488 ucri.

454 2510 540 2584 (viii.)
568 2511 653 2583 Quot
667 2515 756 2566 tertia
775 2511 937 2584 conjunctio
950 2515 991 2566 sit
1002 2516 1060 2582 per
1074 2513 1249 2582 affee‘leonem
1267 2513 1392 2568 vellendi
1403 2513 1444 2579 ici,

639 2599 745 2652 ecqua
760 2585 905 2654 cogitatio

482 2663 545 2733 (ix.)
572 2662 658 2734 Quod
672 2680 756 2717 amor
766 2680 816 2717 seu
826 2664 962 2718 uoluntas
969 2666 1026 2733 per
1037 2668 1097 2717 tres
1111 2663 1179 2716 illas
1190 2665 1400 2735 conjuntlsones
1410 2666 1446 2721 in

637 2751 690 2788 sua
703 2737 767 2788 vita
778 2737 918 2788 sensiteua
932 2741 960 2788 et
969 2737 1002 2788 in
1014 2751 1068 2788 sua
1080 2735 1145 2788 vita
1158 2735 1255 2788 alliva
1267 2737 1316 2790 sit.

490 2813 542 2883 (x.)
569 2814 656 2885 Quod
670 2830 754 2868 amor
764 2818 793 2866 et
803 2815 938 2868 voluntas
956 2814 1124 2868 introducat
1138 2818 1316 2884 sapientiam
1333 2833 1382 2870 scu
1397 2818 1445 2872 in·

638 2884 778 2939 telletlum
791 2887 824 2938 in
838 2889 936 2940 omnia
949 2885 1050 2940 domus
1063 2902 1140 2940 suae.

478 2963 541 3036 (xi.)
568 2965 656 3034 Quod
660 2979 802 3088 “malim
814 2964 949 3019 voluntas
961 2965 1121 3036 na'hilagat
1130 2967 1192 3020 nisi
1202 2968 1235 3019 in
1246 2967 1445 3038 conjunctione

639 3051 729 3090 cume
752 3053 780 3091 a.

470 3114 544 3186 (alic)
572 3115 659 3187 Quod
673 3131 758 3169 amor
775 3130 824 3170 seu
841 3114 976 3170 voluntas
991 3131 1022 3170 se
1038 3115 1199 3187 conjungat
1215 3119 1379 3186 sapientiae
1394 3134 1443 3172 seu

638 3187 803 3249 intellellui
822 3203 858 3240 ac
873 3187 979 3257 jaceat
1000 3193 1033 3241 ut
1053 3189 1199 3258 sapientia
1216 3205 1266 3242 scu
1284 3188 1443 3244 intelletlus

637 3261 782 3329 reciproce
791 3258 998 3329 conjungatur.

456 3337 542 3412 (xiii.)
569 3338 655 3411 Quod
665 3339 813 3409 sapientia
829 3355 877 3391 seu
893 3337 1051 3391 intelleltus
1065 3353 1102 3391 ex
1109 3340 1242 3408 potentia
1253 3338 1315 3393 sili
1323 3339 1394 3394 elata
1406 3339 1444 3394 ab

637 3426 737 3464 amore
747 3426 796 3463 seu
808 3410 958 3463 voluntate
965 3412 1058 3479 possit
1069 3409 1188 3472 elevari,
1201 3427 1237 3464 ac
1248 3413 1376 3480 recipere
1387 3410 1442 3465 illa

636 3498 712 3552 quae
723 3482 797 3535 lucis
807 3486 877 3535 sunt
887 3498 903 3534 e
915 3481 999 3542 caelo,
1009 3497 1044 3533 ac
1050 3483 1202 3551 percipere
1214 3482 1276 3536 illa.

458 3560 542 3632 (xiv.)
569 3561 656 3633 Quod
675 3578 758 3614 amar
775 3579 826 3614 seu
846 3561 983 3615 voluntas
1004 3560 1145 3615 similiter
1156 3564 1250 3632 possit
1270 3561 1388 3624 elevari,
1407 3577 1443 3618 ac

631 3635 786 3702 percipere
804 3632 857 3685 illa
876 3649 950 3701 quae
967 3632 1075 3685 calaris
1094 3640 1163 3686 suut
1180 3651 1195 3686 e
1212 3633 1296 3696 caelo,
1312 3635 1342 3687 si
1359 3636 1443 3688 amat

635 3718 719 3756 suam
733 3704 882 3774 conjugem
897 3705 930 3756 in
943 3703 993 3757 illo
999 3703 1112 3774 gradu.

469 3781 542 3853 (xv.)
569 3781 656 3853 Quod
663 3789 780 3836 amaret
788 3783 923 3836 uoluntas
931 3785 1046 3852 alioqui
1055 3784 1192 3837 retrahat
1202 3786 1380 3854 sapa'entiarn
1392 3800 1442 3839 seu

636 3853 809 3907 intellellum
822 3873 840 3907 a
852 3872 906 3908 sua
919 3856 1083 3917 elevateone,
1100 3861 1134 3909 ut
1143 3871 1236 3910 secum
1246 3871 1337 3909 unum
1349 3861 1429 3926 agat.

455 3931 539 4006 (xvi.)
567 3932 653 4004 Quod
673 3949 757 3986 amor
778 3950 828 3994 seu
847 3937 982 3988 voluntas
1002 3935 1179 4004 purificetur
1199 3952 1218 3988 a
1236 3937 1383 4006 sapientia
1408 3938 1442 3989 in

637 4005 787 4067 intellellu.
800 4008 830 4060 si
838 4005 930 4058 simul
938 4006 1097 4060 elevantur.

443 4083 539 4155 (xvii.)
566 4083 653 4156 Quod
664 4101 748 4138 amor
764 4102 813 4139 seu
830 4085 966 4139 voluntas
984 4089 1189 4156 conspurcatur
1203 4087 1237 4140 in
1251 4086 1396 4140 intelleltu
1413 4090 1441 4140 et

637 4156 673 4210 ab
685 4157 743 4218 illo,
756 4159 786 4210 si
795 4173 851 4210 non
863 4158 955 4210 se'rnul
963 4159 1122 4212 elevantur.

434 4234 540 4305 (xviii.)
569 4236 656 4308 Quod
675 4253 759 4291 arnor
771 4238 951 4306 purificatus
969 4255 987 4290 a
1005 4239 1153 4307 sapientia
1172 4240 1205 4291 in
1224 4237 1368 4292 entellee‘lu
1377 4236 1442 4306 fiat

635 4307 805 4378 spiritualis
816 4315 844 4361 et
855 4309 990 4362 caelestis.

459 4387 541 4456 (xix.)
570 4388 656 4459 Quod
673 4405 758 4442 amor
776 4393 982 4458 conspurcatus
999 4391 1031 4442 in
1051 4387 1194 4443 intellectu
1211 4393 1239 4441 et
1256 4386 1292 4441 ab
1309 4387 1367 4450 illo,
1379 4387 1442 4458 fiat

635 4461 787 4513 naturalis
797 4467 824 4513 et
838 4461 985 4513 sensualis.

465 4539 538 4606 (xx.)
566 4540 651 4609 Quod
666 4557 753 4608 usque
765 4547 916 4593 remaneat
920 4540 1058 4610 facultas
1070 4539 1260 4610 intellegendi
1274 4555 1348 4607 quae
1356 4554 1439 4591 voca·

636 4612 902 4734 tl‘ubrerrigpionalclas,
916 4617 943 4663 et
951 4611 1090 4682 facultas
1104 4611 1215 4681 agendi
1226 4627 1302 4679 quae
1318 4615 1440 4663 vocatur
