3448 5374
497 679 547 727 DE
572 679 709 729 DlVlNA
733 678 1089 732 stromatum—N.
1111 687 1140 752 3.
1363 690 1382 756 3

249 850 367 916 videre
387 859 423 915 et
443 849 583 926 sentire,
601 851 706 915 immo
722 871 786 916 nec
804 850 932 935 aliquid
952 852 1065 936 loqui;
1089 876 1194 938 quare
1210 857 1383 941 sapientia

249 949 379 1030 absque
398 965 527 1020 amore,
549 967 608 1010 seu
631 945 829 1012 intelledtus
852 947 982 1031 absque
1001 949 1183 1016 voluntate
1207 972 1277 1016 non
1300 964 1381 1038 pot·

249 1053 303 1108 est
328 1041 455 1127 aliquid
478 1041 613 1120 sacere3
648 1042 675 1104 si
707 1044 798 1106 enim
825 1042 893 1107 illis
916 1044 1068 1109 aufertur
1090 1065 1198 1124 amor,
1224 1068 1293 1113 ηοη
1325 1061 1382 1116 est

249 1138 396 1222 amplius
424 1137 562 1222 aliquod
592 1135 694 1214 velle,
719 1139 769 1203 ita
791 1149 940 1204 nonest
967 1139 1107 1224 aliquod
1131 1163 1245 1226 agere.
1294 1143 1380 1210 Cum

248 1235 319 1300 tale
343 1233 436 1317 apud
459 1232 647 1309 hominem,
672 1233 753 1297 dum
775 1234 857 1299 facit
881 1235 1021 1318 aliquid,
1043 1239 1177 1315 existit,
1202 1260 1245 1304 eo
1268 1243 1381 1324 magis

247 1334 337 1416 apud
354 1333 478 1408 Deum,
493 1331 549 1415 qui
566 1341 620 1395 est
637 1331 710 1415 ipse
726 1330 838 1396 Amor
854 1342 890 1396 et
906 1333 981 1414 ipsa
999 1331 1188 1416 Sapientia,
1206 1337 1288 1400 dum
1306 1339 1380 1401 uni·

247 1446 383 1492 versum
399 1436 435 1491 et
452 1427 569 1492 omnia
585 1426 656 1509 ejus
675 1428 807 1492 creavit
827 1437 863 1492 et
879 1427 972 1506 fecit,
991 1432 1143 1494 exstitit.
1191 1442 1248 1506 [2.]
1275 1430 1380 1514 Quod

247 1525 442 1588 universum
466 1542 544 1587 cum
568 1523 728 1587 omnibus
752 1532 788 1588 et
818 1523 963 1606 singulis
986 1523 1058 1607 ejus
1082 1536 1236 1590 creatum
1261 1528 1308 1591 sit
1334 1548 1379 1592 ex

248 1618 375 1684 Divino
390 1618 522 1684 Amore
542 1639 603 1702 per
623 1619 786 1683 Divinam
802 1617 1030 1702 Sapientiam,
1049 1621 1242 1686 confirmari
1259 1633 1380 1706 potest

245 1738 293 1780 ex
308 1717 468 1782 omnibus
480 1716 567 1780 visui
584 1713 746 1798 subjedtis
763 1716 796 1778 in
814 1716 952 1780 mundo.
999 1714 1103 1781 Sume
1121 1718 1226 1782 modo
1239 1717 1380 1802 aliquod

245 1810 418 1896 objectum
435 1812 469 1876 in
486 1812 613 1895 specie,
625 1820 661 1874 et
677 1811 711 1874 id
728 1831 774 1874 ex
790 1810 905 1894 aliqua
921 1811 1094 1894 sapientia
1106 1811 1226 1890 lustra,
1240 1823 1277 1878 et
1294 1835 1378 1878 con-

245 1907 445 1973 firmaberis.
491 1905 594 1971 Sume
613 1906 783 1984 arborem,
804 1916 864 1971 aut
884 1906 956 1989 ejus
975 1927 1106 1985 semen,
1121 1919 1181 1974 aut
1200 1908 1272 1991 ejus
1290 1909 1378 1974 fruc·

245 2014 332 2081 tum,
349 2013 410 2069 aut
428 2001 499 2086 ejus
514 2002 644 2078 florem,
662 2012 723 2066 aut
741 2001 812 2085 ejus
829 2001 959 2077 solium,
977 2012 1012 2067 et
1028 2003 1154 2087 collige
1170 2006 1379 2087 sapientiam

245 2101 335 2183 apud
359 2109 407 2176 te,
427 2109 464 2163 et
483 2095 604 2182 spedia
621 2097 655 2162 id
680 2099 907 2181 microscopio
928 2108 1043 2176 acuto,
1064 2109 1100 2164 et
1124 2100 1258 2164 videbis
1278 2103 1379 2166 mira·

245 2194 347 2275 bilia;
371 2215 411 2260 ac
430 2195 605 2269 interiora,
623 2214 710 2277 quae
727 2215 796 2260 non
810 2195 918 2271 vides,
936 2194 1145 2266 mirabiliora
1159 2195 1273 2260 adhuc
1287 2208 1379 2262 sunt.

245 2289 374 2374 Spedia
389 2290 545 2355 ordinem
561 2290 595 2353 in
611 2310 674 2354 sua
689 2291 920 2367 successione,
938 2291 1115 2374 quomodo
1131 2291 1233 2356 arbor
1250 2312 1272 2356 a
1287 2312 1380 2357 sem·

244 2387 300 2452 ine
316 2386 441 2451 crescit
457 2406 564 2469 usque
580 2385 623 2448 ad
640 2406 767 2450 novum
784 2405 925 2464 semen;
949 2395 986 2450 et
1002 2387 1184 2469 exspende
1201 2406 1329 2452 numne
1345 2389 1382 2453 in

245 2484 338 2547 omni
358 2483 579 2546 successione
602 2481 646 2546 sit
670 2483 856 2546 continuus
874 2482 968 2546 nisus
988 2482 1205 2565 propagandi
1227 2503 1266 2547 se
1289 2482 1381 2548 ulte·

244 2579 334 2657 rius;
358 2577 516 2640 ultimum
536 2577 627 2641 enim
647 2597 715 2660 quo
734 2578 859 2652 tendit,
877 2586 930 2640 est
952 2596 1084 2654 semen,
1103 2578 1137 2640 in
1162 2598 1230 2661 quo
1249 2578 1382 2660 prolifi-

233 2680 322 2738 'cum
341 2672 412 2755 ejus
430 2693 450 2736 e
469 2692 561 2736 novo
580 2681 644 2735 est.
690 2670 727 2736 Si
745 2683 826 2735 ωηο
846 2673 952 2736 etiam
969 2672 1192 2756 spiritualiter
1210 2674 1263 2738 vis
1282 2677 1381 2757 cogi·

244 2778 332 2844 tare,
356 2767 421 2832 hoc
450 2777 552 2850 potes
575 2768 604 2830 si
627 2768 691 2843 vis,
716 2788 832 2831 annon
862 2767 897 2831 in
926 2767 987 2831 illo
1015 2770 1223 2851 sapientiam
1245 2770 1381 2835 visurus

244 2863 304 2928 es?
349 2863 397 2928 Et
417 2861 542 2940 adhuc,
560 2864 588 2927 si
612 2864 663 2927 vis
682 2884 833 2947 eoasque
853 2863 1080 2947 spiritualiter
1100 2867 1268 2947 cogitare,
1286 2866 1380 2949 quod

243 2956 310 3026 hoc
327 2959 455 3025 nonsit
472 2979 493 3024 a
509 2960 651 3034 semine,
666 2978 730 3023 nec
747 2980 767 3021 a
782 2958 857 3022 sole
871 2959 1000 3035 mundi,
1015 2960 1071 3042 qui
1088 2969 1142 3023 est
1156 2979 1260 3043 purus
1276 2961 1379 3043 ignis,

244 3056 305 3120 sed
324 3055 415 3140 quod
436 3054 482 3120 sit
504 3055 540 3118 in
563 3055 694 3118 semine
717 3075 738 3118 a
760 3054 838 3118 Deo
862 3053 1033 3130 Creatore,
1055 3055 1109 3118 cui
1131 3055 1266 3120 infinita
1287 3058 1379 3140 sapi·

244 3152 359 3230 entia;
389 3159 426 3216 et
449 3151 541 3234 quod
561 3170 631 3214 non
650 3149 763 3214 solum
786 3161 869 3215 tunc
893 3149 1032 3233 quando
1052 3160 1207 3214 creatum
1231 3160 1296 3227 est,
1317 3153 1379 3215 sed

243 3248 350 3314 etiam
369 3246 461 3331 quod
481 3247 644 3310 continue
664 3256 809 3328 postea;
832 3246 1046 3309 sustentatio
1065 3246 1157 3309 enim
1177 3254 1232 3309 est
1255 3266 1377 3329 perpe-

243 3355 304 3408 tua
315 3344 457 3420 creatio,
469 3342 559 3406 sicut
572 3341 797 3406 subsistentia
810 3351 864 3406 est
879 3351 1046 3426 perpetua
1057 3342 1256 3405 existentia.
1298 3340 1378 3406 Hoc

244 3439 355 3502 simile
371 3448 437 3514 est,
455 3438 544 3501 sicut
562 3437 590 3499 si
609 3436 720 3500 aufers
736 3436 956 3500 voluntatem
972 3436 1017 3500 ab
1033 3434 1123 3513 adiu,
1137 3445 1253 3500 cessat
1269 3456 1378 3519 opus;

243 3545 303 3599 aut
327 3555 348 3598 a
370 3532 508 3618 loquela
527 3532 639 3596 aufers
657 3525 920 3616 cogitationem,
940 3541 1056 3596 cessat
1076 3530 1236 3616 loquela;
1267 3542 1327 3596 aut
1351 3534 1381 3597 si

243 3652 265 3694 a
283 3641 380 3695 motu
398 3629 509 3694 aufers
526 3638 701 3705 conatum,
720 3638 836 3694 cessat
856 3638 996 3706 motus;
1019 3628 1173 3693 verbosi
1191 3628 1236 3692 ab
1255 3626 1379 3694 efledtu

245 3726 356 3790 aufers
369 3744 521 3802 causam,
536 3726 624 3808 perit
637 3721 801 3803 effedtus3
824 3725 923 3789 etsie
940 3743 1053 3806 porro.
1099 3735 1157 3798 [3.]
1181 3719 1287 3787 Omni
1303 3727 1378 3807 qui·

244 3823 324 3886 dem
342 3820 404 3886 tali
421 3831 540 3885 creato
556 3820 664 3883 indita
681 3829 736 3884 est
749 3821 812 3896 vis,
827 3820 888 3884 sed
901 3821 953 3884 vis
969 3838 1039 3883 ηοη
1056 3815 1183 3900 aliquid
1200 3839 1220 3882 a
1235 3839 1274 3883 se
1290 3821 1377 3902 agit,

244 3918 306 3981 sed
319 3939 364 3981 ex
378 3916 440 3980 illo
455 3917 513 4000 qui
525 3917 593 3979 vim
608 3916 790 3980 indiderat.
830 3912 958 3997 Spedta
971 3915 1077 3978 etiam
1091 3912 1183 3976 aliud
1201 3914 1378 3997 quoddam

243 4035 345 4097 super
362 4014 486 4078 tellure
503 4012 715 4093 subjectum
740 4013 828 4077 sicut
845 4012 1064 4094 bombycem,
1078 4029 1192 4093 apem,
1209 4021 1269 4076 aut
1286 4011 1379 4075 aliud

244 4108 500 4184 animalculum,
525 4119 562 4173 et
585 4108 695 4173 lustra
717 4108 751 4172 id
776 4109 922 4192 primum
946 4105 1165 4182 naturaliter,
1189 4126 1229 4170 ac
1254 4117 1380 4190 postea

243 4199 473 4281 rationaliter,
493 4215 530 4269 et
553 4206 692 4269 demum
711 4203 947 4289 spiritualiter,
967 4211 1004 4268 et
1026 4212 1109 4267 tunc
1130 4201 1159 4266 si
1182 4210 1286 4285 potes
1305 4203 1378 4266 alte

244 4303 413 4384 cogitare,
439 4301 596 4384 stupebis
619 4301 662 4365 ad
691 4301 827 4380 omnia;
861 4309 898 4365 et
929 4299 958 4363 si
987 4298 1143 4363 admittis
1167 4298 1378 4381 sapientiam

245 4397 280 4460 in
313 4408 349 4462 te
376 4397 480 4481 loqui,
505 4418 539 4461 ιη
570 4407 712 4479 stupore
743 4396 849 4473 dices,
876 4393 995 4478 “Quis
1026 4415 1097 4460 ηοη
1127 4393 1225 4459 videt
1257 4393 1292 4458 in
1325 4393 1379 4458 his

247 4492 434 4558 Divinum?
468 4504 547 4558 sunt
575 4494 691 4558 omnia
710 4493 856 4558 Divinae
880 4488 1108 4575 Sapientiae.”
1152 4488 1280 4555 Adhuc
1305 4508 1379 4553 ma-

245 4590 310 4670 gis,
335 4591 362 4653 si
391 4586 528 4673 spedias
552 4609 632 4652 usus
655 4589 810 4653 omnium
833 4609 920 4673 quae
944 4597 1064 4651 creata
1086 4593 1180 4662 sunt,
1204 4587 1380 4670 quomodo

243 4685 279 4748 in
301 4707 362 4749 suo
382 4685 502 4750 ordine
519 4684 710 4750 succedunt
728 4706 834 4770 usque
853 4686 897 4748 ad
915 4683 1104 4760 hominem,
1121 4691 1158 4746 et
1177 4682 1222 4747 ab
1240 4681 1380 4758 homine
