3352 5374
370 669 414 748 84
724 681 1146 734 snmaumaucaurca

369 857 452 919 ritas
485 863 521 918 et
556 853 651 930 fides,
685 854 845 918 voluntas
880 863 915 919 et
946 851 1166 934 intellectum
1202 875 1280 918 cum
1314 855 1367 920 his
1403 859 1500 922 enim

370 948 479 1012 simile
500 957 562 1021 est,
583 948 670 1010 sicut
686 956 740 1011 est
760 967 837 1010 cum
856 967 973 1011 amore
996 958 1032 1011 et
1056 948 1236 1030 sapientia,
1258 967 1383 1030 nempe
1402 951 1500 1033 quod

371 1060 439 1103 non
471 1041 596 1103 dentur
625 1048 727 1103 extra
756 1037 919 1120 subjefita,
946 1060 1033 1122 quae
1064 1051 1143 1104 sunt
1173 1041 1401 1116 substantiae,
1432 1044 1500 1106 sed

370 1132 460 1216 quod
489 1134 557 1195 sint
588 1140 700 1196 status
729 1129 959 1210 subjectorum
989 1152 1049 1196 seu
1079 1133 1371 1212 substantiarum;
1402 1137 1500 1217 quod

370 1226 438 1288 sint
463 1225 672 1288 mutationes
696 1223 842 1299 illorum,
863 1244 949 1308 quae
973 1225 1101 1288 sistunt
1120 1225 1340 1302 variationes,
1361 1227 1497 1291 videbi-

369 1326 424 1380 tur
454 1319 487 1381 in
522 1317 755 1401 sequentibus.
802 1315 863 1379 Per
893 1317 1124 1380 substantiam
1151 1319 1257 1381 etiam
1286 1317 1501 1402 intelligitur

368 1409 487 1483 forma,
509 1429 587 1473 nam
608 1410 804 1473 substantia
823 1408 952 1493 absque
970 1410 1079 1473 forma
1098 1429 1168 1473 non
1187 1411 1300 1474 datur.

432 1517 528 1566 21⁰·
557 1500 615 1566 Ex
638 1522 680 1565 eo
703 1501 794 1585 quod
824 1501 867 1564 de
895 1501 1075 1565 voluntate
1105 1510 1141 1565 et
1169 1499 1362 1578 intellectu,
1383 1503 1500 1586 deque

367 1593 547 1658 affeciione
560 1604 596 1658 et
607 1595 834 1675 cogitatione,
846 1604 919 1657 tum
932 1594 975 1656 de
988 1594 1159 1658 charitate
1172 1605 1207 1658 et
1224 1594 1302 1669 fide,
1316 1594 1500 1660 abstracte

368 1708 388 1751 a
406 1688 620 1760 substantiis,
642 1707 729 1769 quae
748 1697 828 1749 sunt
848 1685 983 1750 illorum
1003 1684 1166 1768 subjecta,
1187 1688 1333 1770 cogitari
1358 1690 1493 1772 potuis·

368 1790 433 1852 set,
452 1790 487 1842 et
511 1781 703 1860 cogitatum
724 1781 780 1852 sit,
800 1777 926 1842 lactum
951 1787 1005 1842 est
1029 1779 1121 1862 quod
1141 1779 1234 1860 justa
1256 1781 1335 1844 idea
1358 1781 1401 1843 de
1425 1780 1500 1844 illis

369 1873 517 1955 perierit,
539 1893 625 1954 quae
644 1882 698 1934 est
719 1871 809 1953 quod
830 1873 898 1933 sint
919 1880 1030 1935 status
1049 1871 1320 1935 substantiarum
1340 1893 1400 1936 seu
1423 1873 1496 1936 sor·

369 1984 514 2028 marum:
536 1984 674 2046 prorsus
697 1965 785 2027 sicut
809 1973 888 2027 sunt
911 1965 1137 2038 sensationes,
1159 1974 1195 2027 et
1218 1961 1382 2040 actiones,
1405 1986 1499 2048 quae

369 2077 432 2120 nec
453 2067 532 2120 sunt
556 2078 610 2120 res
629 2055 826 2120 abstractae
849 2057 893 2119 ab
912 2056 1051 2138 organis
1069 2058 1231 2121 sensoriis
1254 2066 1290 2120 et
1314 2059 1499 2136 motoriis;

368 2147 564 2213 abstraciae
584 2169 643 2212 seu
659 2159 841 2231 separatae
859 2149 902 2211 ab
920 2149 988 2211 illis
1007 2168 1075 2212 non
1095 2158 1176 2212 sunt
1196 2150 1259 2212 nisi
1279 2169 1380 2232 quam
1398 2151 1500 2214 entia

367 2243 532 2320 rationis;
558 2251 638 2305 sunt
657 2243 748 2305 enim
765 2242 852 2305 sicut
869 2241 960 2304 visus
979 2242 1108 2323 absque
1125 2241 1236 2315 oculo,
1257 2243 1395 2305 auditus
1412 2243 1497 2306 abs·

366 2355 433 2419 que
452 2356 544 2410 aure,
565 2343 688 2418 gustus
707 2334 835 2417 absque
856 2333 982 2414 lingua,
1003 2343 1039 2396 et
1058 2334 1106 2396 sic
1124 2354 1235 2414 porro.

430 2450 520 2502 211.
551 2431 723 2516 Quoniam
743 2451 865 2496 omnes
883 2453 937 2494 res
956 2432 1086 2506 civiles,
1106 2433 1256 2496 morales
1274 2443 1311 2496 et
1330 2435 1497 2515 spiritua·

367 2527 418 2592 les
434 2527 592 2590 similiter
611 2546 671 2608 per
687 2526 814 2607 gradus
830 2525 1106 2607 progrediuntur,
1124 2526 1213 2588 sicut
1233 2547 1286 2589 res
1303 2526 1497 2603 naturales,

368 2640 437 2683 non
461 2617 572 2683 solum
606 2639 666 2701 per
689 2618 816 2700 gradus
840 2619 1030 2690 continuos,
1056 2618 1246 2696 sedetiam
1281 2638 1341 2700 per
1364 2621 1500 2699 gradus

367 2713 549 2786 discretos,
573 2724 610 2775 et
633 2712 893 2794 progressiones
916 2712 1083 2791 graduum
1107 2709 1333 2774 discretorum
1361 2731 1398 2774 se
1428 2710 1492 2775 ha·

367 2804 452 2868 bent
469 2804 557 2866 sicut
578 2804 835 2885 progressiones
852 2802 967 2866 finium
984 2803 1027 2866 ad
1045 2822 1176 2878 causas,
1193 2813 1230 2867 et
1249 2822 1427 2867 causarum
1447 2805 1496 2868 ad

367 2894 517 2970 effectus,
543 2896 634 2959 volui
664 2916 736 2960 rem
767 2905 996 2977 praesentem,
1028 2915 1115 2977 quae
1146 2904 1211 2970 est,
1242 2896 1334 2978 quod
1364 2897 1499 2976 gradus

368 2991 508 3053 ultimus
531 2991 576 3051 sit
600 2988 815 3071 complexus,
836 2989 1020 3052 continens
1042 2997 1078 3051 et
1102 2988 1193 3050 basis
1212 2986 1380 3069 graduum
1399 2990 1491 3070 prio-

368 3102 452 3157 rum,
474 3082 646 3145 illustrare
669 3091 705 3144 et
729 3079 930 3144 confirmare
954 3100 1016 3162 per
1036 3078 1252 3162 supradicta
1283 3098 1408 3161 nempe
1430 3101 1498 3163 per

367 3176 427 3239 illa
446 3196 533 3257 quae
550 3185 629 3238 sunt
645 3175 770 3237 amoris
790 3183 826 3237 et
845 3173 1047 3255 sapientiae,
1064 3172 1255 3236 voluntatis
1274 3182 1310 3235 et
1329 3173 1495 3236 intellec·

367 3279 433 3342 tus,
454 3265 642 3331 affectionis
661 3277 696 3330 et
716 3266 951 3347 cogitationis,
971 3284 1011 3328 ac
1031 3264 1209 3331 charitatis
1228 3275 1264 3328 et
1283 3263 1372 3328 fidei.

429 3373 519 3424 212.
550 3358 652 3442 Quod
676 3360 803 3440 gradus
826 3358 967 3421 ultimus
990 3359 1035 3420 sit
1062 3357 1279 3440 complexus,
1304 3359 1496 3421 continens

366 3464 402 3517 et
422 3453 513 3516 basis
532 3452 700 3533 graduum
719 3452 880 3534 priorum,
901 3459 1042 3513 constat
1062 3450 1242 3513 manifeste
1261 3470 1307 3512 ex
1328 3470 1488 3531 progres-

366 3546 463 3608 sione
487 3543 602 3608 finium
626 3555 662 3608 et
688 3562 866 3607 causarum
890 3542 933 3605 ad
957 3539 1107 3606 effectus.
1153 3539 1255 3624 Quod
1280 3540 1420 3606 effectus
1444 3543 1492 3606 sit

366 3636 582 3719 complexus,
603 3638 788 3700 continens
811 3645 848 3699 et
870 3635 962 3698 basis
981 3654 1159 3698 causarum
1184 3645 1220 3698 et
1244 3633 1371 3709 finium,
1391 3655 1411 3696 a
1434 3656 1492 3698 ra·

366 3730 461 3793 tione
486 3729 660 3792 illustrata
690 3739 808 3811 potest
832 3727 1099 3809 comprehendi;
1130 3727 1191 3790 sed
1219 3747 1288 3790 non
1312 3728 1362 3790 ita
1384 3726 1493 3802 clare,

365 3822 457 3903 quod
476 3820 551 3884 finis
575 3841 651 3884 cum
672 3823 828 3885 omnibus
848 3819 930 3901 ejus,
951 3831 987 3883 et
1010 3838 1208 3883 causacum
1229 3820 1386 3882 omnibus
1405 3819 1492 3899 ejus,

365 3910 548 3977 afilualiter
566 3915 635 3977 sint
654 3914 687 3977 in
708 3911 840 3987 effectu,
860 3933 899 3977 ac
920 3913 1010 3994 quod
1031 3909 1169 3975 effectus
1189 3913 1234 3975 sit
1254 3910 1376 3994 plenus
1392 3931 1486 3974 com·

365 4006 490 4088 plexus
516 4025 645 4069 eorum.
691 4004 792 4086 Quod
822 4026 877 4069 res
907 4005 987 4067 talis
1015 4006 1071 4079 sit,
1099 4025 1119 4066 a
1146 4001 1330 4086 praedictis
1358 4005 1391 4066 in
1422 4003 1491 4066 hac

366 4098 467 4162 Parte
487 4110 650 4162 constare
669 4108 798 4179 potest,
819 4119 864 4161 ex
892 4097 959 4160 illis
989 4097 1164 4178 imprimis,
1185 4097 1278 4180 quod
1309 4115 1411 4159 unum
1442 4097 1491 4159 sit

364 4191 408 4254 ab
427 4191 539 4254 altero
558 4192 591 4255 in
609 4191 695 4254 serie
712 4190 906 4272 triplicata;
931 4199 966 4252 et
985 4191 1076 4271 quod
1093 4186 1232 4252 effectus
1249 4209 1317 4252 non
1335 4189 1379 4251 sit
1395 4186 1491 4250 aliud

364 4304 465 4366 quam
483 4283 558 4346 finis
578 4285 611 4346 in
631 4305 692 4346 suo
708 4283 849 4358 ultin103
874 4293 909 4344 et
929 4283 1006 4363 quia
1023 4281 1178 4344 ultimum
1196 4291 1250 4345 est
1271 4279 1490 4362 complexus,

364 4378 518 4458 sequitur
538 4377 628 4459 quod
649 4376 806 4440 ultimum
826 4376 869 4438 sit
890 4375 1084 4448 continens,
1106 4384 1140 4436 et
1161 4393 1295 4456 quoque
1313 4373 1415 4436 basis.

428 4489 521 4556 213·
552 4474 654 4556 Quod
674 4493 826 4538 amorem
850 4484 885 4537 et
910 4474 1114 4556 sapientiam
1135 4474 1282 4536 attinet:
1315 4480 1369 4535 est
1391 4489 1492 4534 amor

365 4565 451 4642 finis,
473 4568 644 4650 sapientia
667 4587 769 4630 causa
793 4585 988 4649 perquam,
1013 4586 1052 4628 ac
1078 4587 1156 4628 usus
1180 4576 1233 4628 est
1257 4561 1419 4641 effectum
1446 4581 1489 4626 ac

366 4679 444 4723 usus
461 4669 515 4724 est
533 4660 748 4742 complexus,
766 4660 949 4723 continens
965 4668 1000 4722 et
1019 4658 1110 4721 basis
1127 4657 1316 4739 sapientiae
1336 4666 1372 4720 et
1390 4673 1485 4718 amo·

1659 4449 1661 4476 t

1659 4487 1661 4560 l

1660 4567 1661 4624 l
