3418 5370
322 657 385 738 248
677 669 881 722 summum
903 667 1101 721 axcamca

323 853 405 908 tunc
419 865 439 908 a
451 844 644 910 voluntatis
661 865 745 909 suae
761 843 855 908 malo
870 853 906 908 et
922 841 994 925 ejus
1006 839 1170 925 jucundo,
1187 841 1235 906 ita
1251 861 1297 906 ex
1313 841 1451 925 propria

323 940 566 1024 intelligentia,
580 961 619 1004 ac
638 961 707 1004 non
719 941 815 1004 videt
828 941 892 1003 nisi
908 959 1009 1022 quam
1022 939 1201 1014 salsum,et
1217 957 1287 1000 non
1299 939 1373 1019 agit
1387 937 1452 1002 nisi

323 1056 425 1117 quam
443 1036 581 1112 malum,
599 1037 774 1100 credendo
790 1035 882 1118 quod
898 1034 1031 1098 malitia
1045 1036 1090 1098 sit
1109 1033 1291 1116 sapientia,
1308 1041 1344 1096 et
1358 1029 1451 1114 quod

323 1133 452 1194 astutia
468 1133 511 1194 sit
530 1132 732 1214 prudentia;
758 1142 794 1195 et
813 1151 860 1194 ex
879 1131 1018 1214 propria
1034 1127 1268 1210 intelligentia
1286 1128 1396 1190 credit
1412 1146 1451 1189 se

324 1245 460 1302 numen,
481 1237 517 1290 et
540 1229 653 1290 haurit
678 1236 755 1291 tota
778 1236 897 1290 mente
918 1236 1013 1290 artes
1031 1225 1209 1289 nefandas.
1255 1227 1313 1288 [2.]
1343 1220 1450 1285 Tales

323 1321 473 1387 insanias
499 1323 569 1387 vidi
599 1323 745 1406 pluries;
775 1332 812 1386 et
842 1342 979 1406 quoque
1006 1321 1098 1404 quod
1127 1321 1161 1384 in
1190 1319 1345 1384 alternos
1370 1317 1450 1382 illos

322 1426 437 1482 status
456 1419 547 1482 intra
562 1417 670 1482 horae
692 1428 831 1501 tempus
852 1419 906 1482 bis
924 1426 984 1482 aut
1006 1426 1062 1482 ter
1076 1416 1170 1480 missi
1189 1416 1281 1495 sint;
1304 1423 1342 1478 et
1363 1423 1448 1478 tunc

323 1511 442 1576 datum
462 1523 515 1577 est
532 1514 601 1579 illis
619 1515 736 1579 videre
760 1535 840 1578 suas
858 1513 1022 1590 insanias,
1042 1522 1079 1577 et
1102 1531 1238 1596 quoque
1256 1531 1450 1594 agnoscere

321 1606 421 1687 illas;
446 1619 482 1672 at
502 1630 608 1694 usque
632 1631 701 1674 non
721 1608 904 1673 voluerunt
921 1609 955 1673 in
975 1618 1072 1672 statu
1089 1607 1249 1672 rationali
1271 1617 1308 1671 et
1328 1605 1450 1670 morali

323 1722 474 1781 manere,
491 1705 553 1768 sed
569 1726 606 1769 se
621 1706 716 1789 ipsos
734 1715 862 1788 sponte
877 1712 1125 1768 converterunt
1141 1704 1176 1768 in
1191 1711 1323 1766 statum
1340 1702 1449 1767 inter·

323 1817 404 1862 num
434 1800 629 1865 sensualem
659 1809 694 1865 et
722 1802 902 1880 insanum;
934 1799 1026 1865 hunc
1054 1801 1147 1864 enim
1175 1799 1340 1864 amabant
1365 1819 1449 1882 prae

322 1893 445 1972 altero,
473 1897 553 1979 quia
579 1898 613 1961 in
640 1897 701 1961 illo
729 1905 805 1960 erat
824 1894 1013 1977 jucundum
1034 1895 1161 1959 amoris
1183 1896 1277 1958 vitae
1299 1894 1447 1958 illorum.

323 1989 409 2070 Quis
429 2001 545 2074 potest
565 1992 715 2066 credere,
737 1991 829 2075 quod
847 1991 953 2055 homo
972 1991 1084 2054 malus
1101 1993 1193 2055 intra
1210 1991 1331 2054 faciem
1350 2009 1449 2054 suam

321 2084 402 2148 talis
421 2087 476 2162 sit,
497 2097 532 2150 et
552 2088 644 2169 quod
664 2088 772 2151 talem
791 2088 1089 2170 metamorphosin
1108 2087 1239 2162 subeat,
1261 2105 1339 2150 cum
1356 2086 1451 2150 intra

320 2179 416 2244 illum
443 2181 558 2246 venit?
602 2183 659 2246 Ex
690 2182 766 2246 sola
795 2182 860 2246 hac
895 2183 1112 2265 experientia
1134 2193 1296 2246 constare
1317 2191 1448 2263 potest,

319 2277 430 2358 qualis
446 2287 500 2340 est
517 2279 653 2360 propria
668 2277 914 2360 intelligentia,
932 2279 1071 2362 quando
1087 2298 1132 2341 ex
1148 2276 1242 2342 malo
1257 2275 1450 2342 voluntatis

320 2392 401 2434 suae
415 2375 547 2455 cogitat
564 2383 600 2436 et
615 2374 702 2455 agit.
746 2372 864 2437 Aliter
879 2372 918 2437 fit
935 2393 1012 2438 cum
1025 2374 1144 2437 bonis:
1168 2373 1204 2438 hi
1220 2393 1298 2437 cum
1314 2394 1335 2437 a
1353 2383 1449 2438 statu

320 2479 470 2533 externo
500 2469 534 2532 in
557 2469 732 2533 internum
755 2470 949 2546 mittuntur,
973 2467 1059 2532 fiunt
1081 2469 1194 2532 adhuc
1218 2469 1449 2552 sapientiores

320 2573 355 2627 et
379 2567 593 2628 moratiores.
640 2579 697 2639 [³.]
729 2563 947 2628 Secundum:
984 2563 1082 2642 Quod
1099 2563 1135 2626 si
1148 2564 1297 2646 propria
1320 2565 1447 2628 intelli·

315 2662 437 2742 gentio
460 2671 536 2724 tunc
552 2661 646 2725 videt
665 2682 790 2737 verum,
810 2660 868 2724 vel
884 2670 1020 2725 avertat
1040 2681 1085 2736 se,
1102 2659 1158 2723 vel
1167 2660 1334 2744 salstficet
1350 2661 1447 2728 illud.

320 2757 385 2819 Est
408 2757 538 2820 homini
556 2757 732 2839 proprium
749 2755 993 2830 voluntarium,
1014 2765 1050 2819 et
1073 2763 1127 2817 est
1149 2757 1322 2838 proprium
1341 2757 1447 2820 intel·

319 2849 489 2929 lettuale;
520 2854 694 2934 proprium
716 2851 948 2916 voluntarium
972 2859 1026 2914 est
1049 2851 1189 2926 malum,
1204 2839 1249 2914 ¹et
1271 2853 1446 2934 proprium

317 2944 553 3010 intellectuale
570 2955 625 3011 est
644 2946 766 3010 salsum
784 2948 885 3026 inde;
908 2945 974 3010 hoc
991 2946 1198 3028 intelligitur
1216 2967 1277 3030 per
1294 2947 1446 3012 “volun-

318 3051 431 3106 tatem
448 3041 533 3106 viri”
552 3051 589 3105 et
606 3041 690 3105 illud
709 3063 771 3124 per
790 3042 1039 3105 “voluntatem
1059 3040 1197 3105 carnis”
1218 3040 1315 3124 (Joh.
1335 3042 1355 3105 i.
1379 3044 1444 3128 13).

318 3138 494 3222 Proprium
517 3137 749 3201 voluntarium
776 3148 831 3202 est
861 3139 895 3202 in
926 3158 989 3200 sua
1017 3137 1171 3200 essentia
1194 3155 1291 3200 amor
1320 3139 1382 3214 sui,
1406 3150 1444 3206 et

317 3234 489 3318 proprium
511 3230 748 3297 intellectuale
770 3244 826 3297 est
852 3233 963 3296 fastus
985 3253 1031 3296 ex
1053 3231 1114 3295 illo
1136 3252 1275 3310 amore;
1305 3245 1385 3298 sunt
1408 3234 1444 3300 hi

317 3331 387 3394 bini
421 3331 509 3392 sicut
542 3329 611 3392 duo
642 3328 819 3410 conjuges,
850 3339 887 3393 et
920 3327 1116 3410 conjugium
1149 3347 1267 3392 eorum
1298 3342 1445 3396 vocatur

317 3425 513 3506 conjugium
529 3422 612 3487 mali
630 3433 666 3488 et
685 3423 770 3488 salsi.
817 3423 858 3488 In
876 3424 942 3488 hoc
959 3423 1154 3505 conjugium
1172 3425 1324 3490 mittitur
1339 3447 1443 3490 unus·

316 3523 459 3604 quisque
482 3519 592 3582 malus
618 3520 770 3601 spiritus,
794 3531 981 3608 antequam
1011 3520 1045 3582 in
1076 3518 1264 3598 infernum;
1298 3530 1335 3585 et
1364 3542 1443 3586 cum

316 3618 362 3679 ibi
378 3625 443 3690 est,
461 3625 540 3678 tunc
560 3635 628 3678 non
646 3617 712 3678 scit
729 3615 809 3698 quid
825 3616 965 3691 bonum,
983 3633 1063 3678 nam
1080 3614 1208 3679 malum
1225 3635 1322 3680 suum
1338 3630 1443 3683 vocat

316 3713 456 3786 bonum,
480 3711 590 3773 sentit
611 3711 704 3774 enim
725 3710 811 3774 illud
833 3721 871 3775 ut
897 3710 1105 3793 jucundum;
1135 3720 1172 3776 et
1200 3733 1335 3795 quoque
1359 3722 1442 3778 tunc

315 3808 444 3872 avertit
468 3828 505 3871 se
527 3827 549 3869 a
570 3826 665 3882 vero,
685 3826 749 3871 nec
767 3806 842 3871 vult
861 3808 979 3872 videre
998 3807 1093 3884 illud,
1114 3809 1194 3892 quia
1211 3808 1336 3872 salsum
1358 3829 1443 3874 con·

316 3904 464 3968 cordans
490 3923 568 3966 cum
599 3923 661 3966 suo
688 3902 781 3967 malo
803 3904 900 3968 videt
925 3907 1014 3969 sicut
1043 3905 1163 3970 oculus
1190 3906 1381 3989 pulchrum,
1406 3918 1444 3973 et

316 4001 414 4065 audit
430 4000 519 4062 sicut
538 4000 628 4062 auris
640 3999 888 4064 harmonicum.
921 4007 979 4069 [4.]
1006 4003 1182 4069 Tertium:
1204 4002 1303 4082 Quod
1314 4003 1444 4069 Divina

316 4095 541 4159 Providentia
559 4095 708 4158 continue
716 4097 831 4178 faciat
848 4098 1012 4164 hominem
1031 4101 1146 4166 vt'dm
1163 4123 1288 4177 verum,
1307 4111 1340 4164 et
1356 4099 1448 4184 quod
1523 4167 1533 4188 ‚

316 4193 418 4256 etiam
441 4193 498 4255 det
518 4192 725 4276 affeliionem
747 4197 959 4279 percipiendi
976 4197 1066 4261 illud
1088 4211 1120 4262 et
1141 4199 1325 4281 recipiendi
1345 4195 1442 4263 z‘llud.

318 4289 395 4353 Hoc
419 4287 469 4366 fit,
490 4291 569 4372 quia
588 4291 714 4356 Divina
732 4291 953 4360 Providentia
975 4297 1049 4379 agit
1071 4297 1116 4362 ab
1138 4298 1304 4376 interiori,
1323 4307 1360 4363 et
1382 4318 1445 4382 per

317 4385 351 4449 id
375 4385 485 4450 influit
504 4387 538 4450 in
558 4388 745 4464 exteriora,
765 4411 826 4454 seu
844 4412 865 4454 a
884 4393 1049 4474 spirituali
1066 4393 1101 4458 in
1121 4393 1180 4459 illa
1198 4417 1287 4480 quae
1305 4406 1385 4462 sunt
1407 4395 1443 4460 in

318 4485 467 4549 naturali
485 4484 636 4562 homine,
654 4505 693 4551 ac
714 4508 774 4569 per
792 4486 904 4550 lucem
921 4487 1008 4553 caeli
1027 4489 1196 4555 illuminat
1214 4490 1441 4572 intelleetum,

318 4589 354 4641 et
378 4601 439 4663 per
462 4580 611 4644 calorem
636 4581 723 4644 caeli
747 4580 896 4644 vivificat
920 4581 1148 4649 voluntatem.
1194 4585 1273 4650 Lux
1297 4588 1384 4652 caeli
1406 4589 1441 4653 in

317 4695 380 4738 sua
402 4676 555 4739 essentia
577 4685 631 4740 est
655 4675 780 4740 Divina
804 4675 992 4757 Sapientia,
1017 4688 1054 4742 et
1081 4679 1176 4743 calor
1199 4681 1285 4746 caeli
1318 4683 1351 4746 in
1383 4705 1445 4748 sua
