3426 5382
326 669 386 729 106
676 672 881 726 SAPIENTIA
903 673 1100 726 ANGELICA

318 849 380 914 illa
410 849 574 925 essentia,
596 847 788 912 substantia
818 856 854 912 et
883 845 1003 924 forma,
1028 846 1074 912 sit
1105 846 1250 912 Divinus
1279 847 1391 913 Amor
1419 857 1460 914 et

321 946 446 1010 Divina
465 943 653 1028 Sapientia,
674 965 718 1008 ex
739 944 860 1028 quibus
879 954 959 1008 sunt
979 945 1105 1020 omnia,
1127 964 1215 1028 quae
1234 945 1278 1007 ad
1300 964 1458 1010 amorem

318 1052 355 1105 et
388 1042 593 1123 sapientiam
618 1040 708 1124 apud
733 1039 909 1104 hominem
940 1061 977 1104 se
1009 1039 1170 1105 referunt.
1219 1037 1322 1123 Quod
1348 1044 1458 1108 etiam

319 1139 364 1202 sit
381 1137 491 1220 ipsum
506 1135 640 1199 Bonum
661 1147 696 1199 11
715 1136 825 1217 ipsum
842 1134 985 1213 Verum,
1002 1135 1046 1198 ad
1067 1155 1155 1220 quae
1174 1137 1292 1201 omnia
1310 1158 1346 1202 se
1367 1139 1455 1203 rele-

318 1243 408 1297 runt.
454 1233 500 1297 Et
518 1233 608 1317 quod
625 1231 684 1295 illa
697 1233 765 1294 sint
783 1232 866 1308 vita,
880 1251 926 1295 ex
942 1251 1008 1316 qua
1021 1233 1174 1296 omnium
1191 1234 1275 1310 vita,
1286 1243 1323 1297 et
1340 1235 1460 1298 omnia

318 1333 411 1395 vitae
435 1341 526 1394 sunt.
571 1328 660 1392 Tum
685 1329 775 1411 quod
800 1327 950 1393 Unicum
976 1339 1012 1392 et
1044 1327 1162 1413 Ipsum
1187 1331 1233 1394 sit
1259 1331 1456 1414 omniprae-

318 1447 408 1503 sens,
426 1425 633 1490 omnisciens
652 1435 688 1488 et
708 1425 940 1508 omnipotens.
988 1423 1036 1489 Et
1061 1426 1155 1509 quod
1176 1425 1242 1490 hoc
1263 1428 1399 1491 unicum
1419 1437 1458 1491 et

317 1525 428 1606 ipsum
452 1523 496 1586 sit
519 1521 688 1585 Dominus
706 1521 751 1584 ab
764 1528 910 1584 aeterno
927 1541 986 1583 seu
1005 1519 1172 1602 Jehovah.
1234 1529 1292 1590 [2.]
1321 1522 1454 1586 Primo:

320 1618 418 1697 Quod
432 1618 528 1682 unt’ea
542 1616 696 1692 essentia,
714 1615 811 1681 unica
827 1615 1020 1680 substantia
1038 1627 1072 1681 et
1090 1617 1187 1682 unica
1201 1618 1321 1700 ferma
1339 1619 1395 1696 sit,
1412 1639 1461 1682 ex

317 1714 437 1797 que'ius
451 1733 561 1776 omnes
577 1713 748 1788 essentiae,
766 1711 977 1776 substantiae
1002 1723 1035 1776 et
1043 1715 1192 1794 formae,
1212 1735 1297 1797 qnae
1312 1725 1456 1792 creatae,

317 1820 406 1884 sunt,
431 1819 608 1872 ostensum
639 1819 693 1872 est
726 1811 759 1872 in
795 1805 1028 1872 transastione
1053 1809 1105 1873 De
1132 1809 1402 1875 Diveneelmere
1422 1821 1460 1876 et

317 1904 445 1969 Divina
461 1903 637 1985 Sapientia
654 1903 700 1986 (n.
719 1903 852 1986 44-46),
872 1914 907 1968 et
929 1907 963 1968 in
984 1905 1083 1969 Parte
1107 1903 1268 1970 Secunda
1287 1907 1344 1983 ibi,
1361 1907 1456 1990 quod

317 1999 377 2064 Sol
397 1998 482 2062 caeli
501 1998 660 2080 angelici,
682 2001 736 2080 qui
755 2009 809 2063 est
833 2021 852 2062 a
879 1999 1039 2077 Domino,
1065 2011 1101 2064 et
1126 2001 1159 2064 in
1183 2022 1251 2085 quo
1271 2001 1456 2080 Dominus,

316 2097 362 2160 sit
381 2095 441 2159 illa
457 2096 557 2159 unica
572 2094 767 2159 substantia
787 2105 823 2159 et
843 2095 962 2172 forma,
980 2118 1025 2160 ex
1046 2118 1112 2180 qua
1132 2099 1247 2162 omnia
1268 2108 1348 2163 sunt
1364 2119 1456 2180 quae

317 2201 446 2265 creata,
460 2201 496 2254 et
513 2191 605 2274 quod
622 2190 706 2254 nihil
723 2191 824 2255 detur
842 2213 881 2254 ac
899 2193 971 2255 dari
989 2193 1112 2276 possit,
1132 2194 1225 2277 quod
1243 2215 1312 2258 non
1329 2215 1373 2256 ex
1389 2195 1457 2258 illo

316 2290 372 2352 sit.
418 2285 521 2370 Quod
544 2310 589 2351 ex
612 2287 674 2352 illo
697 2289 765 2352 sint
786 2291 901 2353 omnia
926 2310 988 2374 per
1010 2289 1242 2353 derivationes
1263 2291 1454 2354 secundum

316 2384 455 2468 gradus,
476 2385 510 2446 in
534 2384 635 2448 Parte
654 2382 775 2448 Tertia
795 2386 840 2448 ibi
863 2386 1140 2448 demonstratum
1160 2394 1224 2448 est.
1277 2391 1335 2452 [3.]
1365 2383 1456 2466 Quis

317 2501 385 2545 non
403 2502 448 2545 ex
461 2482 594 2544 ratione
608 2482 754 2563 percipit
768 2493 802 2544 et
821 2484 992 2564 agnoscit,
1010 2481 1102 2564 quod
1117 2481 1216 2544 unica
1230 2482 1381 2544 essentia
1393 2482 1453 2556 sit,

316 2599 361 2641 ex
379 2599 445 2660 qua
461 2578 572 2639 omnis
589 2579 751 2653 essentia,
769 2599 829 2642 seu
848 2579 983 2641 unicum
1004 2575 1091 2640 Esse
1110 2597 1131 2639 a
1150 2597 1217 2659 quo
1233 2596 1335 2640 omne
1351 2577 1455 2641 esse?

317 2672 408 2755 Quid
425 2684 543 2756 potest
556 2675 708 2738 existere
722 2676 851 2758 absque
865 2695 953 2748 esse,
965 2683 1000 2736 et
1021 2673 1100 2754 quid
1114 2693 1191 2737 esse
1208 2693 1253 2736 ex
1269 2692 1337 2753 quo
1346 2691 1455 2736 omne

316 2790 404 2843 esse,
416 2771 479 2833 nisi
492 2771 536 2832 sit
548 2771 658 2851 ipsum
673 2771 783 2834 Esse?
829 2771 875 2834 Et
887 2770 978 2854 quod
992 2780 1046 2832 est
1061 2769 1171 2852 ipsum
1187 2768 1286 2842 Esse,
1298 2776 1350 2831 est
1365 2788 1452 2850 quo·

317 2885 381 2948 que
398 2867 534 2928 unicum
552 2865 650 2939 Esse,
668 2878 703 2929 et
724 2868 757 2929 in
779 2888 815 2930 se
832 2866 931 2931 Esse.
977 2863 1063 2930 Cum
1085 2865 1133 2926 ita
1151 2873 1216 2938 est,
1237 2861 1287 2944 (et
1307 2864 1454 2948 quisque

316 2961 382 3025 hoc
396 2982 441 3024 ex
458 2961 590 3024 ratione
604 2965 748 3046 percipit
766 2973 802 3026 et
820 2963 990 3045 agnoscit,
1014 2971 1049 3024 et
1067 2961 1093 3022 si
1112 2979 1191 3033 non,
1206 2969 1321 3041 potest
1339 2963 1452 3041 perci-

317 3077 397 3141 pere
410 3066 445 3120 et
458 3057 679 3142 agnoscere)
690 3060 771 3143 quid
786 3071 868 3124 tunc
883 3059 973 3123 aliud
988 3057 1151 3139 sequitur,
1164 3076 1264 3138 quam
1277 3059 1369 3139 quod
1382 3057 1452 3122 hoc

317 3152 416 3228 Esse,
431 3155 522 3236 quod
536 3165 589 3218 est
603 3155 712 3237 ipsum
728 3155 899 3229 Divinum,
913 3153 1003 3238 quod
1018 3151 1183 3234 Jehovah‚
1200 3154 1243 3214 sit
1259 3173 1361 3215 omne
1373 3172 1449 3216 om-

316 3251 410 3313 nium
421 3271 509 3332 quae
522 3261 601 3314 sunt
615 3261 650 3315 et
668 3253 834 3315 existunt.
882 3256 938 3313 [4.]
967 3249 1084 3312 Simile
1100 3258 1165 3321 est,
1181 3248 1207 3310 si
1221 3248 1344 3310 dicitur
1355 3250 1450 3331 quod

316 3347 417 3410 unica
440 3346 637 3411 substantia
660 3350 716 3424 sit,
738 3372 782 3412 ex
813 3371 879 3432 qua
909 3347 1043 3422 omnia3
1081 3356 1116 3408 et
1148 3346 1226 3426 quia
1254 3343 1452 3409 substantia

315 3441 446 3525 absque
465 3441 574 3506 forma
598 3463 666 3506 non
691 3456 746 3508 est
769 3445 908 3528 aliquid,
930 3442 1083 3525 sequitur
1103 3441 1208 3503 etiam
1230 3438 1322 3522 quod
1348 3441 1451 3504 unica

316 3537 425 3604 forma
441 3538 499 3614 sit,
510 3560 555 3603 ex
572 3561 639 3622 qua
651 3542 777 3605 omnia.
824 3539 926 3622 Quod
945 3536 1003 3602 Sol
1021 3536 1107 3600 caeli
1126 3535 1273 3617 angelici
1292 3535 1335 3599 sit
1349 3537 1451 3600 unica

316 3633 377 3699 illa
389 3633 582 3699 substantia
598 3645 634 3700 et
653 3637 771 3712 forma,
787 3648 859 3701 tum
877 3637 1049 3720 quomodo
1066 3633 1241 3696 ¹¹¹variatur
1257 3631 1316 3695 illa
1329 3653 1449 3696 essen·

317 3732 377 3807 tia,
395 3731 591 3797 substantia
611 3746 647 3799 et
669 3735 777 3799 forma
801 3737 833 3799 in
858 3735 994 3807 creatis,
1016 3733 1048 3794 in
1074 3726 1269 3812 supradidta
1291 3739 1449 3793 transac-

316 3829 412 3892 tione
435 3828 712 3895 demonstratum
737 3842 798 3895 est.
846 3839 902 3898 lod
944 3828 1120 3892 Secundo:
1150 3823 1248 3903 Quod
1267 3824 1364 3888 unica
1385 3822 1429 3888 ill

317 3924 471 3999 essentia,
492 3926 685 3991 substantia
707 3937 740 3991 et
752 3929 872 4008 forma
890 3927 937 3990 sit
959 3925 1105 3988 Divimes
1130 3922 1240 3984 Amor
1262 3930 1297 3983 et
1317 3919 1451 3984 Dt'vina

318 4019 516 4103 Sapientia·
538 4045 581 4087 ex
598 4023 717 4107 quibus
733 4024 844 4089 emen'a
862 4034 951 4099 sunt,
973 4043 1057 4104 qnae
1076 4020 1125 4084 ad
1140 4037 1285 4083 amorem
1300 4025 1335 4079 et
1351 4015 1446 4098 sapi·

317 4119 439 4182 entiam
462 4122 557 4201 apud
575 4121 737 4184 timenem
760 4142 796 4184 se
818 4122 979 4201 referum,
1005 4119 1111 4182 etiam
1143 4117 1176 4178 in
1213 4109 1450 4177 transaEtione

316 4215 369 4279 De
388 4215 514 4279 Divino
532 4217 563 4279 Α
569 4239 658 4280 terere
678 4227 710 4280 et
731 4217 861 4281 Divina
885 4215 1072 4298 Sapientia,
1095 4213 1136 4276 ad
1163 4211 1301 4296 plenum
1326 4216 1448 4271 osten·

318 4333 392 4376 sum
421 4323 486 4376 est,
532 4311 766 4397 Quaecunque
794 4314 884 4394 apud
915 4313 1091 4377 hominem
1117 4317 1287 4393 apparent
1318 4305 1449 4380 vivere,

318 4405 388 4472 ¹²¹ad
409 4409 627 4474 voluntatem
648 4421 684 4474 et
700 4407 914 4474 intellectum
934 4412 1024 4492 apud
1045 4410 1140 4474 illum
1166 4431 1202 4472 se
1228 4407 1389 4478 referunt,
1410 4413 1448 4466 et

317 4505 408 4586 quod
427 4505 512 4571 haec
530 4508 599 4570 duo
615 4506 746 4572 faciant
761 4508 869 4572 vitam
889 4505 971 4590 ejus,
989 4509 1130 4591 quisque
1149 4527 1194 4571 ex
1215 4506 1350 4570 ratione
1369 4521 1447 4585 per·

318 4601 402 4682 cipit
419 4614 455 4666 et
475 4603 645 4686 agnoscit.
681 4601 772 4685 Quid
789 4603 880 4668 aliud
899 4613 953 4668 est
967 4624 1067 4686 quam
1086 4601 1164 4666 Hoc
1181 4602 1272 4672 volo.
1289 4613 1346 4664 aut
1368 4599 1448 4664 Hoc

318 4695 489 4780 intelligo,
510 4719 571 4762 seu
592 4697 669 4763 Hoc
690 4719 779 4776 amn,
799 4710 858 4764 aut
880 4699 957 4764 Hoc
978 4697 1121 4782 cogito?
1166 4697 1213 4761 Et
1236 4697 1315 4780 quia
1342 4695 1450 4764 homo
