3424 5368
495 736 546 786 DE
569 733 710 785 DIVINA
734 732 1089 786 PRovaNTlm-N.
1114 738 1186 805 227.
1349 727 1409 809 167

276 911 325 976 sic
349 911 442 996 quod
464 909 615 993 separari
638 909 784 991 possint.
832 906 894 992 (3.)
926 905 994 973 Sed
1018 910 1110 992 quod
1139 909 1207 974 hoc
1238 930 1307 973 non
1335 908 1407 974 fieri

277 1009 399 1088 possit,
416 1006 445 1070 si
463 1005 569 1071 homo
585 1005 730 1087 primum
747 1005 909 1087 agnoscit
929 1026 1011 1069 vera
1030 1004 1108 1069 fidei
1127 1016 1163 1070 et
1181 1005 1266 1070 vivit
1283 1026 1408 1072 secun·

277 1101 357 1166 dum
377 1103 446 1178 illa,
466 1111 503 1167 et
523 1111 647 1185 postea
662 1101 793 1165 recedit
814 1109 850 1165 et
869 1109 975 1183 negat
994 1101 1063 1164 illa.
1111 1099 1172 1184 (4.)
1199 1101 1301 1184 Quod
1322 1112 1404 1166 tunc

277 1199 502 1262 commisceat
533 1197 661 1260 bonum
693 1204 729 1260 et
759 1195 900 1271 malum,
926 1217 1033 1279 usque
1064 1197 1151 1260 adeo
1182 1209 1219 1261 ut
1254 1198 1406 1281 separari

277 1302 463 1376 nequeant.
519 1290 580 1376 (5.)
613 1291 661 1355 Et
691 1292 770 1375 quia
792 1291 920 1355 bonum
950 1301 987 1356 et
1017 1292 1144 1355 malum
1167 1293 1258 1376 apud
1282 1312 1403 1357 unum-

277 1390 431 1470 quemvis
455 1388 630 1452 hominem
654 1387 846 1470 separanda
869 1398 960 1462 sunt,
985 1399 1021 1450 et
1052 1388 1142 1469 apud
1172 1387 1280 1452 talem
1304 1409 1403 1471 sepa·

276 1485 341 1547 rari
376 1491 560 1567 nequeunt,
592 1482 683 1566 quod
717 1483 795 1547 ideo
829 1482 941 1566 quoad
973 1502 1075 1547 omne
1106 1503 1185 1547 vere
1215 1482 1404 1547 humanum

277 1580 485 1643 destruatur.

340 1688 430 1759 227.
467 1673 543 1738 Hae
578 1683 658 1737 sunt
691 1693 826 1749 causae,
859 1683 1001 1755 propter
1034 1693 1120 1756 quas
1154 1672 1226 1737 tale
1263 1694 1404 1738 enorme

276 1770 418 1846 existit;
453 1768 514 1831 sed
544 1767 635 1843 illae,
659 1768 738 1851 quia
770 1767 805 1831 in
839 1767 986 1831 obscuro
1014 1777 1094 1832 sunt
1126 1789 1170 1830 ex
1205 1769 1405 1850 ignorantia

275 1864 420 1938 illarum,
453 1863 683 1946 explicandae
715 1871 806 1938 sunt,
831 1872 869 1926 ut
900 1882 1015 1925 coram
1040 1860 1220 1927 intelledtu
1248 1874 1402 1946 pateant.

278 1961 406 2024 Primo:
442 1959 540 2038 Quod
558 1958 718 2042 quicquid
735 1957 830 2020 homo
852 1979 895 2021 cx
916 1956 1085 2021 voluntate
1105 1958 1240 2040 cogitat,
1258 1958 1407 2042 loquatur

276 2066 308 2119 ct
339 2057 422 2138 agit,
448 2055 693 2136 appropriatur
724 2053 757 2116 ci
783 2063 816 2115 ct
848 2064 1030 2128 remaneat,
1056 2063 1126 2117 tam
1156 2054 1274 2117 bonum
1303 2076 1406 2138 qnam

276 2150 534 2215 malum-Hoc
559 2160 739 2213 ostensum
763 2157 817 2212 est
850 2168 951 2230 supra
985 2146 1032 2230 (n.
1057 2149 1198 2232 78-81):
1234 2160 1287 2213 est
1311 2151 1404 2213 enim

276 2245 406 2310 homini
430 2247 595 2310 memoria
618 2256 766 2308 externa
789 2265 849 2308 seu
879 2245 1056 2319 naturalis
1082 2265 1121 2308 ac
1153 2256 1207 2308 est
1238 2248 1405 2310 memoria

276 2343 412 2405 interna
443 2363 502 2404 seu
537 2339 734 2423 spiritualis.
783 2339 871 2402 Huic
908 2341 1092 2404 memoriae
1127 2341 1292 2423 inscripta
1323 2352 1404 2407 sunt

277 2440 392 2503 omnia
407 2447 442 2501 et
457 2438 593 2519 singula
608 2456 832 2520 quaecunque
849 2438 882 2498 in
899 2436 1027 2499 mundo
1044 2458 1089 2499 ex
1107 2437 1289 2500 voluntate
1307 2440 1402 2521 cogi·

276 2543 422 2608 taverat,
444 2533 578 2596 locutus
602 2542 668 2608 est,
692 2541 728 2594 et
752 2541 885 2612 egerat,
902 2542 938 2595 et
962 2540 1034 2596 tam
1058 2533 1173 2595 omnia
1196 2542 1231 2595 et
1255 2532 1402 2612 singula,

277 2639 314 2693 ut
345 2649 413 2691 non
444 2629 533 2692 desit
562 2629 753 2711 quicquam.
802 2625 899 2690 Haec
925 2629 1089 2691 memoria
1120 2637 1174 2691 est
1202 2627 1287 2690 liber
1309 2629 1404 2691 vitae

276 2724 358 2806 ejus,
379 2726 434 2806 qui
458 2734 537 2807 post
563 2733 711 2787 mortem
736 2724 896 2804 aperitur,
918 2733 953 2787 et
979 2723 1166 2786 secundum
1190 2743 1291 2806 quem
1312 2722 1402 2804 judi·

276 2830 383 2884 catur.
429 2818 481 2883 De
499 2819 563 2883 hac
581 2820 744 2882 memoria
758 2818 855 2902 plura
870 2821 903 2882 in
921 2841 1022 2901 opere
1040 2819 1090 2881 De
1108 2817 1206 2882 Caelo
1221 2828 1253 2880 et
1267 2818 1406 2898 Inferna

279 2914 326 2999 (n.
344 2914 522 2998 461—465),
543 2916 587 2979 ab
609 2916 683 2998 ipsa
707 2917 922 2997 experientia
946 2926 1025 2978 sunt
1046 2912 1204 2978 adducta.
1252 2918 1309 2979 [2.]
1341 2912 1401 2977 Se·

277 3011 408 3073 cundo:
446 3009 516 3074 Sed
534 3010 626 3093 quod
643 3009 806 3073 Dominus
825 3020 890 3090 per
910 3009 1073 3073 Dcoinam
1096 3031 1193 3072 suam
1214 3009 1402 3071 Providen-

277 3107 360 3169 tiam
381 3105 531 3167 continue
547 3103 737 3187 prospiciat
758 3115 790 3167 et
811 3105 979 3186 disponat,
1002 3115 1039 3168 ut
1060 3105 1186 3168 malum
1208 3105 1256 3166 sit
1270 3113 1334 3184 ριν
1355 3127 1400 3180 se,

276 3209 309 3264 ct
323 3199 441 3263 bonum
451 3209 516 3280 ριν
530 3222 575 3275 se,
592 3211 624 3262 et
638 3200 687 3262 sic
701 3199 791 3282 quod
801 3200 961 3280 separari
969 3199 1401 3281 possint-Unusquisque

275 3297 380 3360 homo
400 3307 473 3359 tam
493 3297 525 3359 in
546 3296 638 3359 malo
655 3306 708 3359 est
728 3315 829 3377 quam
853 3296 885 3358 in
906 3295 1008 3370 bono,
1030 3297 1064 3357 in
1084 3294 1175 3357 malo
1195 3295 1285 3358 enim
1304 3305 1357 3358 est
1381 3316 1402 3358 a

276 3414 323 3466 se,
344 3402 379 3455 et
399 3393 433 3454 in
453 3392 545 3455 bono
564 3412 584 3454 a
605 3391 775 3468 Domino;
801 3401 836 3454 et
857 3391 961 3454 homo
980 3401 1189 3472 non·potest
1206 3391 1320 3453 vivere
1337 3391 1401 3454 nisi

277 3488 320 3550 sit
337 3489 371 3550 in
388 3498 533 3570 utroque
548 3509 555 3566 ;
581 3507 660 3550 nam
677 3488 705 3549 si
725 3488 759 3550 in
776 3487 851 3550 solo
868 3507 904 3548 se
921 3495 1012 3548 esset
1030 3496 1065 3549 et
1086 3487 1132 3548 sic
1154 3487 1187 3548 in
1204 3485 1279 3549 solo
1295 3485 1400 3563 malo,

152 3579 176 3644 '.
278 3603 345 3645 non
365 3582 492 3665 aliquid
511 3586 601 3646 vitae
621 3583 788 3661 haberet;
817 3592 853 3646 et
877 3583 904 3644 si
927 3582 960 3644 in
981 3581 1056 3644 solo
1077 3581 1226 3645 Domino
1243 3593 1278 3645 et
1295 3583 1342 3646 sic
1366 3584 1400 3646 in

277 3679 351 3741 solo
364 3680 466 3752 bono,
482 3699 544 3742 nec
562 3678 688 3761 aliquid
702 3681 792 3742 vitae
806 3679 961 3752 haberet,
977 3697 1055 3740 nam
1069 3678 1174 3740 homo
1190 3678 1223 3740 in
1240 3677 1298 3740 icoc
1312 3678 1403 3742 vitae

276 3774 363 3838 soret
384 3776 472 3836 sicut
492 3773 677 3837 suffocatus
695 3776 857 3837 continue
874 3773 1015 3837 trahens
1032 3774 1193 3846 animam,
1211 3773 1306 3836 velut
1326 3794 1400 3836 mo·

276 3868 438 3932 ribundus
461 3870 495 3932 in
519 3890 652 3951 agone3
683 3879 718 3932 et
742 3870 776 3931 in
799 3868 856 3932 illo
874 3868 964 3932 vitae
980 3869 1069 3933 soret
1095 3865 1299 3942 exstincius,
1321 3888 1400 3931 nam

277 3963 405 4027 malum
421 3964 551 4047 absque
567 3966 659 4028 omni
676 3965 769 4028 bono
785 3965 818 4027 in
835 3985 872 4028 se
888 3976 942 4027 est
960 3975 1152 4042 mortuum;
1177 3985 1280 4046 quare
1297 3985 1399 4026 unus·

277 4061 417 4142 quisque
441 4059 546 4123 homo
579 4063 612 4122 in
645 4071 789 4142 utroque
812 4070 887 4124 est:
922 4062 983 4123 sed
1007 4059 1196 4124 differentia
1220 4070 1285 4134 est,
1309 4057 1401 4142 quod

277 4175 362 4217 unus
375 4157 419 4217 sit
431 4156 573 4218 interius
586 4157 619 4218 in
637 4156 799 4234 Domino,
813 4166 849 4219 et
865 4158 1018 4219 exterius
1032 4156 1127 4238 quasi
1143 4157 1178 4219 in
1194 4177 1242 4230 se,
1256 4175 1295 4218 ac
1313 4154 1402 4218 alter

276 4251 417 4313 interius
441 4251 475 4312 in
499 4272 546 4322 se.
567 4252 628 4314 sed
648 4253 802 4315 exterius
818 4252 915 4335 quasi
939 4253 972 4315 in
997 4251 1148 4315 Domino
1162 4273 1170 4331 ;
1202 4261 1238 4315 et
1267 4250 1322 4313 hic
1346 4258 1403 4313 est

276 4347 309 4408 in
340 4345 443 4419 malo,
472 4355 506 4409 et
535 4346 593 4410 ille
623 4348 656 4410 in
687 4347 789 4422 bono,
821 4357 978 4411 attamen
1009 4356 1152 4430 uterque
1181 4347 1216 4410 in
1244 4355 1399 4428 utroque.

278 4439 379 4522 Quod
397 4443 502 4506 etiam
520 4443 629 4506 malus
646 4443 703 4519 sit,
720 4453 774 4507 est
794 4444 873 4526 quia
891 4453 945 4507 est
964 4444 998 4507 in
1018 4444 1111 4507 bono
1127 4443 1219 4506 vitae
1236 4440 1346 4504 civilis
1364 4449 1402 4505 et

277 4537 427 4612 moralis,
448 4548 483 4601 et
503 4560 637 4622 quoque
656 4539 810 4604 exterius
829 4540 863 4604 in
882 4540 997 4624 aliquo
1015 4541 1110 4606 bono
1125 4540 1218 4603 vitae
1238 4538 1400 4619 spiritua·

276 4631 342 4712 lis;
370 4645 508 4718 praeter
531 4636 622 4718 quod
646 4657 666 4698 a
689 4635 839 4699 Domino
862 4645 1023 4701 teneatur
1045 4637 1079 4700 in
1104 4635 1341 4699 rationalitate
1364 4642 1400 4695 et

277 4728 450 4808 libertate,
471 4731 562 4814 quod
587 4733 694 4814 possit
718 4734 751 4797 in
776 4734 867 4797 bono
891 4754 985 4811 esse;
1013 4732 1080 4797 hoc
1105 4733 1232 4796 bonum
1255 4741 1321 4807 est,
1342 4749 1402 4812 per
