3424 5368
339 655 403 703 200
694 648 897 700 SAPIENTIA
921 649 1116 700 ANGELICA

339 835 376 890 et
407 844 542 908 quoque
571 820 606 887 in
634 819 719 886 lucis
741 829 779 888 et
807 820 931 898 hortis,
955 820 1151 887 habuerunt
1174 821 1296 898 cultus,
1321 843 1361 888 ac
1391 823 1470 888 ideo

339 921 455 985 sontes
474 917 750 994 sanetificabanh
771 929 807 984 et
826 918 870 982 ad
889 917 1000 983 solem
1019 920 1188 984 orientem
1204 920 1238 983 in
1256 920 1470 983 adorationi·

341 1016 404 1082 bus
434 1014 499 1078 Dei
529 1014 714 1078 vertebant
743 1014 867 1094 sacies;
901 1025 938 1079 et
968 1015 1109 1098 insuper
1138 1015 1319 1100 sculptiles
1349 1036 1470 1098 equos,

341 1113 459 1187 boves,
480 1109 620 1184 vitulos,
639 1130 760 1193 agnos,
780 1111 887 1175 immo
906 1131 1000 1188 aves,
1020 1112 1146 1194 pisces,
1166 1121 1358 1194 serpentes,
1378 1111 1470 1174 iece-

340 1217 432 1282 runt,
453 1205 572 1271 ethos
593 1215 782 1288 posuerunt
803 1205 897 1270 domi
915 1216 953 1271 et
975 1207 1058 1272 alibi
1081 1208 1116 1270 in
1139 1207 1259 1271 ordine
1278 1207 1470 1270 secundum

341 1302 533 1386 spiritualia
552 1299 732 1376 ecclesiae,
750 1302 872 1383 quibus
890 1303 1211 1384 correspondebant
1231 1323 1290 1366 seu
1309 1323 1397 1386 quae
1414 1323 1471 1366 re·

342 1397 625 1484 praesentabant.
671 1394 803 1461 Similia
824 1397 932 1460 etiarn
957 1407 1144 1479 posuerunt
1167 1397 1203 1460 in
1226 1398 1294 1461 suis
1315 1395 1469 1478 templis,

342 1505 380 1559 ut
399 1496 433 1558 in
449 1493 739 1558 reminiscentiam
755 1502 958 1556 revocarent
975 1491 1095 1556 sandta
1111 1515 1199 1576 quae
1215 1492 1470 1576 significabant.

343 1596 401 1658 [3.]
426 1589 509 1653 Post
526 1599 674 1670 tempus,
692 1588 829 1672 quando
848 1589 991 1652 scientia
1007 1589 1390 1670 correspondentiarum
1406 1589 1472 1650 ob·

342 1683 495 1748 litterata
513 1683 587 1758 luit,
604 1685 734 1767 incepit
754 1685 941 1767 posteritas
958 1683 1072 1748 colere
1091 1685 1166 1767 ipsa
1184 1683 1359 1768 sculptilia
1378 1693 1415 1746 ut
1436 1683 1471 1747 in

343 1799 380 1842 se
396 1777 526 1856 santia,
541 1780 736 1844 nescientes
748 1779 839 1862 quod
856 1781 990 1862 antiqui
1006 1790 1170 1862 parentes
1181 1779 1316 1843 illorum
1334 1799 1403 1842 non
1418 1780 1472 1842 vi·

342 1876 457 1939 derint
473 1875 601 1959 aliquid
613 1873 723 1939 santii
739 1875 772 1938 in
788 1873 866 1950 illis,
879 1875 941 1938 sed
958 1875 1069 1938 solum
1082 1876 1174 1959 quod
1190 1876 1378 1938 secundum
1393 1895 1474 1940 cor·

342 1971 606 2052 respondentias
621 1981 922 2053 repraesentarent
940 1982 977 2034 et
994 1971 1073 2034 inde
1089 1969 1324 2054 significarent
1340 1967 1474 2035 sanda.

344 2064 429 2130 lnde
463 2076 561 2130 ortae
594 2075 675 2130 sunt
708 2066 937 2142 idololatriae,
969 2087 1057 2150 quae
1090 2066 1319 2147 impleverunt
1354 2075 1473 2130 totum

343 2171 510 2226 terrarum
527 2163 658 2236 orbem,
676 2175 749 2226 tam
769 2162 964 2226 Asiaticum
981 2183 1058 2226 cum
1078 2163 1197 2226 insulis
1213 2163 1350 2238 circum,
1367 2181 1473 2246 quam

343 2256 544 2322 Africanum
569 2268 606 2323 et
635 2257 864 2342 Europaeum.
910 2257 962 2324 Ut
996 2279 1117 2322 omnes
1147 2257 1227 2322 illae
1251 2257 1474 2323 idololatriae

342 2354 630 2436 exstirparentur,
651 2375 697 2416 ex
717 2353 843 2416 Divina
862 2353 1002 2417 Domini
1021 2353 1240 2417 Providentia
1258 2349 1385 2417 sactum
1403 2361 1474 2428 est,

343 2457 382 2512 ut
416 2469 507 2512 nova
532 2449 655 2530 religio
680 2450 791 2530 geniis
814 2447 1043 2512 Orientalium
1067 2449 1333 2512 accommodata
1355 2447 1473 2528 auspi·

343 2556 498 2623 caretur;
518 2545 552 2608 ln
565 2565 631 2628 qua
643 2543 772 2627 ahquid
789 2565 835 2607 ex
847 2556 992 2628 utroque
1004 2543 1235 2609 Testamento
1247 2541 1355 2607 Verbi
1370 2542 1472 2618 soret,

343 2649 379 2704 et
407 2661 493 2725 quae
522 2640 664 2704 doceret
695 2638 786 2723 quod
818 2638 987 2703 Dominus
1016 2639 1051 2702 in
1078 2639 1241 2702 mundum
1271 2639 1413 2713 venerit,
1433 2647 1473 2702 et

343 2737 435 2820 quod
452 2736 515 2800 llle
528 2746 622 2800 esset
636 2737 807 2799 maximus
821 2735 1005 2818 Propheta,
1020 2735 1291 2817 sapientissimus
1304 2734 1471 2811 omnium,

343 2841 379 2896 et
402 2831 507 2895 Filius
531 2831 615 2895 Dei:
650 2832 716 2896 hoc
739 2829 866 2895 latium
890 2841 944 2894 est
968 2851 1027 2912 per
1051 2829 1307 2905 Mahumedem,
1332 2850 1378 2894 ex
1401 2848 1473 2912 quo

343 2928 466 3010 religio
488 2928 556 2992 ista
578 2938 705 2992 vocata
727 2938 782 2990 est
806 2925 945 3010 Religio
969 2925 1234 2990 Mahumedana.
1281 2929 1338 2994 [⁴.l
1371 2924 1473 2988 Haec

343 3022 465 3105 religio
488 3044 533 3086 ex
558 3021 683 3088 Divina
706 3021 845 3087 Domini
865 3023 1086 3087 Providentia
1104 3022 1322 3085 exsuscitata
1343 3029 1408 3096 est,
1429 3041 1472 3084 ac

344 3121 454 3203 geniis
471 3118 709 3196 Orientalium,
727 3129 765 3184 ut
784 3116 912 3183 ditium
929 3127 992 3193 est,
1008 3118 1284 3192 accommodata,
1301 3117 1346 3181 ob
1364 3115 1470 3182 finem

345 3225 382 3280 ut
402 3215 534 3280 deleret
554 3215 768 3280 idololatrias
787 3224 841 3278 tot
860 3214 1027 3296 gentium,
1044 3231 1084 3276 ac
1100 3213 1200 3276 daret
1218 3211 1367 3296 aliquam
1382 3231 1470 3294 cog·

345 3312 512 3375 nitionem
543 3311 586 3374 de
616 3309 778 3385 Domino,
801 3319 989 3393 antequam
1011 3309 1045 3372 in
1068 3308 1231 3372 mundum
1254 3308 1470 3391 spiritualem

345 3408 522 3483 venirent;
560 3426 646 3489 quae
670 3405 791 3487 religio
815 3425 885 3468 non
908 3414 1050 3487 recepta
1075 3402 1194 3468 suisset
1217 3424 1238 3467 a
1261 3413 1317 3469 tot
1339 3405 1469 3486 regnis,

344 3512 380 3566 et
394 3503 563 3584 potuisset
576 3501 792 3565 idololatrias
803 3500 1007 3582 exstirpare,
1019 3499 1082 3562 nisi
1094 3499 1303 3563 conveniens
1315 3508 1350 3562 et
1361 3500 1469 3564 adae·

345 3607 452 3680 quata
478 3597 563 3660 ideis
590 3597 843 3679 cogitationum
867 3605 903 3660 et
926 3597 1018 3659 vitae
1041 3596 1192 3659 omnium
1216 3594 1351 3660 illorum
1378 3592 1471 3659 rasa

345 3692 474 3756 suisset.
520 3689 622 3774 Quod
645 3712 714 3754 non
737 3691 918 3775 agnoverit
943 3689 1128 3754 Dominum
1151 3711 1213 3774 pro
1232 3691 1308 3757 Deo
1327 3691 1413 3756 caeli
1430 3701 1470 3758 et

346 3797 469 3862 terrae,
489 3796 564 3850 erat
583 3806 687 3850 causa
705 3787 783 3870 quia
802 3783 998 3850 Orientales
1017 3796 1233 3868 agnoverunt
1253 3787 1364 3851 Deum
1385 3786 1468 3852 Cre·

345 3894 480 3948 atorem
499 3881 670 3957 Universi,
692 3891 727 3945 et
751 3901 820 3944 non
843 3880 1136 3962 comprehendere
1159 3891 1355 3965 potuerunt,
1374 3883 1469 3965 quod

347 3978 409 4042 Ille
429 3979 462 4040 in
482 3979 647 4040 mundum
665 3979 809 4052 venerit,
829 3986 865 4040 et
883 3977 1107 4059 assumpserit
1128 3976 1348 4056 Humanum
1379 3979 1469 4043 sicut

347 4093 409 4137 nec
425 4073 509 4136 illud
527 4072 824 4154 comprehendunt
837 4070 1035 4146 Christiani,
1046 4073 1103 4155 qui
1118 4072 1197 4137 ideo
1209 4072 1242 4136 in
1255 4074 1469 4156 cogitatione

346 4189 408 4232 sua
425 4179 586 4251 separant
610 4169 771 4232 Divinum
791 4169 901 4252 Ipsius
920 4169 964 4232 ab
983 4166 1146 4232 Humano
1166 4167 1287 4253 Ipsius,
1307 4189 1346 4233 ac
1372 4167 1468 4231 Divi-

347 4284 427 4330 num
451 4275 584 4346 ponunt
604 4262 706 4347 juxta
729 4265 865 4329 Patrem
888 4265 922 4327 in
942 4263 1051 4340 caelo,
1071 4283 1112 4328 ac
1137 4263 1333 4328 Humanum
1358 4263 1470 4348 Ipsius

347 4381 415 4426 non
434 4361 548 4424 sciunt
564 4360 629 4424 ubi.
676 4363 734 4426 [sn
765 4359 822 4424 Ex
841 4360 893 4423 his
908 4359 1015 4424 videri
1034 4369 1160 4442 potest,
1178 4360 1269 4443 quod
1288 4359 1469 4424 Mahume-

346 4458 436 4520 dana
449 4456 588 4540 Religio
600 4457 706 4521 etiam
723 4477 769 4521 ex
786 4455 910 4520 Divina
928 4456 1066 4522 Domini
1083 4458 1303 4523 Providentia
1314 4469 1391 4523 orta
1403 4459 1467 4538 sit;

346 4561 382 4614 et
399 4553 489 4634 quod
506 4573 626 4616 omnes
642 4552 691 4617 illi
707 4571 752 4616 ex
771 4573 813 4616 ea
831 4551 1008 4635 religione,
1025 4554 1082 4637 qui
1101 4552 1287 4619 Dominum
1302 4574 1364 4638 pro
1380 4553 1467 4618 Filio

347 4643 412 4710 Dei
443 4656 649 4730 agnoscunt,
673 4655 710 4712 et
737 4645 838 4712 simul
869 4647 1057 4714 secundum
1086 4657 1273 4734 praecepta
1296 4648 1467 4733 decalogi,
