3268 5380
386 699 435 748 me
459 696 593 746 orvruo
613 692 757 755 anona,
778 691 871 741 enus
894 677 1116 758 111.-u.276.
1256 699 1312 752 nc
1362 687 1369 700 ·

191 874 302 938 forma
318 871 438 934 inferni
461 878 537 946 est;
560 866 690 931 formae
708 866 799 930 enim
818 863 1012 946 spirituales
1032 875 1112 928 sunt
1135 865 1197 926 sibi
1218 867 1309 926 simi-

192 964 244 1030 les
274 966 307 1028 in
332 963 491 1025 maximis
510 969 545 1024 et
572 961 605 1023 in
629 959 788 1022 minimis.
833 956 935 1039 Quod
959 957 1046 1020 caeli
1069 967 1104 1019 et
1123 957 1243 1020 inferni
1263 959 1311 1020 ita

192 1059 226 1120 ln
257 1057 420 1138 opposito
450 1055 530 1128 sint,
562 1062 615 1116 est
646 1053 724 1134 quia
752 1070 886 1114 amores
915 1048 1050 1113 illorum
1080 1051 1130 1112 ita
1160 1051 1311 1132 oppositi

193 1158 283 1212 sunt.
330 1147 440 1210 Amor
476 1147 509 1208 in
543 1144 740 1219 Dominum,
771 1153 807 1207 et
836 1144 916 1206 inde
950 1160 1044 1205 amor
1077 1162 1159 1223 erga
1194 1143 1311 1224 proxi-

194 1259 297 1313 mum,
320 1239 450 1303 faciunt
473 1239 629 1300 intimum
648 1238 791 1318 gradum
814 1237 848 1299 in
872 1235 997 1312 caelis;
1022 1244 1058 1297 at
1081 1254 1177 1296 arnor
1201 1236 1250 1296 sui
1275 1245 1311 1298 et

193 1352 288 1396 amor
305 1331 422 1394 mundi
445 1329 573 1392 faciunt
596 1331 753 1393 intimum
772 1327 916 1409 gradum
940 1329 972 1389 in
992 1327 1150 1390 infernis:
1176 1327 1327 1409 sapien·.

192 1428 239 1488 tia
252 1443 291 1486 ac
305 1421 538 1502 intelligentia
549 1443 594 1484 ex
608 1422 675 1483 suis
687 1421 858 1484 amoribus
867 1421 994 1483 saciunt
1009 1420 1157 1481 medium
1168 1420 1312 1500 gradum

192 1519 223 1579 iu
244 1515 349 1579 caelis
366 1525 424 1592 ;at
438 1515 585 1577 stultitia
604 1523 640 1576 et
659 1515 801 1588 insania,
819 1533 905 1594 quae
923 1522 1089 1592 apparent
1110 1513 1198 1573 sicut
1221 1513 1310 1592 sapi-

191 1609 286 1672 entia
316 1618 351 1672 et
382 1606 623 1688 intelligentia,
644 1627 689 1668 ex
720 1607 789 1668 suis
817 1605 988 1668 amoribus
1011 1604 1139 1666 faciunt
1163 1604 1311 1666 medium

192 1702 336 1783 gradum
353 1701 386 1763 in
402 1699 562 1762 infernis:
587 1698 750 1761 conclusa
766 1705 879 1760 autem
893 1719 939 1760 ex
955 1698 1043 1759 binis
1056 1699 1123 1759 suis
1137 1696 1311 1777 gradibus,

192 1815 278 1875 quae
295 1791 350 1856 vel
369 1803 581 1873 reponuntur
598 1792 630 1854 in
648 1791 811 1853 memoria
827 1799 865 1852 ut
884 1791 1060 1863 scientiae,
1078 1789 1133 1852 vel
1150 1788 1312 1852 determi-

192 1897 318 1948 nantur
346 1886 380 1947 in
410 1904 553 1966 corpore
583 1885 615 1946 in
639 1881 745 1956 attus
769 1883 898 1944 faciunt
922 1882 1078 1945 ultimum
1102 1883 1247 1964 gradum
1277 1883 1311 1944 in

192 1978 316 2054 caelis,
340 1976 502 2039 conclusa
520 1997 564 2038 ex
584 1976 671 2038 binis
690 1977 758 2037 suis
774 1975 945 2056 gradibus,
963 1995 1049 2056 quae
1065 1975 1120 2038 vel
1139 1973 1225 2037 fiunt
1244 1975 1310 2036 sci·

191 2070 317 2141 entiae,
336 2069 389 2130 vel
406 2067 491 2130 fiunt
508 2066 614 2140 actus,
628 2068 755 2131 faciunt
769 2069 937 2131 extimum
951 2069 1094 2148 gradum
1112 2069 1145 2130 in
1162 2069 1310 2131 infernis.

193 2158 376 2241 Quomodo
393 2161 483 2223 bona
498 2170 533 2224 et
552 2180 632 2223 vera
649 2159 733 2223 caeli
744 2160 785 2222 in
805 2160 896 2223 mala
914 2171 949 2223 et
967 2160 1064 2236 falsa,
1081 2162 1130 2225 ita
1148 2162 1182 2223 in
1202 2180 1312 2241 oppo-

191 2253 307 2323 situm,
325 2264 504 2315 vertuntur
523 2254 555 2315 in
573 2253 722 2324 infernis,
739 2261 901 2315 constare
917 2262 1035 2333 potest
1055 2273 1100 2315 ex
1119 2253 1183 2314 hac
1203 2273 1311 2335 expe-

191 2345 324 2407 rientia.
381 2344 507 2407 Audivi
538 2345 629 2426 quod
659 2345 820 2407 Divinum
847 2343 986 2426 aliquod
1013 2364 1130 2410 verum
1163 2365 1182 2407 e
1212 2344 1313 2408 caelo

191 2437 372 2499 defluxerit
397 2439 429 2499 in
454 2437 630 2510 infernum,
651 2447 686 2500 et
711 2438 821 2498 audivi
841 2437 932 2518 quod
951 2436 1035 2499 illud
1059 2438 1093 2498 in
1116 2435 1170 2498 via
1192 2439 1226 2499 in
1249 2438 1309 2499 de·

191 2548 314 2590 scensu
331 2551 390 2610 per
405 2529 531 2611 gradus
544 2548 747 2592 conversum
764 2530 807 2591 sit
824 2529 857 2591 in
873 2528 1006 2602 falsum,
1020 2529 1069 2591 ita
1085 2529 1128 2591 ad
1145 2529 1310 2592 infernum

190 2619 342 2683 infimum
359 2622 392 2684 in
406 2641 543 2704 prorsus
555 2623 771 2702 oppositum;
795 2641 841 2684 ex
857 2642 924 2703 quo
940 2622 1059 2702 patuit,
1073 2622 1164 2703 quod
1181 2622 1311 2685 inferna

191 2713 378 2776 secundum
398 2715 523 2795 gradus
543 2715 611 2776 sint
631 2714 664 2776 in
685 2714 847 2796 opposito
865 2714 908 2776 ad
930 2713 1045 2776 caelos
1065 2714 1176 2795 quoad
1196 2715 1311 2777 omnia

191 2805 282 2867 bona
300 2814 336 2868 et
356 2826 448 2880 vera,
468 2816 504 2868 et
523 2806 614 2888 quod
631 2804 715 2869 fiant
734 2805 826 2868 mala
848 2815 884 2869 et
907 2806 991 2869 salsa
1010 2826 1068 2887 per
1086 2805 1251 2869 influxum
1275 2808 1309 2869 in

190 2897 317 2960 formas
347 2899 380 2960 in
410 2900 618 2960 contrarium
641 2919 779 2976 versas;
812 2918 892 2962 nam
921 2900 1011 2982 quod
1043 2918 1144 2962 omne
1167 2898 1311 2962 influens

192 2991 397 3071 percipiatur
422 3001 457 3052 et
487 2992 655 3053 sentiatur
679 2992 865 3054 secundum
889 2990 1014 3054 formas
1038 2993 1244 3073 recipientes
1273 3002 1310 3054 et

189 3080 323 3144 illarum
340 3092 462 3156 status,
480 3092 601 3145 notum
617 3093 681 3147 est.
726 3081 829 3164 Quod
848 3085 882 3145 in
901 3085 1097 3164 oppositum
1113 3105 1214 3146 versa
1229 3084 1311 3159 sint,

191 3174 302 3254 patuit
322 3174 404 3236 mihi
423 3175 530 3237 etiam
550 3176 594 3236 ab
613 3175 677 3238 hac
697 3176 939 3256 experientia:
979 3175 1099 3238 datum
1118 3185 1171 3238 est
1191 3177 1309 3240 videre

189 3265 319 3328 inferna
337 3267 370 3328 in
388 3267 456 3328 situ
472 3287 534 3329 suo
549 3263 738 3348 respective
754 3268 797 3330 ad
817 3267 943 3340 caelos,
961 3279 996 3330 et
1016 3277 1245 3349 apparuerunt
1262 3268 1310 3330 illi

190 3359 245 3439 qui
269 3357 314 3419 ibi
338 3368 436 3421 erant
460 3360 595 3434 inversi,
616 3361 729 3440 capite
754 3361 912 3422 deorsum
935 3367 970 3422 et
993 3360 1136 3440 pedibus
1155 3380 1309 3437 sursum;

190 3450 250 3512 sed
281 3447 409 3513 dictum
440 3461 504 3524 est,
533 3453 624 3533 quod
652 3472 757 3533 usque
785 3461 975 3534 appareant
1005 3452 1067 3513 sibi
1094 3453 1176 3533 ipsis
1206 3450 1310 3515 erecti

189 3560 290 3622 super
311 3542 475 3624 pedibus;
499 3544 591 3625 quod
614 3545 801 3624 comparari
818 3553 936 3626 potest
959 3541 1310 3627 cum1¹1antip0dibus.

190 3630 247 3695 Ex
263 3633 315 3696 his
331 3636 567 3718 experientiae
584 3637 800 3700 documentis
813 3646 973 3700 constare
990 3646 1117 3718 potest,
1131 3637 1222 3720 quod
1239 3648 1311 3701 tres

190 3727 316 3805 gradus
336 3729 462 3790 mentis
481 3728 657 3802 naturalis,
679 3749 764 3810 quae
783 3730 815 3791 in
835 3728 944 3791 forma
962 3739 998 3792 et
1017 3731 1167 3811 imagine
1185 3740 1239 3793 est
1258 3732 1308 3792 in·

188 3817 330 3892 fernum,
348 3821 416 3884 sint
436 3822 584 3901 oppositi
601 3821 709 3883 tribus
725 3822 886 3901 gradibus
902 3821 1027 3884 mentis
1043 3821 1208 3885 naturalis
1224 3843 1310 3904 quae

190 3910 223 3970 in
243 3910 351 3974 forma
369 3922 404 3975 et
424 3915 573 3993 imagine
593 3923 648 3976 est
667 3914 810 3976 caelum.

254 4004 349 4083 276.
374 4003 449 4086 (iv.)
477 4005 574 4082 Quod
582 4025 673 4068 mens
689 4005 856 4067 naturalis
872 4026 956 4086 quae
973 4005 1150 4086 infernum,
1169 4005 1203 4066 in
1222 4005 1315 4067 omni

189 4095 339 4173 opposito
353 4095 400 4159 sit
414 4107 529 4159 contra
544 4107 682 4160 mentem
693 4096 906 4177 spiritualem
917 4117 1001 4179 quae
1011 4094 1309 4176 caelum-Quan-

191 4186 237 4246 do
264 4205 397 4250 amores
421 4199 500 4251 sunt
528 4190 688 4272 oppositi,
714 4199 796 4252 tunc
822 4190 938 4252 omnia
964 4209 1051 4270 quae
1079 4189 1311 4270 perceptionis

190 4286 282 4348 sunt,
307 4277 391 4342 frunt
415 4282 596 4362 opposita;
632 4302 676 4344 ex
706 4301 823 4344 amore
850 4283 952 4354 enim,
977 4281 1034 4363 qui
1063 4281 1172 4362 ipsam
1201 4281 1310 4343 vitam

191 4367 338 4433 hominis
357 4371 450 4446 lacit,
470 4373 577 4436 fluunt
597 4373 712 4436 omnia
730 4373 869 4456 reliqua,
887 4375 975 4436 sicut
996 4373 1058 4437 rivi
1078 4393 1098 4435 a
1117 4393 1177 4434 suo
1193 4372 1308 4436 fonte:

190 4459 251 4522 illa
269 4483 355 4544 quae
375 4483 443 4526 non
466 4466 545 4528 inde
565 4475 656 4540 sunt,
676 4467 711 4528 in
730 4477 848 4529 mente
865 4465 1012 4529 naturali
1031 4487 1069 4529 se
1088 4474 1249 4548 separant
1267 4467 1314 4528 ab

190 4552 259 4615 illis
282 4575 369 4637 quae
392 4557 471 4619 inde
494 4568 584 4620 sunt.
632 4556 696 4620 Illa
720 4580 806 4639 quae
830 4581 875 4621 ex
906 4578 1023 4623 amore
1046 4558 1117 4637 ejus
1140 4568 1311 4638 regnante

190 4655 286 4722 sunt,
306 4648 340 4710 in
363 4649 477 4711 medio
501 4659 592 4726 sunt,
612 4659 648 4714 et
671 4648 801 4733 reliqua
824 4652 865 4713 ad
891 4650 1010 4713 latera.
1057 4649 1155 4713 Haec
1179 4650 1206 4713 si
1229 4671 1311 4713 vera
