3418 5368
348 671 408 740 150
698 670 906 721 SAPIENTIA
929 668 1125 720 ANGELICA

343 841 440 919 bant,
474 861 542 908 non
572 841 634 908 suit
665 843 749 908 alius
780 861 877 908 amor
906 843 1103 908 divitiarum
1134 861 1236 926 quam
1268 844 1360 928 quod
1392 866 1477 930 pos·

343 938 496 1002 siderent
527 941 720 1004 necessaria
748 940 853 1015 vitae,
882 959 969 1023 quae
999 939 1063 1002 sibi
1092 951 1381 1021 comparaverunt
1413 963 1478 1025 per

343 1053 467 1116 greges
492 1045 528 1098 et
553 1046 720 1112 armenta,
748 1056 875 1120 perque
900 1054 1013 1117 agros,
1038 1052 1181 1118 campos
1204 1044 1240 1100 et
1267 1034 1401 1112 hortos,
1427 1059 1476 1102 ex

343 1130 463 1213 quibus
487 1129 554 1194 iilis
582 1141 656 1194 erat
682 1128 801 1195 vibius.
853 1131 950 1195 Inter
981 1131 1175 1194 necessaria
1200 1133 1292 1196 vitae
1323 1133 1476 1212 illorum,

342 1237 440 1290 erant
471 1227 576 1290 etiam
607 1227 730 1290 domus
763 1229 921 1304 decorae,
953 1227 1065 1291 omnis
1097 1228 1234 1311 generis
1268 1229 1477 1293 utensilibus

342 1332 494 1398 ornatae,
508 1333 544 1388 et
561 1344 695 1407 quoque
712 1334 847 1387 vestes:
872 1323 906 1386 in
923 1324 1037 1387 studio
1053 1333 1089 1387 et
1105 1344 1211 1408 opera
1226 1325 1377 1388 omnium
1394 1325 1474 1388 illo·

341 1439 425 1494 rum,
443 1418 578 1483 suerunt
595 1429 766 1502 parentes,
785 1419 891 1494 liberi,
908 1418 1036 1494 famuli,
1055 1419 1212 1495 ancillae,
1229 1421 1335 1504 quiin
1354 1423 1475 1487 domo..

342 1525 400 1588 [5.]
433 1513 483 1578 At
507 1525 690 1598 postquam
710 1534 806 1579 amor
824 1515 1025 1578 dominandi
1048 1515 1187 1590 invasit,
1207 1524 1244 1579 et
1266 1515 1356 1580 hanc
1380 1537 1469 1581 rem·

340 1609 513 1688 publicam
532 1610 717 1686 destruxit,
737 1611 842 1675 etiam
861 1630 957 1674 amor
977 1610 1174 1694 possidendi
1194 1631 1278 1694 opes
1298 1613 1390 1676 ultra
1409 1632 1473 1676 ne·

341 1705 524 1768 cessitates
557 1707 694 1782 invasit,
726 1715 762 1770 et
796 1707 905 1770 crevit
938 1707 971 1769 in
1004 1705 1190 1788 fastigium,
1222 1717 1261 1771 ut
1293 1709 1475 1791 possidere

341 1803 492 1863 omnium
512 1803 656 1866 aliorum
676 1823 760 1884 opes
779 1802 897 1866 vellet.
943 1800 1031 1868 Sunt
1055 1801 1104 1865 illi
1128 1803 1198 1865 bini
1221 1823 1357 1867 amores
1381 1807 1471 1869 sicut

340 1899 612 1978 consanguinei;
637 1899 693 1981 qui
721 1899 811 1962 enim
831 1897 906 1962 vult
928 1897 1096 1961 dominari
1121 1917 1223 1980 super
1246 1900 1373 1974 omnia,
1395 1899 1475 1964 vult

341 1992 448 2054 etiam
468 1993 643 2072 possidere
666 1995 794 2070 omnia,
815 2013 895 2057 nam
919 1994 967 2058 sic
992 2013 1113 2057 omnes
1137 1992 1222 2057 fiunt
1246 1996 1345 2069 servi,
1365 2006 1402 2059 et
1421 1996 1473 2058 iiii

340 2085 404 2149 soli
423 2087 561 2150 domini.
608 2086 686 2151 Hoc
707 2099 805 2170 patet
825 2088 1007 2154 manifeste
1026 2111 1071 2152 ex
1092 2088 1160 2152 iliis
1173 2091 1207 2152 in
1226 2100 1332 2172 gente
1352 2093 1474 2172 ponti·-

339 2179 425 2257 ficia,
446 2183 502 2265 qui
522 2183 737 2247 dominatum
760 2204 858 2247 suum
882 2184 1129 2248 exaltaverunt
1152 2186 1311 2267 usquein
1334 2186 1473 2250 caelum

338 2277 384 2339 ad
403 2278 564 2342 thronum
585 2278 734 2354 Domini,
755 2299 857 2361 super
875 2301 943 2363 quo
962 2300 999 2344 se
1019 2290 1230 2361 posuerunt;
1253 2282 1472 2364 quodetiam

339 2375 543 2457 conquirant
571 2375 678 2438 totius
708 2385 820 2438 terrae
850 2395 945 2458 opes,
977 2395 1016 2439 ac
1047 2375 1227 2438 thesauros
1258 2375 1474 2460 amplificent

339 2469 466 2553 absque
498 2469 573 2534 fine.
620 2484 678 2545 [6.]
713 2470 894 2535 Secundo:
930 2469 1048 2549 Qualis
1076 2492 1173 2534 amor
1200 2471 1409 2552 dignitatum
1438 2484 1476 2536 et

338 2565 536 2630 divitiarum
554 2577 698 2650 propter
713 2559 792 2630 ilias
814 2577 890 2640 est,·
912 2577 946 2629 et
962 2565 1074 2648 qualis
1096 2587 1193 2630 amor
1216 2567 1420 2649 dignitatum
1438 2578 1475 2630 et

338 2660 536 2726 divitiarum
553 2672 698 2742 propter
721 2683 802 2726 usus
825 2672 884 2726 est.
930 2662 1041 2726 Amor
1063 2663 1272 2744 dignitatum
1297 2674 1333 2726 et
1357 2663 1471 2726 hono·

338 2775 411 2820 rum
432 2767 573 2840 propter
596 2757 787 2839 dignitates
810 2767 847 2822 et
870 2758 1030 2832 honores,
1052 2768 1105 2820 est
1129 2777 1225 2821 amor
1249 2759 1309 2832 sui,
1331 2761 1474 2840 proprie

338 2871 435 2914 amor
450 2852 650 2915 dominandi
663 2873 709 2915 ex
726 2873 841 2917 amore
858 2853 919 2928 sui,
933 2873 973 2916 ac
991 2873 1086 2916 amor
1099 2853 1294 2916 divitiarum
1311 2862 1347 2916 et
1363 2873 1471 2936 opum

337 2957 477 3028 propter
504 2948 639 3010 divitias
666 2957 703 3011 et
728 2967 824 3032 opes,
853 2959 908 3013 est
935 2968 1032 3013 amor
1059 2949 1187 3023 mundi,
1212 2949 1348 3032 proprie
1371 2970 1474 3014 amor

335 3042 535 3128 possidendi
562 3042 706 3107 aliorum
735 3043 827 3108 bona
851 3061 1053 3128 quacunque
1080 3053 1167 3108 arte.
1213 3043 1325 3108 Amor
1351 3057 1472 3110 autem

337 3138 547 3220 dignitatum
571 3149 607 3202 et
631 3139 827 3204 divitiarum
851 3149 992 3221 propter
1015 3159 1105 3213 usus,
1131 3149 1185 3203 est
1209 3159 1306 3202 amor
1333 3161 1471 3214 usuum,

336 3235 393 3317 qui
411 3235 503 3298 idem
527 3244 582 3298 est
606 3254 682 3298 cum
701 3255 819 3299 amore
843 3235 1015 3318 proximi;
1048 3255 1127 3297 nam
1152 3235 1185 3297 id
1210 3245 1352 3319 propter
1374 3237 1471 3318 quod

335 3329 442 3394 homo
461 3331 544 3413 agit,
565 3340 620 3394 est
643 3330 718 3394 finis
736 3353 757 3393 a
775 3351 854 3414 qu0,
874 3339 910 3394 et
929 3340 984 3393 est
1008 3331 1154 3413 primum
1173 3351 1233 3394 seu
1257 3331 1470 3413 primarium,

334 3435 371 3488 et
391 3426 522 3508 reliqua
545 3436 625 3490 sunt
649 3427 761 3490 media
784 3437 820 3490 et
844 3434 925 3488 sunt
949 3426 1161 3488 secundaria.
1207 3438 1266 3501 [7.]
1299 3424 1400 3507 Quod
1422 3428 1470 3490 ad

335 3540 488 3585 amorem
505 3521 715 3604 dignitatum
732 3531 767 3586 et
783 3520 952 3585 honorum
969 3531 1110 3604 propter
1126 3519 1214 3594 illas,
1231 3521 1288 3602 qui
1303 3521 1393 3585 idem
1411 3533 1467 3587 est

335 3635 412 3678 cuni
436 3636 552 3678 amore
575 3617 636 3691 sui,
657 3618 792 3700 proprie
815 3635 893 3680 cum
913 3635 1029 3678 amore
1053 3615 1254 3679 dominandi
1277 3636 1323 3679 ex
1347 3637 1469 3681 amore

335 3711 396 3786 sui,
415 3721 468 3774 est
489 3731 585 3774 amor
601 3712 747 3794 proprii;
771 3722 808 3776 et
832 3713 1003 3795 proprium
1023 3710 1171 3774 hominis
1195 3720 1250 3775 est
1269 3729 1372 3777 omne
1391 3733 1468 3776 ma-

333 3805 425 3870 lum:
450 3806 530 3869 inde
549 3815 614 3881 est,
635 3807 726 3889 quod
746 3807 879 3871 dicatur
897 3806 987 3889 quod
1009 3806 1113 3870 homo
1132 3816 1294 3870 nascatur
1310 3807 1344 3870 in
1361 3827 1469 3871 omne

333 3900 473 3975 malum,
494 3911 529 3964 et
549 3901 641 3984 quod
661 3900 903 3967 hereditarium
928 3901 998 3984 ejus
1023 3923 1092 3966 non
1113 3903 1159 3965 sit
1178 3902 1243 3965 nisi
1267 3922 1369 3985 quam
1390 3923 1464 3966 ma·

333 3992 414 4059 lum.
462 3995 716 4062 Hereditarium
733 3996 881 4062 hominis
898 4007 950 4061 est
969 3999 1141 4080 proprium
1162 3995 1244 4079 ejus,
1263 3998 1296 4060 in
1313 4019 1380 4081 quo
1397 4009 1469 4071 est,

333 4093 418 4155 etin
438 4093 528 4174 quod
545 4093 640 4156 venit
657 4113 717 4175 per
733 4113 885 4159 amorem
902 4094 964 4168 sui,
982 4103 1017 4158 et
1036 4093 1218 4176 praecipue
1231 4112 1296 4178 per
1311 4113 1468 4158 amorem

333 4189 533 4253 dominandi
558 4211 603 4253 ex
629 4210 746 4256 amore
774 4193 844 4269 sui;
873 4211 952 4255 nam
980 4191 1096 4268 homo,
1117 4192 1174 4274 qui
1200 4191 1234 4252 in
1258 4188 1320 4252 illo
1346 4209 1469 4252 amore

333 4295 397 4359 est,
416 4305 484 4348 non
505 4283 639 4366 speiiat
660 4287 722 4350 nisi
746 4297 868 4360 semet,
893 4297 928 4351 et
954 4288 1002 4351 sic
1026 4288 1060 4351 iu
1084 4287 1256 4370 proprium
1284 4304 1379 4348 suum
1401 4287 1463 4347 im·-

333 4382 459 4462 mergit
482 4400 563 4444 suas
586 4382 819 4464 cogitationes
846 4393 882 4446 et
909 4380 1116 4446 affediiones.
1163 4380 1249 4446 Inde
1277 4390 1343 4456 est,
1372 4381 1467 4463 quod

333 4476 440 4538 amori
464 4476 514 4537 sui
538 4476 619 4539 insit
643 4496 740 4539 arnor
767 4476 1016 4541 malefaciendi.
1063 4476 1174 4542 Causa
1199 4487 1264 4554 est,
1290 4479 1369 4561 quia
1394 4497 1467 4540 non

333 4579 428 4633 amat
447 4571 654 4651 proximum,
672 4571 732 4634 sed
750 4592 786 4634 se
803 4572 913 4635 solum
928 4595 936 4650 ;
960 4583 996 4636 et
1013 4573 1068 4655 qui
1085 4594 1121 4637 se
1138 4572 1249 4636 solum
1269 4583 1375 4642 amat.
1396 4593 1467 4636 non

332 4664 429 4733 videt
448 4664 535 4728 alios
556 4686 656 4748 quam
676 4676 781 4730 extra
799 4689 847 4744 se,
868 4668 923 4731 vel
943 4670 1030 4732 sicut
1050 4670 1147 4744 viles,
1168 4669 1221 4731 vei
1248 4671 1334 4732 sicut
1356 4670 1468 4741 nihili,
