3426 5382
489 680 539 729 DE
564 679 700 729 DIVINA
722 677 1079 729 PRovaNTrh-N.
1098 679 1149 745 73.
1338 679 1380 750 45

256 853 348 918 ribus
367 853 536 928 existunt,
557 861 592 917 et
615 851 695 917 inde
718 849 810 914 mala
832 850 938 916 etiam
962 848 1046 914 liunt
1070 851 1207 929 amoris,
1228 851 1382 936 sequitur

257 951 349 1032 quod
369 949 462 1013 mala
479 948 634 1032 cogitare
650 958 686 1012 et
705 946 807 1022 velle,
827 947 872 1010 sit
892 945 1035 1010 liberum
1052 947 1206 1012 naturale
1226 945 1319 1027 ejus;
1344 957 1381 1013 et

257 1065 334 1110 cum
352 1046 413 1111 illa
428 1044 518 1129 apud
535 1065 572 1108 se
588 1065 649 1127 per
664 1043 842 1108 ratiocinia
857 1041 1083 1119 confirmavit,
1101 1045 1193 1129 quod
1210 1065 1256 1109 ex
1272 1045 1382 1109 libero

256 1144 443 1209 secundum
459 1143 630 1207 rationem
647 1160 742 1204 suam
760 1138 819 1202 illa
831 1149 935 1221 agat:
956 1140 1005 1202 ita
1020 1141 1131 1204 lacere
1143 1152 1198 1206 est
1211 1163 1256 1205 ex
1272 1142 1379 1206 sacul-

255 1250 330 1303 tate
349 1239 421 1321 ejus
439 1260 526 1322 quae
546 1248 690 1303 vocatur
709 1236 850 1300 libertas
866 1259 873 1314 ;
897 1247 933 1299 et
952 1236 1011 1299 illa
1034 1237 1236 1303 confirmare
1258 1249 1313 1303 est
1333 1261 1380 1304 ex

254 1334 421 1400 facultate
440 1335 512 1417 ejus
531 1356 618 1418 quae
637 1343 781 1398 vocatur
800 1331 1028 1396 rationalitas.
1074 1349 1132 1410 [4.]
1163 1335 1214 1399 Ut
1234 1355 1296 1417 pro
1315 1357 1379 1400 ex·

254 1431 390 1513 emplo:
413 1452 459 1495 ex
476 1451 592 1495 amore
609 1431 767 1504 hominis,
781 1429 814 1492 in
831 1447 931 1510 quem
945 1431 1107 1504 nascitur,
1122 1440 1176 1495 est
1189 1432 1281 1514 quod
1294 1432 1380 1497 velit

254 1524 451 1602 adulterari,
480 1527 691 1603 defraudare,
723 1525 973 1608 blasphemare,
1002 1527 1198 1605 vindicare;
1233 1537 1270 1590 et
1300 1547 1378 1592 cum

254 1621 338 1685 haec
355 1622 448 1685 mala
464 1624 553 1704 apud
571 1644 607 1686 se
621 1621 814 1696 confirmat,
828 1631 864 1685 et
880 1620 939 1684 illa
958 1641 1017 1703 per
1030 1624 1063 1685 id
1079 1622 1161 1686 facit
1175 1623 1279 1699 licita,
1294 1633 1379 1689 tunc

253 1716 313 1780 illa
327 1737 373 1782 ex
386 1716 536 1800 jucundo
552 1721 678 1782 amoris
693 1718 829 1782 illorum
842 1717 946 1781 libere
959 1719 1054 1800 quasi
1067 1719 1254 1784 secundum
1271 1720 1378 1784 ratio·

254 1830 332 1876 nem
349 1813 484 1894 cogitat
502 1825 537 1876 et
551 1812 636 1886 vult,
650 1824 686 1878 et
703 1823 867 1896 quantum
885 1813 980 1895 leges
996 1815 1114 1877 civiles
1131 1834 1199 1878 non
1213 1816 1378 1892 retinent,

253 1907 404 1991 loquitur
428 1919 463 1972 et
486 1908 579 1973 iacit.
626 1909 683 1973 Ex
708 1909 833 1973 Divina
853 1909 993 1973 Domini
1016 1910 1237 1974 Providentia
1254 1922 1320 1988 est,
1341 1921 1380 1976 ut

253 2002 357 2068 liceat
381 2003 512 2068 homini
530 2006 580 2069 ita
602 2026 716 2088 agere,
741 2006 820 2088 quia
843 2004 985 2067 liberum
1009 2025 1068 2068 seu
1093 2005 1234 2070 libertas
1257 2007 1288 2071 ei
1310 2017 1378 2072 est.

252 2097 292 2162 ln
311 2098 377 2164 hoc
397 2100 505 2165 libero
524 2110 578 2164 est
598 2100 702 2163 homo
718 2119 738 2163 a
755 2109 886 2174 natura,
907 2101 984 2182 quia
1003 2121 1047 2163 ex
1067 2100 1273 2178 hereditate,
1291 2112 1326 2166 et
1342 2103 1377 2166 in

251 2191 317 2258 boc
338 2194 445 2259 libero
464 2204 545 2259 sunt
564 2193 614 2259 illi
636 2196 693 2278 qui
717 2195 752 2258 id
770 2196 861 2278 apud
881 2216 917 2259 se
937 2216 982 2258 ex
1002 2194 1153 2276 jucundo
1175 2199 1302 2260 amoris
1326 2198 1378 2262 sui
1492 2209 1494 2218 ’

250 2298 288 2354 et
301 2290 418 2354 mundi
430 2311 490 2373 per
503 2290 788 2355 ratiocinationes
800 2289 1097 2354 confirmaverunt.
1136 2304 1195 2365 [8.]
1217 2291 1378 2357 Liberum

251 2384 482 2451 ratzbnaleest
498 2409 543 2450 ex
556 2405 674 2451 amore
693 2385 803 2450 lamae
820 2396 963 2470 propter
978 2386 1145 2450 honorem
1161 2396 1220 2451 aut
1234 2398 1377 2470 propter

251 2478 393 2545 lucrum.
436 2481 631 2564 Jucundum
650 2481 740 2545 illius
760 2484 886 2547 amoris
905 2492 960 2545 est
983 2502 1147 2565 apparere
1170 2483 1204 2546 in
1227 2493 1377 2548 externa

250 2574 360 2642 forma
375 2577 462 2643 sicut
481 2579 586 2643 homo
603 2578 762 2657 moralis;
785 2587 822 2643 et
841 2581 1030 2662 quiaamat
1047 2578 1135 2641 hanc
1150 2578 1287 2655 lamam,
1305 2600 1374 2644 non

251 2671 444 2749 defraudat,
469 2694 539 2738 non
570 2674 794 2751 adulteratur,
824 2695 892 2739 non
919 2673 1086 2749 vindicat,
1115 2694 1184 2737 non
1211 2675 1374 2758 blasphe-

251 2778 344 2849 mat;
378 2778 416 2835 et
442 2771 521 2853 quia
547 2770 634 2834 haec
657 2770 739 2834 facit
766 2771 910 2834 rationis
937 2791 1029 2845 suae,
1057 2770 1164 2835 etiam
1193 2792 1238 2835 ex
1266 2771 1377 2836 libero

249 2866 439 2930 secundum
458 2867 628 2931 rationem
652 2886 749 2930 suam
770 2867 845 2949 agit
865 2868 1045 2942 sincerum,
1062 2865 1204 2948 justum,
1226 2879 1374 2946 castum,

250 2961 418 3041 amicum;
446 2963 551 3027 immo
582 2970 700 3045 potest
727 2982 773 3026 ex
803 2963 937 3026 ratione
967 2962 1055 3026 bene
1085 2960 1177 3045 loqui
1207 2983 1269 3046 pro
1296 2964 1373 3028 illis.

250 3052 319 3120 Sed
347 3058 375 3120 si
404 3058 576 3122 rationale
606 3056 676 3140 ejus
700 3067 755 3121 est
778 3056 889 3120 solum
918 3055 1084 3134 naturale,
1111 3066 1146 3121 et
1174 3078 1243 3121 non
1272 3060 1374 3124 simul

249 3152 439 3236 spirituale,
460 3163 514 3218 est
532 3153 676 3219 liberum
695 3152 779 3217 illud
799 3151 904 3216 modo
924 3152 1066 3216 liberum
1086 3163 1282 3230 externum,
1304 3175 1373 3219 non

248 3259 365 3313 autem
393 3249 536 3314 liberum
563 3251 757 3327 internum;
782 3267 861 3312 nam
891 3248 1113 3312 nihilominus
1137 3249 1280 3313 interius
1303 3272 1373 3315 non

248 3354 343 3409 amat
359 3344 419 3409 illa
438 3346 541 3423 bona,
559 3345 621 3409 sed
638 3344 742 3409 modo
758 3343 911 3408 exterius
931 3353 1073 3427 propter
1088 3344 1225 3421 samam,
1246 3356 1283 3409 ut
1300 3347 1373 3411 dic·

248 3447 323 3505 tum
353 3450 428 3520 est;
451 3461 556 3525 quare
582 3442 675 3506 bona
704 3461 792 3524 quae
821 3440 914 3518 facit,
946 3459 1015 3504 non
1044 3441 1139 3504 inse
1165 3441 1257 3505 bona
1280 3454 1372 3528 sunt.

248 3535 371 3602 Potest
396 3537 502 3602 etiam
532 3537 657 3614 dicere,
682 3536 774 3620 quod
798 3535 956 3602 facienda
980 3537 1051 3601 sint
1078 3546 1219 3620 propter
1244 3538 1371 3604 bonum

248 3632 444 3716 publicum;
468 3633 529 3698 sed
552 3632 618 3697 hoc
643 3652 711 3696 non
729 3631 815 3698 dicit
834 3654 879 3697 ex
902 3651 1020 3698 amore
1043 3632 1125 3698 boni
1148 3633 1286 3716 publici,
1310 3636 1372 3699 sed

246 3749 293 3793 ex
323 3748 441 3794 amore
468 3729 518 3793 sui
545 3727 686 3792 honoris
710 3738 769 3793 aut
797 3728 900 3809 lucri;
924 3729 1002 3793 ideo
1024 3728 1169 3793 liberum
1193 3729 1264 3813 ejus
1288 3731 1372 3795 nihil

246 3823 355 3889 trahit
375 3845 421 3889 ex
440 3844 559 3890 amore
578 3823 658 3888 boni
678 3822 814 3907 publici,
835 3843 898 3889 nec
917 3825 1019 3901 ratio,
1039 3826 1119 3910 quia
1141 3826 1227 3891 haec
1251 3847 1369 3891 assen-

246 3921 332 3985 titur
347 3922 476 3985 amori:
500 3941 604 4005 quare
620 3921 686 3984 hoc
703 3919 847 3984 liberum
865 3921 1036 3986 rationale
1055 3932 1109 3986 est
1128 3922 1270 3987 interius
1286 3923 1370 3988 libe·

246 4035 320 4079 rum
337 4014 505 4081 naturale.
552 4015 629 4080 Hoc
646 4015 790 4080 liberum
806 4017 912 4080 etiam
929 4039 975 4081 ex
992 4017 1118 4081 Divina
1133 4018 1272 4082 Domini
1289 4018 1370 4084 Pro·

246 4112 401 4177 videntia
417 4113 524 4177 cuivis
540 4110 753 4195 relinquitur.
800 4125 858 4188 [6.]
887 4111 1044 4177 Liberum
1059 4112 1240 4193 spirituale
1253 4125 1307 4178 est
1323 4137 1369 4180 ex

245 4225 363 4271 amore
378 4208 470 4272 vitae
485 4217 658 4272 aeternae.
705 4207 746 4272 ln
764 4206 861 4272 illum
877 4227 1029 4273 amorem
1045 4219 1080 4272 et
1097 4208 1168 4291 ejus
1183 4207 1369 4291 jucundum

245 4323 316 4369 non
340 4301 426 4368 alius
448 4304 554 4380 venit,
579 4323 680 4386 quam
703 4305 761 4387 qui
784 4304 920 4386 cogitat
942 4304 1035 4369 mala
1057 4325 1133 4368 esse
1153 4315 1308 4388 peccata,
1332 4317 1369 4373 et

244 4399 324 4464 ideo
343 4420 412 4463 non
431 4399 506 4465 vult
525 4398 595 4477 illa,
616 4409 652 4464 et
675 4399 776 4464 simul
795 4397 931 4482 spectat
949 4400 993 4464 ad
1013 4401 1220 4465 Dominum:
1246 4410 1284 4465 ut
1301 4404 1368 4484 pri·

244 4516 339 4562 mum
358 4496 464 4561 homo
482 4495 548 4561 hoc
564 4495 657 4573 lacit,
675 4496 709 4561 in
728 4495 837 4560 libero
852 4496 913 4560 illo
931 4506 985 4561 est
1000 4519 1008 4576 ;
1032 4517 1111 4562 nam
1131 4517 1233 4562 nemo
1249 4508 1369 4582 potest

244 4612 315 4657 non
334 4592 426 4658 velle
446 4591 538 4657 mala
556 4593 634 4675 quia
652 4601 800 4676 peccata
818 4603 910 4667 sunt,
927 4602 964 4657 et
986 4593 1063 4658 ideo
1080 4613 1149 4658 non
1167 4593 1278 4659 lacere
1296 4595 1367 4669 illa,

245 4690 309 4754 nisi
325 4690 369 4755 sit
389 4710 435 4754 ex
451 4689 604 4753 interiori
623 4709 683 4753 seu
705 4689 870 4771 superiori
891 4689 1009 4766 libero,
1027 4688 1118 4773 quod
1138 4697 1256 4752 estex
1276 4689 1366 4752 inte·
