3426 5382
327 664 371 732 92
680 655 885 708 surrentin
909 654 1106 708 nnonnrcn

326 855 461 918 cogere.
509 830 578 896 Sed
598 841 678 895 sunt
698 831 753 913 qui
773 832 948 914 patiuntur
971 851 1008 893 se
1028 829 1071 892 ad
1091 828 1293 912 religionem
1312 828 1402 911 cogi,
1419 836 1457 894 et

326 942 407 994 sunt
430 929 576 1013 quinon
601 928 788 1010 patiuntur.
835 923 902 1008 Qui
927 926 1105 1008 patiuntur
1125 945 1161 986 se
1185 924 1228 986 ad
1253 923 1456 1005 religionem

326 1029 417 1111 cogi,
437 1037 517 1091 sunt
549 1025 648 1089 multi
677 1045 722 1087 ex
753 1034 860 1106 gente
888 1020 1087 1101 Pontificia;
1119 1022 1180 1085 sed
1206 1020 1273 1086 hoc
1301 1021 1338 1085 fit
1364 1019 1454 1104 apud

325 1123 416 1200 illos,
437 1122 526 1205 apud
551 1141 637 1204 quos
659 1118 744 1182 nihil
768 1119 893 1182 interni
917 1119 1028 1182 estin
1052 1117 1159 1192 cultu,
1184 1117 1245 1180 sed
1265 1135 1367 1180 omne
1391 1137 1455 1179 ex·

326 1233 475 1284 ternum.
521 1215 587 1299 Qui
609 1237 677 1280 non
701 1216 879 1298 patiuntur
897 1235 934 1278 se
953 1214 1043 1296 cogi,
1064 1224 1144 1276 sunt
1165 1212 1265 1277 multi
1283 1234 1329 1276 ex
1349 1221 1456 1294 gente

327 1315 503 1397 Anglica;
528 1333 573 1377 ex
592 1310 657 1374 hoc
677 1309 715 1373 fit
735 1310 827 1393 quod
846 1310 1019 1373 internum
1039 1309 1085 1372 sit
1103 1310 1136 1372 in
1157 1309 1252 1372 cultu
1271 1327 1400 1384 eorum,
1418 1315 1456 1372 et

327 1411 419 1494 quod
450 1410 485 1472 in
516 1417 666 1472 externo
696 1415 762 1481 est,
787 1405 834 1469 sit
863 1403 909 1467 ab
938 1405 1086 1468 interno.
1132 1402 1302 1466 Interiora
1332 1403 1455 1467 horum

326 1504 440 1590 quoad
464 1502 666 1584 religionem
686 1501 720 1565 in
745 1500 820 1564 luce
845 1499 1012 1583 spirituali
1035 1508 1205 1582 apparent
1224 1499 1312 1562 sicut
1336 1499 1455 1562 candi·

326 1602 392 1665 dae
411 1600 540 1676 nubes;
565 1607 601 1661 at
620 1597 785 1660 interiora
804 1596 953 1678 priorum
974 1595 1088 1679 quoad
1106 1594 1310 1683 religionem
1325 1595 1359 1658 in
1379 1594 1455 1658 luce

327 1695 413 1762 caeli
436 1702 606 1777 apparent
628 1695 717 1756 sicut
740 1693 856 1756 furvae
880 1691 999 1756 nubes.
1045 1691 1240 1774 Utrumque
1263 1690 1329 1754 hoc
1353 1691 1456 1755 datur

326 1792 433 1855 videri
453 1791 485 1853 in
507 1789 636 1852 mundo
655 1788 835 1871 spirituali,
856 1796 892 1851 et
912 1786 1061 1871 quivult
1080 1787 1211 1850 visurus
1229 1796 1295 1862 est,
1316 1786 1397 1849 dum
1419 1785 1455 1848 in

326 1887 423 1950 illum
458 1885 622 1948 mundum
656 1892 738 1968 post
771 1893 917 1948 mortem
951 1883 1058 1946 venit.
1113 1881 1307 1956 Praeterea,
1341 1880 1456 1944 cultus

327 1980 467 2047 coadtus
498 1980 645 2045 includit
678 1979 781 2056 mala,
806 2000 892 2062 quae
924 1989 1005 2042 tunc
1037 1977 1147 2042 latent
1174 1978 1263 2042 sicut
1292 1978 1391 2060 ignes
1419 1977 1455 2042 in

328 2077 430 2160 lignis
463 2076 527 2140 sub
556 2077 683 2152 cinere,
714 2076 771 2159 qui
804 2096 841 2138 se
876 2076 1039 2139 continue
1071 2074 1269 2138 fomentant
1300 2084 1336 2136 et
1367 2072 1454 2136 dila·

327 2182 416 2249 tant,
441 2193 547 2255 usque
575 2173 656 2234 dum
687 2181 870 2253 erumpunt
897 2173 932 2234 in
955 2170 1170 2236 incendium:
1195 2179 1231 2234 at
1250 2168 1365 2235 cultus
1385 2189 1455 2232 non

327 2266 468 2334 coadtus
498 2268 558 2331 sed
589 2275 803 2349 spontaneus
833 2286 902 2330 non
930 2265 1074 2330 includit
1104 2264 1212 2344 mala;
1243 2285 1346 2348 quare
1374 2273 1455 2329 sunt

328 2365 416 2428 sicut
439 2364 549 2446 ignes,
571 2363 626 2446 qui
647 2363 766 2425 statim
791 2361 973 2444 efflagrant
998 2373 1033 2424 et
1057 2362 1276 2445 dissipantur.
1321 2360 1378 2424 Ex
1401 2359 1456 2424 his

328 2468 438 2544 patet,
459 2458 551 2542 quod
575 2459 749 2522 internum
773 2458 822 2521 ita
846 2468 968 2522 renuat
992 2454 1162 2533 coalitum,
1188 2467 1225 2522 ut
1248 2465 1382 2521 avertat
1406 2476 1454 2521 se.

329 2553 432 2638 Quod
464 2556 639 2617 internum
674 2573 799 2634 cogere
833 2553 945 2636 possit
977 2561 1171 2628 externum,
1204 2563 1257 2616 est
1291 2553 1370 2635 quia
1402 2553 1455 2615 in·

327 2660 465 2716 ternum
496 2659 550 2714 est
577 2651 667 2713 sicut
698 2649 867 2724 dominus,
891 2669 931 2712 ac
963 2658 1147 2713 externum
1182 2650 1268 2713 sicut
1298 2647 1454 2712 famulus

329 2756 386 2820 [5.]
417 2744 550 2819 Tertio,
577 2743 674 2822 Quod
687 2742 841 2824 jucunda
869 2754 1009 2808 externa
1038 2743 1191 2808 allelient
1219 2745 1387 2808 internum
1409 2739 1459 2808 ad

327 2857 527 2914 consensum,
559 2848 591 2902 et
620 2860 745 2921 quoque
773 2839 824 2903 ad
849 2840 1206 2922 amorem.—Jucunda
1232 2849 1312 2904 sunt
1342 2839 1455 2922 dupli·

328 2935 377 2999 cis
412 2935 560 3018 generis,
590 2932 741 3015 jucunda
771 2932 967 2998 intelledtus
997 2945 1033 2998 et
1056 2934 1207 3017 jucunda
1238 2935 1454 3014 voluntatis;

325 3029 475 3114 jucunda
498 3027 693 3095 intelledtus
717 3040 796 3094 sunt
822 3031 927 3094 etiam
948 3029 1098 3112 jucunda
1122 3032 1320 3114 sapientiae,
1345 3041 1382 3097 et
1399 3029 1453 3112 ju·

328 3125 440 3189 cunda
463 3125 655 3189 voluntatis
679 3135 758 3188 sunt
783 3127 888 3189 etiam
910 3123 1060 3206 jucunda
1083 3127 1233 3205 amoris;
1262 3145 1340 3190 nam
1364 3124 1454 3208 sapi·

327 3223 423 3286 entia
442 3231 496 3286 est
520 3217 728 3296 intelledms,
754 3230 790 3285 et
810 3239 906 3284 amor
931 3230 986 3285 est
1005 3221 1206 3285 voluntatis.
1252 3221 1351 3286 Nunc
1377 3221 1457 3303 quia

325 3314 474 3398 jucunda
493 3318 646 3400 corporis
669 3325 705 3381 et
724 3315 795 3398 ejus
819 3335 991 3390 sensuum,
1012 3327 1199 3399 quaesunt
1219 3316 1370 3400 jucunda
1391 3337 1455 3382 ex·

328 3417 437 3487 terna,
459 3430 563 3472 unurn
579 3420 689 3493 agunt
705 3429 782 3473 cum
799 3408 958 3490 jucundis
974 3409 1130 3486 internis,
1147 3431 1234 3493 quae
1252 3420 1333 3475 sunt
1351 3409 1455 3474 intel·

329 3503 438 3569 ledtus
461 3514 497 3569 et
520 3505 724 3581 voluntatis,
742 3507 894 3588 sequitur
918 3505 1010 3588 quod
1034 3506 1124 3570 sicut
1148 3507 1320 3570 internum
1342 3505 1454 3570 renuit

328 3599 487 3666 coattum
511 3602 556 3664 ab
585 3611 744 3676 extern0,
766 3622 872 3684 usque
901 3613 938 3663 ut
969 3611 1106 3666 avertat
1136 3623 1183 3679 se,
1204 3603 1253 3667 ita
1281 3603 1454 3668 internum

328 3706 429 3780 grate
448 3698 594 3779 aspiciat
606 3697 793 3779 jucundum
814 3699 847 3760 in
864 3711 1025 3773 externo,
1043 3719 1149 3782 usque
1166 3709 1203 3764 ut
1223 3708 1337 3764 vertat
1356 3719 1393 3762 se
1412 3696 1457 3761 ad

326 3792 434 3872 illud;
458 3794 506 3856 sic
518 3792 557 3857 lit
574 3813 764 3858 consensus
780 3815 800 3856 a
817 3804 915 3877 parte
932 3792 1142 3872 intelledtus,
1155 3805 1191 3860 et
1207 3815 1340 3860 amora
1357 3805 1457 3877 parte

328 3889 529 3953 voluntatis.
576 3895 633 3956 [6.]
672 3888 803 3954 Omnes
826 3890 975 3955 infantes
1006 3892 1040 3955 in
1072 3892 1200 3956 mundo
1223 3890 1391 3975 spirituali
1421 3891 1455 3954 in

329 3984 534 4068 sapientiam
553 3985 759 4068 angelicam,
780 3996 816 4052 et
836 3987 1010 4070 perillam
1030 3988 1063 4049 in
1083 4007 1236 4052 amorem
1255 3985 1456 4064 caelestem,

328 4100 389 4163 per
403 4079 554 4163 jucunda
573 4091 608 4146 et
628 4102 777 4147 amoena
794 4103 815 4146 a
833 4082 985 4147 Domino
1001 4083 1266 4147 introducuntur
1277 4104 1285 4163 ;
1310 4083 1456 4167 primum

328 4197 389 4261 per
408 4175 552 4259 pulchra
570 4177 603 4241 in
623 4178 793 4255 domibus,
814 4188 851 4243 et
870 4200 930 4263 per
949 4199 1097 4244 amoena
1119 4180 1153 4242 in
1175 4179 1305 4244 hortis:
1331 4177 1458 4244 deinde

329 4294 389 4356 per
420 4274 720 4356 repraesentativa
750 4269 988 4357 spiritualium,
1020 4297 1108 4361 quae
1137 4276 1300 4341 interiora
1329 4274 1459 4341 mentis

329 4387 446 4433 eorum
465 4369 648 4453 voluptate
664 4369 839 4450 afficiunt;
862 4380 898 4436 et
918 4372 1057 4438 demum
1075 4392 1137 4455 per
1154 4393 1236 4437 vera
1251 4371 1455 4454 sapientiae,

329 4475 365 4528 et
388 4464 435 4528 sic
459 4466 630 4548 perbona
648 4467 795 4531 amoris:
826 4467 878 4532 ita
901 4470 1065 4534 continue
1084 4490 1145 4554 per
1163 4468 1315 4551 jucunda
1335 4467 1371 4532 in
1392 4483 1460 4532 suo

329 4559 472 4640 ordine;
503 4563 649 4646 prim'um
676 4582 736 4645 per
760 4561 910 4646 jucunda
938 4566 1066 4630 amoris
1092 4563 1289 4630 intelledtus
1318 4573 1355 4629 et
1384 4562 1460 4645 ejus

330 4655 534 4739 sapientiae,
555 4667 591 4722 et
615 4659 752 4722 demum
777 4680 837 4742 per
855 4659 1007 4743 jucunda
1030 4661 1157 4724 amoris
1177 4659 1379 4738 voluntatis,
1400 4657 1460 4743 qui
