3418 5370
320 631 385 695 282
677 641 881 692 snprnurm
904 639 1102 692 nuouurcn

318 823 646 902 contradictorium
679 834 752 888 tum
782 822 894 886 facere
926 822 1054 886 bonum
1087 831 1123 886 et
1157 841 1227 886 non
1257 843 1455 906 agnoscere

319 921 452 1000 Deum;
486 942 553 984 non
580 921 671 984 enim
694 920 796 982 datur
820 937 924 981 unum
948 920 1077 1000 absque
1101 917 1223 982 altero.
1270 918 1451 988 Provisum

317 1029 374 1083 est
397 1040 417 1080 a
443 1018 604 1091 Domino,
626 1026 662 1080 ut
683 1034 793 1097 paene
813 1014 923 1077 ubivis
942 1014 1058 1096 aliqua
1076 1013 1198 1095 religio
1217 1015 1274 1090 sit,
1294 1029 1330 1081 et
1355 1023 1453 1102 quod

318 1114 352 1177 in
372 1115 562 1196 unaquavis
579 1113 647 1173 duo
663 1109 723 1174 illa
741 1111 833 1188 sint;
857 1120 893 1173 et
912 1128 1047 1192 quoque
1066 1130 1087 1172 a
1107 1109 1256 1174 Domino
1273 1117 1452 1196 provisum

317 1221 384 1284 est,
399 1221 434 1272 ut
453 1208 681 1290 unusquisque
695 1207 751 1290 qui
768 1205 928 1288 agnoscit
947 1203 1069 1279 Deum,
1083 1216 1120 1268 et
1136 1225 1205 1268 non
1222 1206 1304 1272 lacit
1318 1211 1451 1276 malum

317 1306 396 1388 quia
419 1315 472 1367 est
497 1315 618 1366 contra
643 1301 766 1376 Deum,
792 1301 906 1364 locum
929 1299 1057 1363 habeat
1087 1301 1120 1362 in
1147 1302 1257 1366 caelo.
1303 1303 1451 1370 Caelum

317 1403 409 1464 enim
432 1401 466 1463 in
491 1399 678 1481 complexu
701 1397 803 1461 relect
828 1417 930 1459 unum
956 1395 1156 1472 Hominem,
1177 1398 1270 1480 cujus
1294 1401 1363 1462 vita
1386 1423 1452 1464 seu.

316 1497 431 1559 anima
455 1506 508 1558 est
534 1495 723 1558 Dominus:
752 1493 786 1557 in
810 1491 954 1556 caelesti
978 1491 1039 1555 illo
1060 1491 1210 1557 Homine
1231 1508 1311 1558 sunt
1330 1499 1446 1560 omnia

317 1612 404 1673 quae
428 1593 460 1654 in
485 1591 625 1654 homine
650 1589 805 1663 naturali,
826 1608 904 1653 cum
928 1587 1122 1653 differentia
1144 1590 1255 1672 qualis
1278 1602 1333 1654 est
1356 1593 1453 1654 inter·

317 1687 483 1750 caelestia
505 1699 541 1749 et
566 1686 744 1750 naturalia.
795 1689 867 1750 llo-i
899 1683 1029 1748 Notum
1048 1695 1113 1757 est,
1133 1687 1225 1768 quod
1249 1687 1282 1749 in
1307 1686 1453 1751 homine·

317 1802 386 1844 nou
407 1783 511 1846 modo
534 1783 603 1846 siut
624 1782 752 1846 formae
771 1781 992 1862 organizatae
1012 1801 1057 1844 ex
1080 1783 1173 1844 vasis
1191 1783 1388 1864 sanguineis
1411 1793 1449 1846 et

316 1898 362 1940 ex
393 1877 486 1941 fibris
510 1879 655 1950 nerveis,
677 1899 764 1961 quae
788 1885 956 1939 vocantur
975 1875 1118 1950 viscera,
1138 1877 1200 1940 sed
1224 1881 1330 1942 etiam
1353 1879 1452 1962 quod

316 1975 385 2037 sint
416 1986 524 2050 cuteS,
550 1975 783 2048 membranae,
809 1972 981 2046 tendines,
1006 1972 1240 2054 cartilagines,
1265 1994 1354 2048 ossa,
1383 1993 1445 2036 un·

317 2089 403 2153 gues
427 2081 463 2135 et
488 2073 622 2134 dentes.
670 2069 767 2132 Haec
791 2069 930 2130 suntin
955 2067 1077 2130 minori
1101 2070 1211 2149 gradu
1234 2071 1323 2142 viva,
1344 2091 1452 2151 quam

317 2176 399 2229 sunt
423 2167 519 2247 ipsae
543 2166 673 2230 formae
692 2165 926 2247 organizatae,
946 2164 1068 2247 quibus
1091 2163 1152 2226 illa
1174 2165 1362 2227 inserviunt
1384 2187 1455 2249 pro

319 2259 529 2344 ligamentis,
555 2262 779 2345 tegumentis,
803 2270 839 2323 et
862 2258 989 2322 fulcris.
1036 2257 1209 2323 Caelestis
1232 2260 1291 2324 ille
1316 2261 1452 2338 Homo,

317 2359 373 2440 qui
396 2369 451 2422 est
476 2357 621 2432 caelum,
642 2367 679 2422 ut
703 2357 736 2420 iu
760 2355 821 2420 illo
843 2355 959 2418 omnia
982 2353 1042 2418 illa
1064 2356 1146 2430 sint,
1166 2376 1236 2419 non
1260 2368 1376 2438 potest
1400 2379 1446 2422 ex

317 2453 512 2518 hominibus
542 2457 641 2517 unius
671 2452 851 2534 religionis
879 2453 1052 2534 componi,
1083 2452 1145 2515 sed
1175 2473 1221 2516 ex
1251 2452 1454 2519 hominibus

318 2549 464 2629 plurium
484 2549 711 2632 religionum;
735 2547 816 2612 inde
835 2565 967 2622 omnes,
988 2547 1044 2629 qui
1069 2545 1138 2610 duo
1161 2547 1221 2612 illa
1241 2550 1452 2615 universalia

317 2644 487 2709 ecclesiae
507 2644 634 2709 faciunt
652 2665 734 2708 suae
754 2645 857 2716 vitae,
880 2642 994 2705 locum
1014 2641 1145 2706 habent
1169 2643 1203 2706 in
1222 2644 1366 2709 caelesti
1387 2647 1455 2710 illo

319 2739 481 2813 Homine,
495 2740 560 2804 hoc
578 2750 644 2814 est,
659 2739 767 2812 caelo,
785 2751 821 2802 et
840 2738 996 2801 fruuntur
1008 2737 1176 2803 felicitate
1191 2740 1225 2802 in
1242 2761 1304 2802 suo
1316 2743 1449 2822 gradu:

318 2834 380 2897 sed
399 2836 442 2898 de
464 2835 515 2898 his
534 2837 717 2899 videantur
736 2835 833 2917 plura
853 2855 954 2915 supra
976 2833 1023 2914 (n.
1041 2833 1131 2916 254).
1178 2841 1240 2901 [ΙΙ.]
1265 2834 1368 2917 Quod
1388 2837 1454 2901 illa.

317 2930 386 2993 duo
409 2931 478 2993 sint
500 2933 659 3013 primaria
689 2932 722 2994 in
751 2932 844 2993 omni
872 2930 1050 3011 religione,
1071 2942 1234 2993 constare
1258 2943 1377 3014 potest
1400 2955 1446 2996 ex

318 3047 372 3100 eo,
394 3027 484 3108 quod
509 3028 568 3090 illa
597 3028 666 3091 duo
688 3029 757 3090 sint
782 3047 869 3109 quae
893 3026 1082 3108 decalogus
1106 3027 1223 3101 docet,
1245 3039 1280 3090 et
1304 3028 1362 3091 ille
1385 3028 1451 3094 fuit

317 3122 464 3204 primum
482 3121 598 3196 Verbi,
616 3133 652 3185 et
672 3143 690 3184 e
711 3134 830 3185 monte
848 3119 940 3184 Sinai
960 3141 979 3183 a
997 3119 1153 3202 Jehovah
1172 3123 1250 3184 viva
1265 3144 1350 3187 voce
1367 3145 1453 3206 pro·

320 3216 509 3298 mulgatus,
534 3230 569 3282 et
596 3218 685 3282 binis
707 3218 835 3283 tabulis
860 3216 1004 3301 lapideis
1027 3218 1140 3298 digito
1163 3216 1228 3280 Dei
1252 3219 1453 3301 inscriptus,

318 3323 355 3378 et
385 3315 464 3376 dein
489 3315 622 3396 positus
652 3315 685 3376 in
716 3334 797 3377 arca
825 3315 1017 3376 vocabatur
1042 3311 1211 3394 Jehovah,
1232 3323 1269 3377 et
1297 3313 1451 3380 iaciebat

318 3405 479 3472 sandium
499 3407 696 3473 sauciorum
719 3411 753 3473 in
778 3407 1015 3482 tabernaculo,
1035 3417 1070 3471 et
1089 3409 1233 3489 adytum
1256 3409 1291 3471 in
1314 3409 1456 3492 templo

320 3503 662 3586 Hierosolymitano;
686 3515 722 3570 et
742 3501 862 3569 sanda
878 3514 977 3568 erant
993 3503 1110 3567 omnia
1128 3523 1173 3566 ex
1192 3503 1252 3567 illo
1268 3504 1344 3578 splo
1360 3525 1454 3588 quae·

319 3599 386 3678 ibi;
410 3611 547 3682 praeter
567 3602 664 3684 plura
682 3602 726 3665 de
745 3600 917 3682 decalogo
933 3601 967 3662 in
986 3619 1066 3662 arca
1084 3619 1130 3662 ex
1151 3597 1281 3674 Verbo,
1301 3620 1389 3683 quae
1413 3601 1447 3664 in

318 3693 484 3758 Domina
514 3693 610 3759 Vitae
633 3707 702 3778 pro
723 3694 822 3760 Nova
841 3694 1077 3776 Horosolyma
1109 3692 1157 3777 (n.
1184 3694 1314 3779 53-61),
1338 3697 1452 3760 allata

318 3799 420 3867 sunt;
444 3790 566 3872 quibus
585 3791 671 3856 haec
691 3791 859 3873 adjiciam.
906 3791 1037 3854 Notum
1062 3802 1116 3854 est
1139 3812 1185 3854 ex
1205 3790 1334 3866 Verbo,
1355 3794 1447 3876 quod

318 3905 409 3958 arca,
430 3887 463 3949 in
488 3907 555 3970 qua
574 3888 674 3952 binae
694 3888 844 3962 tabulae,
864 3888 986 3970 quibus
1006 3888 1191 3969 inscriptus
1211 3897 1286 3951 erat
1306 3889 1451 3953 decalo-

319 4001 394 4062 gus,
418 3982 565 4059 suerunt,
595 4006 615 4048 a
645 3985 840 4048 Philistaeis
867 3995 972 4066 capta
1001 3985 1058 4058 sit,
1087 4004 1127 4047 ac
1158 3985 1274 4067 posita
1304 3985 1336 4048 in
1367 3986 1456 4049 fano

321 4075 478 4158 Dagonis
503 4081 535 4144 in
558 4080 762 4157 Aschdodo,
782 4090 817 4144 et
837 4081 928 4163 quod
950 4080 1075 4160 Dagon
1093 4100 1209 4143 coram
1231 4079 1289 4143 illa
1317 4081 1350 4144 in
1377 4092 1448 4144 ter·

318 4192 392 4235 ram
406 4174 585 4250 deciderit,
599 4188 635 4240 et
649 4186 772 4258 postea
785 4188 888 4258 caput
901 4195 978 4239 cum
992 4175 1078 4238 volis
1092 4196 1252 4239 manuum
1269 4196 1289 4239 a
1305 4197 1454 4258 corpore

321 4267 494 4336 divulsum
514 4292 615 4353 super
635 4272 751 4336 limine
774 4271 841 4335 sani
862 4271 1017 4352 jaceret3
1049 4279 1085 4334 et
1111 4272 1202 4354 quod
1223 4271 1454 4336 Aschdodaei

321 4373 356 4425 et
375 4363 564 4430 Ekronitae
577 4379 720 4450 propter
733 4367 862 4431 Arcam
876 4367 1027 4450 percussi
1045 4369 1113 4429 sint
1130 4367 1455 4442 haemorrhoidibus

320 4459 365 4520 ad
392 4460 489 4541 plura
510 4462 626 4536 millia,
646 4474 682 4526 et
710 4464 801 4546 quod
823 4473 915 4527 terra
940 4463 1075 4526 illorum
1096 4463 1283 4524 devastata
1302 4461 1401 4524 suerit
1429 4483 1454 4524 a

322 4554 490 4618 muribus:
516 4566 589 4620 tum
609 4558 702 4639 quod
721 4558 910 4632 Philistaei,
927 4579 972 4621 ex
993 4557 1141 4620 consilio
1159 4557 1342 4638 primorum
1363 4575 1450 4637 gen·

321 4649 369 4709 tis
389 4670 481 4726 suae,
500 4652 641 4716 fecerint
657 4655 804 4736 quinque
820 4653 1103 4718 haemorrhoides
1120 4661 1154 4714 et
1173 4653 1320 4735 quinque
1338 4668 1457 4712 mures
