3418 5368
322 646 383 712 130
673 643 875 694 SAPIENTIA
900 643 1096 694 ANGELICA

317 815 449 899 ciperet
474 814 564 900 quod
589 816 752 881 continue
776 816 968 881 abducatur
990 839 1011 881 a
1029 814 1181 901 jucundo
1204 838 1277 894 suo,
1302 839 1449 884 exacer-

318 913 457 975 baretur
475 913 563 976 sicut
582 923 705 977 contra
720 913 815 977 illum
836 915 891 996 qui
910 913 1018 979 vellet
1039 935 1161 978 necare
1178 914 1286 978 vitam
1307 914 1391 999 ejus,
1411 925 1447 981 et

317 1027 380 1092 pro
396 1007 497 1072 hoste
512 1008 668 1073 haberet.
715 1007 817 1091 Quod
837 1029 879 1072 ne
899 1008 970 1085 fiat,
992 1009 1161 1074 Dominus
1184 1011 1218 1074 in
1241 1010 1366 1075 Divina
1386 1033 1446 1076 sua

318 1099 538 1166 Providentia
555 1123 624 1166 non
640 1103 819 1168 manifeste
836 1112 992 1187 apparet,
1007 1105 1068 1168 sed
1085 1103 1254 1188 perillam
1274 1107 1322 1168 ita
1339 1107 1445 1170 tacite

316 1196 412 1263 ducit
431 1198 618 1276 hominem,
638 1201 726 1264 sicut
743 1199 870 1264 flumen
890 1201 1003 1265 latens
1022 1211 1082 1265 aut
1105 1221 1192 1264 vena
1214 1203 1366 1266 secunda
1385 1223 1444 1266 na·

316 1313 393 1358 vem
408 1315 416 1358 τ
441 1317 487 1358 ex
504 1316 545 1359 eo
558 1295 663 1360 homo
677 1316 745 1360 non
763 1295 863 1360 aliter
879 1299 957 1370 scit,
969 1317 1071 1380 quam
1086 1297 1177 1380 quod
1187 1298 1317 1382 jugiter
1332 1301 1365 1363 in
1383 1320 1445 1362 suo

316 1393 454 1474 proprio
477 1391 533 1464 sit,
554 1393 698 1456 liberum
719 1393 810 1455 enim
831 1413 908 1456 cum
937 1395 1075 1476 proprio
1097 1414 1198 1457 unum
1220 1393 1312 1459 lacit.
1360 1394 1445 1458 Inde

316 1497 426 1569 patet,
453 1487 543 1571 quod
574 1488 719 1552 liberum
743 1489 941 1572 appropriet
969 1488 1098 1552 homini
1129 1490 1164 1553 id
1199 1491 1291 1573 quod
1319 1490 1442 1555 Divina

316 1583 536 1646 Providentia
552 1583 750 1659 introducit,
769 1583 860 1668 quod
880 1604 948 1647 non
966 1583 1062 1648 fieret
1082 1585 1110 1648 si
1127 1585 1212 1650 haec
1232 1607 1269 1649 se
1286 1586 1443 1651 manifes-

315 1689 416 1742 taret.
462 1680 687 1763 Appropriari
704 1690 758 1744 est
777 1678 847 1744 fieri
866 1682 969 1746 vitae.

379 1771 471 1858 187.
507 1773 582 1858 (iv.)
613 1774 710 1854 Quod
728 1775 827 1838 detur
848 1775 978 1839 homini
997 1774 1110 1839 videre
1133 1773 1296 1840 Divinam
1318 1776 1443 1840 Provi-

314 1869 462 1932 dentiam
484 1893 506 1934 a
529 1881 627 1954 tergo
644 1880 677 1934 et
699 1891 761 1934 non
784 1892 806 1933 a
819 1871 923 1952 facie,
945 1881 1015 1934 tum
1039 1870 1074 1933 in
1093 1881 1186 1934 statu
1205 1872 1392 1953 spirituali,
1412 1883 1444 1936 et

204 1961 210 1978 “
315 1985 379 2027 non
401 1965 436 2026 in
458 1975 551 2029 statu
569 1986 629 2029 suo
644 1965 980 2030 naturali-Videre
1003 1966 1163 2030 Divinam
1186 1967 1442 2033 Providentiam

315 2081 335 2123 a
354 2069 457 2142 tergo
473 2071 509 2124 et
529 2081 597 2124 non
615 2061 743 2136 afacie,
758 2072 812 2126 est
828 2072 907 2144 post
928 2062 1022 2126 illam
1036 2071 1072 2127 et
1089 2082 1156 2125 non
1171 2071 1253 2126 ante
1266 2063 1382 2142 illam;
1407 2075 1443 2130 et

315 2175 335 2219 a
357 2165 452 2220 statu
476 2156 643 2239 spirituali
666 2165 702 2219 et
733 2178 802 2222 non
825 2179 846 2221 a
869 2167 965 2222 statu
989 2159 1145 2234 naturali,
1165 2169 1218 2221 est
1243 2181 1261 2222 e
1285 2159 1385 2223 caelo
1407 2169 1444 2224 et

314 2271 382 2314 non
404 2273 423 2317 e
440 2252 578 2315 mundo.
624 2250 755 2317 Omnes
774 2253 823 2317 illi
843 2255 899 2337 qui
918 2255 1087 2337 recipiunt
1108 2253 1273 2317 influxum
1292 2277 1311 2317 e
1330 2254 1442 2328 caelo,

314 2358 350 2411 et
373 2360 569 2431 agnoscunt
590 2348 750 2412 Divinam
771 2348 1040 2425 Providentiam,
1059 2359 1095 2413 et
1119 2351 1283 2432 imprimis
1303 2352 1358 2432 qui
1382 2371 1443 2434 per

314 2443 593 2509 reformationem
614 2443 810 2527 spirituales
832 2443 912 2511 satit
936 2456 1029 2521 sunt,
1049 2447 1129 2510 dum
1153 2447 1273 2510 vident
1296 2457 1443 2510 eventus

313 2540 347 2602 in
371 2542 518 2624 quadam
539 2541 625 2604 serie
644 2541 802 2616 mirabili,
822 2563 867 2606 ex
892 2542 1051 2605 interiore
1071 2542 1250 2623 agnitione
1270 2543 1367 2624 quasi
1391 2543 1442 2604 vi·

313 2635 397 2700 dent
418 2637 521 2710 illam,
544 2646 580 2700 et
603 2634 824 2702 confitentur.
871 2635 917 2700 Hi
939 2658 1006 2701 non
1027 2637 1148 2701 volunt
1168 2637 1283 2700 videre
1303 2637 1397 2701 illam
1421 2658 1441 2701 a

312 2731 409 2808 sacie,
429 2731 495 2795 hoc
520 2743 585 2806 est,
602 2742 789 2816 antequam
809 2733 944 2808 existit,
963 2753 1042 2797 nam
1062 2735 1187 2796 timent
1212 2753 1254 2795 ne
1279 2734 1441 2796 voluntas

313 2829 448 2894 illorum
468 2833 575 2894 intret
594 2833 627 2894 in
648 2831 774 2914 aliquid
794 2831 923 2895 ordinis
942 2841 978 2895 et
999 2833 1128 2896 tenoris
1145 2831 1226 2913 ejus.
1274 2841 1331 2905 [ι]
1363 2831 1441 2893 Ali·

312 2936 367 2991 ter
389 2927 448 3002 iili,
470 2929 525 3009 qui
549 2947 617 2990 non
641 2927 789 3010 aliquem
808 2926 973 2990 influxum
997 2927 1187 2990 admittunt
1210 2944 1229 2988 e
1251 2924 1358 3000 caelo,
1379 2927 1440 2990 sed

312 3011 423 3086 solum
450 3043 468 3086 e
493 3022 632 3097 mundo,
657 3023 823 3104 imprimis
844 3022 899 3105 qui
925 3043 970 3084 ex
991 3021 1250 3084 confirmatione
1270 3040 1440 3103 apparen-

312 3119 435 3182 tiarum
459 3117 549 3199 apud
574 3139 610 3182 se
634 3117 808 3181 naturales
827 3114 906 3181 laeti
930 3127 1020 3180 sunt.
1071 3116 1115 3179 Hi
1139 3136 1208 3179 non
1232 3116 1353 3179 vident
1377 3117 1441 3180 ali·

312 3214 391 3297 quid
417 3213 561 3278 Divinae
586 3213 827 3277 Providentiae
861 3234 881 3276 a
915 3224 1016 3295 tergo
1050 3234 1110 3276 seu
1140 3210 1352 3295 postillam,
1378 3212 1439 3275 sed

312 3311 433 3374 volunt
452 3312 567 3374 videre
587 3310 680 3374 illam
698 3331 718 3373 a
736 3310 832 3384 facie,
854 3329 914 3373 seu
933 3319 1118 3392 antequam
1138 3309 1283 3387 existit;
1307 3317 1343 3371 et
1362 3309 1439 3390 quia

311 3405 435 3469 Divina
464 3405 683 3470 Providentia
713 3413 875 3489 operatur
904 3424 964 3486 per
995 3404 1119 3480 media,
1143 3413 1179 3467 et
1213 3403 1325 3466 media
1354 3401 1440 3469 fiunt

311 3493 370 3584 pe‘r
394 3502 568 3564 hominem
593 3509 652 3564 aut
685 3521 745 3584 per
770 3500 945 3575 mundum,
969 3500 1049 3563 ideo
1079 3503 1149 3562 sive
1175 3499 1318 3562 videant
1344 3497 1438 3562 illam

309 3618 330 3660 a
349 3597 434 3660 facie
453 3599 524 3660 sive
548 3619 568 3660 a
587 3607 698 3678 tergo,
717 3598 910 3660 attribuunt
926 3595 1021 3660 illam
1038 3596 1094 3659 vel
1113 3594 1242 3658 homini
1261 3593 1317 3657 vel
1336 3603 1438 3657 natu·

309 3714 378 3768 rae,
397 3701 432 3755 et
456 3693 503 3755 sic
528 3713 564 3756 se
588 3693 622 3756 in
647 3694 838 3776 negatione
860 3691 933 3775 ejus
953 3691 1169 3757 confirmant.
1216 3689 1328 3754 Causa
1345 3691 1437 3773 quod

309 3791 359 3852 ita
386 3791 588 3866 attribuant,
617 3800 671 3853 est
700 3792 778 3874 quia
805 3787 1002 3854 intelledtus
1027 3808 1142 3853 eorum
1174 3796 1229 3850 est
1260 3785 1395 3849 clausus
1418 3807 1438 3850 a

309 3887 493 3968 superiore,
514 3896 549 3950 et
569 3884 680 3950 solum
700 3897 838 3968 apertus
859 3887 902 3950 ab
921 3885 1079 3959 inferiori,
1097 3887 1146 3948 ita
1163 3883 1300 3947 clausus
1319 3901 1438 3945 versus

308 3984 442 4047 caelum
467 3994 502 4048 et
534 3991 672 4066 apertus
695 4003 813 4046 versus
837 3983 1022 4060 mundum;
1057 3992 1093 4045 et
1124 4002 1142 4045 e
1172 3978 1301 4042 mundo
1320 3977 1438 4041 videre

310 4079 470 4142 Divinam
505 4079 760 4143 Providentiam
793 4099 860 4140 non
895 4079 1006 4152 datur,
1038 4078 1099 4140 sed
1138 4097 1156 4140 e
1193 4072 1291 4138 caelo
1312 4072 1436 4136 datur.

307 4172 526 4259 Quandoque
545 4176 695 4258 cogitavi
715 4194 860 4250 mecum,
883 4193 961 4236 num
986 4173 1046 4249 illi,
1072 4175 1098 4237 si
1122 4172 1311 4255 aperiretur
1333 4168 1436 4231 intel·

308 4265 419 4335 ledtus
438 4290 555 4335 eorum
574 4293 594 4334 a
618 4270 792 4353 superiori,
812 4280 848 4333 et
867 4269 1026 4332 viderent
1044 4277 1080 4331 ut
1104 4269 1136 4330 in
1157 4267 1252 4330 clara
1271 4264 1326 4327 die
1344 4263 1436 4346 quod

307 4373 433 4428 natura
447 4362 481 4426 in
501 4381 539 4425 se
557 4360 603 4426 sit
622 4369 770 4435 mortua,
790 4379 831 4423 ac
850 4356 1085 4440 intelligentia
1107 4357 1256 4421 humana
1277 4356 1312 4421 in
1336 4376 1373 4421 se
1390 4354 1439 4420 sit

308 4458 414 4536 nulla,
425 4457 486 4523 sed
506 4457 596 4540 quod
614 4466 757 4538 utraque
775 4462 942 4536 appareat
958 4472 1045 4528 esse,
1059 4452 1106 4516 sit
1125 4472 1171 4516 ex
1186 4449 1327 4527 influxu,
1339 4450 1438 4515 Divi·

308 4571 390 4616 nam
409 4551 665 4616 Providentiam
675 4556 928 4633 agnoscerent;
948 4557 985 4612 et
1002 4547 1139 4630 percepi
1157 4545 1248 4629 quod
1266 4545 1316 4610 illi
1331 4545 1441 4630 quise

309 4647 603 4715 confirmaverunt
625 4667 688 4732 pro
707 4645 832 4712 natura
847 4654 883 4711 et
902 4665 965 4730 pro
983 4643 1168 4729 prudentia
1185 4643 1347 4722 humana,
1367 4662 1442 4708 non
