3418 5368
349 636 407 706 152
697 636 902 687 SAPIENTIA
925 632 1120 684 ANGELICA

345 809 466 884 honor,
494 831 534 874 ac
562 811 666 876 timor
692 811 779 892 legis
806 810 968 874 obstant:
996 818 1033 874 et
1059 806 1152 891 quod
1178 803 1255 890 plus
1282 811 1348 880 est,
1375 820 1475 868 amor

344 905 545 970 dominandi
562 929 606 970 ex
623 928 738 970 amore
758 907 807 969 sui
826 908 946 970 intime
962 906 996 968 in
1016 925 1053 968 se
1072 904 1230 967 recondit
1251 902 1367 965 odium
1387 918 1473 963 con·

345 1011 398 1066 tra
433 1003 554 1078 Deum,
586 1013 840 1086 consequenter
869 1011 991 1066 contra
1024 1001 1150 1064 Divina
1181 1019 1269 1082 quae
1303 995 1474 1060 ecclesiae
1543 1001 1546 1005 ’

344 1107 436 1173 sunt,
454 1119 492 1162 ac
511 1102 676 1183 imprimis
693 1110 816 1165 contra
832 1099 1028 1163 Dominum.
1074 1095 1109 1161 Si
1129 1103 1325 1178 agnoscunt
1345 1092 1471 1166 Deum,

344 1192 410 1256 hoc
430 1194 558 1260 faciunt
578 1197 689 1260 solum
708 1217 787 1274 ore;
811 1205 847 1259 et
867 1195 896 1260 si
916 1194 1041 1258 Divina
1058 1191 1239 1267 ecclesiae,
1256 1189 1323 1253 hoc
1341 1188 1474 1252 iaciunt

344 1310 390 1352 ex
410 1292 532 1355 timore
546 1289 696 1372 jadturae
713 1291 863 1356 honoris.
909 1289 1032 1367 Causa,
1049 1288 1140 1373 quod
1157 1287 1216 1350 ille
1235 1305 1333 1349 amor
1351 1285 1473 1349 intime

344 1388 513 1452 recondat
537 1389 652 1452 odium
676 1398 799 1452 contra
822 1387 1020 1463 Dominum,
1038 1396 1093 1450 est
1116 1385 1194 1468 quia
1217 1383 1338 1445 intime
1357 1381 1391 1443 in
1411 1379 1473 1442 illo

345 1501 461 1546 amore
485 1494 551 1560 est,
572 1485 664 1568 quod
687 1484 772 1548 velit
796 1503 871 1546 esse
893 1482 997 1558 Deus,
1018 1503 1055 1545 se
1080 1481 1191 1544 solum
1215 1479 1306 1542 enim
1326 1475 1411 1540 colit
1434 1484 1472 1539 et

343 1579 478 1644 adorat.
524 1581 609 1645 Inde
632 1590 698 1657 est,
723 1580 814 1664 quod
838 1581 866 1642 si
889 1580 964 1662 quis
986 1578 1081 1642 illum
1105 1576 1267 1652 honorat,
1286 1596 1392 1660 usque
1416 1594 1472 1650 e0,

345 1683 383 1738 ut
402 1675 496 1741 dicat
516 1677 607 1761 quod
631 1677 662 1740 ei
686 1675 812 1740 Divina
830 1676 999 1758 sapientia
1019 1677 1074 1750 sit,
1098 1684 1134 1738 et
1157 1673 1250 1758 quod
1274 1673 1318 1736 sit
1342 1690 1472 1734 numen

344 1774 447 1846 orbis,
468 1774 563 1837 illum
584 1773 687 1836 corde
706 1782 812 1835 amet.
859 1785 921 1848 [ΙΙ.]
953 1771 1068 1835 Aliter
1083 1779 1137 1834 est
1155 1789 1233 1833 cum
1252 1788 1369 1834 amore
1393 1767 1472 1848 dig·

344 1870 494 1932 nitatum
511 1880 546 1932 et
560 1870 752 1932 divitiarum
769 1877 910 1950 propter
926 1887 1005 1930 usus
1019 1888 1028 1946 ;
1047 1867 1101 1930 hic
1115 1886 1212 1929 amor
1227 1877 1282 1928 est
1298 1864 1472 1939 caelestis,

343 1965 433 2046 quia,
458 1975 495 2027 ut
520 1961 736 2038 dictumest,
761 1974 815 2027 est
839 1964 931 2027 idem
956 1982 1033 2027 cum
1060 1981 1177 2026 amore
1203 1961 1362 2044 proximi.
1408 1958 1474 2023 Per

344 2079 425 2122 usus
444 2059 684 2142 intelliguntur
703 2060 794 2123 bona
806 2081 814 2138 ;
838 2071 873 2124 et
893 2061 971 2123 inde
992 2080 1051 2142 per
1074 2059 1185 2124 lacere
1205 2081 1284 2123 usus
1304 2056 1471 2137 intelligi·

344 2165 400 2220 tur
418 2156 529 2220 facere
554 2157 666 2235 bona;
690 2167 725 2221 et
749 2156 939 2240 perfacete
963 2176 1042 2218 usus
1061 2177 1120 2218 seu
1143 2155 1246 2230 bona,
1265 2152 1472 2235 intelligitur

343 2255 471 2316 servire
495 2254 570 2318 aliis
592 2273 632 2317 ac
655 2254 849 2317 ministrare
873 2252 951 2314 illis.
999 2250 1044 2314 Hi
1068 2253 1210 2316 tametsi
1237 2252 1270 2315 in
1295 2249 1470 2331 dignitate

342 2359 380 2413 et
396 2350 428 2412 in
449 2349 625 2430 opulentia
646 2359 738 2424 sunt,
758 2370 864 2432 usque
883 2348 1093 2431 dignitatem
1113 2358 1148 2411 et
1168 2346 1381 2431 opulentiam
1400 2364 1470 2408 non

343 2443 503 2527 spectant
522 2447 624 2510 aliter
645 2466 748 2529 quam
772 2456 809 2509 ut
834 2446 947 2509 media
966 2445 1009 2508 ad
1028 2445 1224 2509 faciendum
1244 2463 1335 2518 usus,
1355 2444 1405 2505 ita
1424 2442 1469 2505 ad

343 2542 560 2605 serviendum
579 2551 615 2606 et
634 2543 678 2606 ad
699 2541 972 2606 ministrandum.
1018 2539 1065 2604 Hi
1084 2550 1165 2605 sunt
1188 2541 1245 2624 qui
1267 2537 1468 2620 intelligun-

342 2646 399 2701 tur
416 2655 477 2718 per
495 2637 580 2701 haec
601 2637 740 2701 Domini
758 2636 873 2712 verba,

393 2798 545 2864 “Quisquis
557 2800 672 2850 voluerit
684 2802 755 2850 inter
767 2815 816 2850 vos
829 2815 944 2863 magnus
957 2800 1022 2861 lieri,
1031 2816 1093 2852 esse
1106 2801 1214 2852 debebit
1223 2809 1313 2851 vester
1327 2801 1469 2858 minister:

473 2875 501 2914 et
513 2866 634 2928 quisquis
647 2867 763 2915 voluerit
773 2901 779 2916 .
789 2903 796 2917 .
806 2903 812 2917 .
822 2903 829 2916 .
838 2881 900 2916 esse
918 2867 1030 2930 primus,
1043 2882 1105 2918 esse
1122 2867 1229 2917 debebit
1242 2877 1332 2917 vester
1349 2867 1468 2918 servus¹’

475 2931 580 2992 (Marti.
592 2945 636 2981 xx.
649 2932 689 2990 26,
701 2935 758 2995 an:

341 3103 377 3170 hi
396 3105 501 3169 etiam
524 3113 616 3181 sunt,
636 3103 757 3188 quibus
781 3106 973 3171 dominatio
995 3107 1029 3171 in
1054 3107 1151 3172 caelo
1170 3129 1190 3170 a
1209 3105 1359 3171 Domino
1382 3127 1467 3171 con·

342 3202 515 3280 creditur3
547 3210 601 3264 est
624 3203 715 3264 enim
739 3201 805 3271 illis
829 3203 1020 3267 dominatio
1044 3205 1193 3267 medium
1216 3202 1364 3268 faciendi
1387 3225 1468 3268 usus

341 3319 401 3362 seu
424 3297 526 3372 bona,
551 3299 601 3360 ita
623 3298 804 3370 serviendi,
825 3310 860 3362 et
888 3318 964 3361 cum
982 3319 1060 3362 usus
1083 3319 1143 3362 seu
1166 3300 1257 3363 bona
1279 3308 1359 3363 sunt
1381 3298 1468 3365 fines

342 3415 402 3458 seu
421 3413 567 3469 amores,
587 3403 670 3457 tunc
692 3414 760 3458 non
779 3393 828 3457 illi
852 3394 1083 3468 dominantur,
1104 3395 1166 3458 sed
1186 3395 1365 3470 Dominus,
1386 3415 1467 3461 nam

341 3511 445 3555 omne
464 3491 592 3554 bonum
612 3499 666 3553 est
685 3492 729 3554 ab
747 3490 837 3573 Ipso.
884 3503 955 3564 [12]
985 3488 1139 3571 Quarto:
1171 3489 1268 3570 Quod
1280 3491 1468 3574 'discrimen

341 3587 476 3651 illorum
498 3607 598 3667 aegre
619 3586 661 3649 ab
682 3586 813 3650 homine
834 3587 971 3664 sciatur,
989 3599 1043 3651 est
1063 3591 1141 3671 quia
1164 3589 1328 3673 plerique,
1352 3591 1408 3673 qui
1432 3591 1467 3654 in

341 3685 511 3766 dignitate
528 3693 563 3748 et
583 3684 616 3746 in
633 3683 810 3767 opulentia
826 3695 918 3761 sunt,
935 3687 1039 3750 etiam
1061 3708 1141 3751 usus
1159 3687 1300 3762 faciunt,
1318 3689 1379 3751 sed
1396 3709 1467 3753 non

341 3779 453 3844 sciunt
472 3799 552 3842 num
572 3799 652 3842 usus
670 3779 798 3845 saciant
818 3793 957 3865 propter
976 3803 1012 3846 se
1030 3792 1090 3847 aut
1110 3803 1189 3847 num
1209 3793 1347 3868 propter
1363 3806 1466 3863 usus;

341 3887 377 3942 et
397 3897 440 3941 eo
459 3876 581 3951 minus,
601 3877 680 3960 quia
701 3878 811 3940 amori
834 3879 884 3941 sui
908 3888 943 3942 et
967 3880 1084 3943 mundi
1107 3880 1197 3944 inest
1222 3879 1297 3962 plus
1317 3879 1406 3963 ignis
1429 3890 1467 3945 et

341 3973 471 4037 ardoris
493 3972 639 4037 faciendi
662 3993 752 4049 usus,
772 3994 873 4060 quam
897 3974 964 4038 illis
987 3977 1042 4059 qui
1067 3997 1135 4040 non
1159 3977 1193 4039 in
1216 3996 1333 4040 amore
1356 3976 1405 4038 sui
1429 3986 1466 4041 et

341 4071 458 4134 mundi
477 4081 577 4150 sunt;
604 4069 674 4134 sed'
689 4071 818 4153 priores
840 4070 970 4135 faciunt
994 4093 1071 4136 usus
1095 4082 1235 4156 propter
1257 4073 1382 4136 samam
1406 4080 1466 4137 aut

339 4176 482 4249 propter
501 4165 641 4242 lucrum,
659 4166 709 4230 ita
724 4175 865 4248 propter
883 4187 941 4244 se;
967 4168 1027 4230 sed
1045 4169 1100 4250 qui
1119 4168 1248 4232 faciunt
1267 4189 1346 4231 usus
1363 4187 1466 4250 prop·

339 4271 395 4326 ter
414 4283 504 4332 usus,
525 4281 585 4324 seu
607 4262 701 4324 bona
721 4271 863 4344 propter
881 4263 983 4337 bona,
1002 4261 1135 4326 illinon
1161 4285 1180 4327 a
1204 4285 1240 4327 se
1258 4262 1388 4327 faciunt
1407 4261 1467 4326 illa

340 4358 402 4420 sed
427 4379 447 4421 a
472 4357 632 4419 Domino.
678 4369 750 4432 [13.]
782 4357 974 4422 Discrimen
1000 4359 1090 4422 inter
1109 4358 1186 4422 illos
1206 4377 1309 4440 aegre
1332 4358 1376 4422 ab
1402 4357 1466 4421 ho·

340 4455 431 4515 mine
456 4460 572 4532 potest
594 4453 781 4533 cognosci;
805 4475 849 4516 ex
875 4474 988 4528 causa,
1012 4455 1090 4536 quia
1113 4454 1218 4517 homo
1240 4453 1362 4530 nescit,
1385 4469 1466 4516 num

340 4546 485 4609 ducatur
504 4567 524 4609 a
543 4537 695 4623 diabolo,
715 4547 770 4610 vel
795 4569 874 4612 num
894 4570 914 4612 a
937 4547 1108 4627 Domino;
1132 4548 1191 4613 ille
1215 4549 1271 4632 qui
1293 4548 1429 4612 ducitur
1447 4568 1468 4612 a

337 4639 487 4714 diabolo,
509 4659 588 4703 usus
603 4640 685 4704 facit
705 4652 847 4725 propter
863 4664 899 4707 se
918 4653 954 4708 et
971 4645 1146 4722 mundur‘n,
1167 4654 1204 4708 at
1223 4645 1280 4727 qui
1298 4643 1433 4709 ducitur
1450 4661 1470 4705 a
