3434 5364
264 649 303 698 12
616 641 821 694 SAPIENTIA
844 639 1042 693 ANGELICA

261 818 374 884 solum
393 817 552 884 naturale
574 815 644 881 illis
672 815 788 895 favet;
820 835 860 880 ac
891 815 1007 882 favere
1030 816 1131 882 malis
1160 826 1198 886 et
1227 817 1335 898 falsis,
1357 831 1394 887 et

260 917 388 980 bonum
407 916 531 990 facere,
552 933 622 977 non
640 912 842 976 concordat.

303 1027 370 1094 15.
400 1009 504 1092 Quod
531 1010 661 1073 bonum
691 1030 712 1073 a
733 1029 827 1084 vero,
848 1028 889 1072 ac
920 1028 1038 1074 verum
1069 1031 1090 1074 a
1119 1010 1214 1077 bono
1242 1014 1394 1096 separari

260 1110 383 1193 possit,
400 1117 436 1172 et
456 1126 534 1170 cum
551 1116 747 1190 separatum
764 1114 831 1179 est,
849 1125 955 1188 usque
972 1116 1138 1189 appareat
1154 1107 1243 1172 sicut
1262 1108 1393 1174 bonum

260 1215 297 1269 et
315 1222 433 1266 verum
453 1212 507 1266 est
527 1203 606 1285 quia
625 1211 680 1266 est
703 1199 835 1264 homini
852 1199 1001 1265 facultas
1020 1202 1158 1284 agendi,
1179 1224 1267 1287 quae
1286 1225 1392 1268 voca·

260 1308 316 1364 tur
334 1299 488 1374 libertas,
506 1307 542 1363 et
561 1297 709 1361 facultas
725 1295 955 1379 intelligendi,
973 1317 1061 1380 quae
1076 1307 1223 1363 vocatur
1237 1301 1392 1365 rationa-

260 1393 350 1459 litas.
396 1393 454 1458 Ex
473 1394 594 1457 harum
610 1390 815 1456 facultatum
834 1393 943 1456 abusu
962 1401 1028 1468 est,
1043 1393 1134 1476 quod
1154 1393 1261 1460 homo
1280 1397 1392 1478 possit

259 1509 426 1574 apparere
455 1489 542 1552 alius
566 1490 600 1552 in
624 1487 781 1552 externis
812 1506 914 1572 quam
942 1486 1054 1570 qualis
1077 1497 1132 1553 est
1159 1489 1194 1553 in
1224 1490 1392 1569 internis;

259 1587 404 1668 proinde
424 1586 515 1668 quod
539 1585 650 1649 malus
669 1585 780 1668 possit
799 1583 912 1648 facere
929 1583 1058 1648 bonum
1082 1594 1118 1648 et
1142 1584 1235 1668 loqui
1258 1606 1393 1663 verum,

259 1702 321 1746 seu
344 1682 435 1764 quod
459 1680 618 1744 diabolus
638 1679 748 1762 possit
771 1679 854 1743 lucis
878 1679 1041 1762 angelum
1061 1681 1207 1744 mentiri.
1253 1679 1323 1746 Sed
1347 1684 1393 1746 de

259 1776 371 1842 haere
384 1777 567 1841 videantur
582 1778 616 1840 in
633 1773 867 1840 transactione
879 1775 931 1838 De
943 1775 1070 1839 Divino
1080 1775 1206 1840 Amore
1218 1786 1252 1840 et
1261 1777 1393 1842 Divina

260 1871 446 1952 Sapientia,
464 1872 549 1936 haec
569 1872 771 1953 sequentia:
808 1868 910 1952 Quod
929 1871 1028 1953 origo
1050 1871 1133 1935 mali
1152 1873 1197 1937 sit
1216 1893 1263 1937 ex
1281 1874 1393 1937 abusu

259 1966 474 2040 facultatum,
495 1987 583 2050 quae
602 1966 732 2029 homini
752 1967 909 2049 propriae
928 1976 1020 2041 sunt,
1040 1976 1077 2030 et
1094 1977 1265 2033 vocantur
1282 1971 1393 2033 ratio·

259 2062 386 2126 nalitas
403 2073 439 2126 et
459 2063 600 2126 libertas
618 2059 666 2144 (n.
686 2059 860 2144 264-270).
907 2060 1010 2144 Quod
1030 2061 1131 2126 binae
1147 2062 1227 2127 illae
1243 2063 1392 2128 faculta-

258 2167 314 2224 tes
344 2159 413 2222 sint
450 2168 523 2222 tam
557 2157 648 2239 apud
680 2157 790 2220 malos
824 2177 926 2239 quam
956 2158 1047 2240 apud
1070 2159 1183 2222 bonos
1216 2158 1265 2242 (n.
1297 2163 1391 2244 4²5)-

261 2252 363 2335 Quod
386 2272 484 2316 amor
506 2252 636 2334 absque
660 2250 823 2333 conjugio
853 2271 930 2316 cum
962 2254 1146 2335 sapientia,
1171 2273 1232 2318 seu
1260 2253 1395 2320 bonum.

259 2351 389 2431 absque
413 2347 574 2430 conjugio
607 2366 685 2410 cum
709 2367 804 2422 vero,
828 2366 898 2410 non
922 2349 1032 2430 possit
1056 2349 1182 2432 aliquid
1203 2349 1315 2415 facere
1341 2350 1391 2434 (n.

258 2443 349 2527 401).
395 2431 623 2527 Quod'amor
652 2442 736 2506 nihil
759 2453 843 2524 agat
876 2444 940 2506 nisi
974 2444 1008 2507 in
1039 2442 1281 2525 conjunctione
1311 2467 1390 2510 eum

259 2542 430 2624 sapientia
452 2561 512 2604 seu
536 2536 729 2614 intellectu,
754 2550 790 2602 et
813 2538 919 2603 faciat
942 2548 980 2604 ut
1004 2541 1176 2622 sapientia
1200 2561 1260 2605 seu
1283 2543 1389 2607 intel·

259 2635 369 2701 lectus
398 2637 575 2719 reciproce
607 2633 840 2716 conjungatur
864 2633 912 2717 (n.
942 2634 1120 2718 410-412).
1167 2634 1271 2717 Quod
1295 2641 1388 2721 sapi·

259 2733 354 2797 entia
387 2753 447 2795 seu
478 2729 678 2794 intellectus
712 2751 757 2794 ex
791 2731 951 2811 potentia
981 2730 1045 2794 sibi
1076 2732 1162 2796 data
1194 2731 1238 2796 ab
1271 2752 1391 2798 amore

258 2829 369 2909 possit
392 2827 530 2901 elevari,
555 2838 592 2890 et
622 2827 798 2908 percipere
821 2825 880 2888 illa
903 2846 991 2908 quae
1016 2825 1100 2890 lucis
1123 2837 1204 2893 sunt
1234 2849 1254 2893 e
1277 2830 1389 2906 caelo,

258 2942 299 2988 ac
332 2924 485 3006 recipere
514 2921 575 2985 illa
606 2920 654 3003 (n.
684 2919 777 3003 413).
821 2919 927 3012 Quod
960 2941 1058 2986 amor
1090 2923 1200 3005 possit
1228 2924 1391 2990 similiter

258 3018 397 3094 elevari,
429 3029 465 3082 et
498 3017 651 3101 recipere
682 3015 743 3079 illa
772 3037 860 3099 quae
891 3016 1017 3081 caloris
1050 3028 1131 3083 sunt
1164 3040 1184 3084 e
1217 3018 1328 3098 caelo,
1359 3021 1390 3086 si

258 3125 353 3178 amat
367 3133 462 3177 suam
480 3112 662 3194 conjugem
679 3111 885 3194 sapientiam
905 3112 939 3174 in
959 3133 1001 3176 eo
1019 3114 1128 3195 gradu
1144 3111 1192 3197 (n.
1207 3131 1283 3195 414,
1297 3115 1389 3200 415).

259 3209 360 3293 Quod
386 3229 480 3273 amor
499 3210 625 3292 alioqui
644 3207 800 3272 retrahat
820 3208 1026 3290 sapientiam
1046 3229 1107 3273 seu
1125 3208 1345 3276 intellectum
1368 3233 1390 3276 a

258 3325 320 3369 sua
336 3305 544 3381 elevatione,
566 3316 603 3368 ut
622 3322 739 3368 secum
760 3323 863 3367 unum
882 3315 967 3386 agat
991 3302 1039 3386 (n.
1062 3305 1238 3389 416-418).
1284 3305 1389 3389 Quod

257 3420 354 3465 amor
385 3400 581 3483 purificetur
613 3401 647 3464 in
680 3397 874 3473 intellectu,
905 3401 934 3463 si
965 3397 1093 3463 ¹¹¹simul
1124 3400 1307 3466 elevantur
1339 3403 1388 3484 (n.

256 3495 433 3580 419-421).
478 3495 582 3578 Quod
598 3515 695 3560 amor
712 3493 909 3577 purificatus
928 3515 949 3558 a
967 3496 1136 3578 sapientia
1154 3498 1188 3560 in
1208 3496 1388 3564 intellectu

256 3592 317 3656 fiat
334 3591 521 3673 spiritualis
540 3601 575 3655 et
593 3591 778 3670 caelestis;
802 3600 838 3654 at
858 3591 950 3673 quod
970 3611 1066 3656 amor
1084 3604 1333 3677 conspurcatus
1352 3597 1387 3659 in

255 3685 437 3752 intellectu
456 3685 515 3751 fiat
535 3687 704 3750 sensualis
724 3697 760 3750 et
780 3707 966 3769 corporeus
988 3686 1035 3770 (n.
1059 3687 1236 3772 422-424).
1283 3688 1387 3772 Quod

255 3782 367 3847 simile
391 3783 436 3846 sit
461 3801 537 3845 cum
561 3781 734 3847 charitate
764 3792 800 3847 et
831 3781 896 3845 fide
926 3792 961 3847 et
991 3802 1107 3848 earum
1131 3782 1386 3866 conjunftione,

256 3890 294 3944 ut
311 3889 365 3944 est
386 3898 462 3943 cum
482 3898 599 3943 amore
618 3890 653 3944 et
677 3881 848 3963 sapientia
872 3889 907 3943 et
931 3879 1052 3943 horum
1072 3877 1315 3962 conjunctione
1336 3878 1388 3962 (n.

255 3976 431 4061 427-430).
478 3974 569 4060 Quid
588 3977 740 4043 charitas
759 3979 792 4041 in
811 3978 917 4042 caelis
939 3976 986 4060 (n.
1006 3974 1097 4058 431).

321 4075 390 4138 16.
411 4073 497 4157 (vii.)
520 4073 618 4152 Quod
624 4075 788 4139 Dominus
799 4095 862 4138 non
873 4074 1032 4156 patiatur
1046 4081 1084 4134 ut
1095 4069 1230 4154 aliquid
1236 4071 1388 4136 divisum

256 4169 304 4234 sit
311 4191 326 4244 ,·
349 4192 452 4252 quare
468 4170 523 4234 vel
537 4170 605 4234 erit
619 4171 655 4234 in
674 4171 754 4234 bono
771 4180 804 4234 et
821 4169 926 4234 simul
938 4191 1028 4242 vero,
1047 4167 1102 4230 vel
1115 4166 1183 4230 erit
1197 4166 1233 4230 in
1249 4166 1337 4230 malo
1353 4177 1388 4229 et

256 4265 362 4330 simul
363 4267 644 4347 falsa—Divina
657 4268 878 4332 Providentia
893 4267 1031 4330 Domini
1046 4265 1229 4346 praecipue
1242 4283 1305 4347 pro
1317 4261 1387 4328 fine

255 4362 363 4428 habet
384 4373 419 4428 et
440 4375 612 4447 operatur,
631 4375 668 4429 ut
688 4365 793 4428 homo
809 4365 853 4428 sit
873 4365 906 4427 in
923 4363 1017 4427 bono
1036 4371 1071 4426 et
1089 4361 1190 4425 simul
1209 4379 1311 4436 vero;
1335 4359 1385 4423 sic

255 4457 348 4522 enim
371 4467 426 4523 est
456 4479 553 4523 suum
577 4459 706 4523 bonum
738 4469 774 4523 et
805 4479 885 4522 suus
914 4476 1022 4533 amor,
1046 4466 1083 4521 et
1119 4476 1254 4540 quoque
1285 4471 1385 4518 suum

255 4573 373 4618 verum
394 4563 428 4618 et
449 4575 510 4618 sua
529 4557 721 4638 sapientia;
750 4573 829 4618 nam
850 4574 909 4635 per
930 4555 964 4617 id
988 4551 1094 4616 homo
1113 4561 1167 4615 est
1191 4551 1309 4626 homo,
1329 4558 1385 4614 est

255 4649 347 4714 enim
367 4659 448 4714 tunc
470 4651 585 4732 imago
604 4651 754 4714 Domini.
799 4649 852 4714 At
871 4650 950 4734 quia
969 4647 1086 4723 homo,
1104 4648 1185 4711 dum
1202 4648 1236 4711 in
1255 4647 1387 4712 mundo
