3424 5368
339 697 398 762 182
687 705 892 756 sarrsnrra
914 706 1111 758 annsnrca

334 879 449 946 atium
465 887 531 956 est,
551 877 691 944 incidat.
737 878 881 964 Propter
902 879 936 943 id
960 879 1149 964 periculum
1167 882 1271 946 etiam
1290 881 1467 950 Dominus

333 977 507 1062 permittit
523 975 615 1040 mala
626 976 730 1052 vitae,
743 985 780 1039 et
796 975 893 1058 plura
908 975 1084 1040 haeretica
1099 977 1234 1057 cultus;
1257 978 1301 1044 de
1316 999 1465 1064 quorum

333 1071 560 1160 permissione
578 1069 751 1136 videbitur
768 1070 803 1136 in
822 1072 1046 1156 sequentibus
1063 1075 1299 1158 paragraphis.

333 1552 447 1639 Quor>
466 1565 587 1620 uanas
609 1551 878 1619 Panurssrorns
896 1565 1021 1618 arran
1044 1565 1272 1622 smannens
1289 1555 1465 1623 Drvrnas

738 1649 1041 1712 Pnovronurms.

394 1847 493 1920 234.
523 1835 602 1899 Non
626 1843 707 1899 sunt
730 1833 865 1917 aliquae
884 1831 982 1916 leges
999 1834 1236 1917 permissionis
1254 1854 1315 1918 per
1337 1855 1375 1898 se
1398 1856 1462 1900 seu

331 1942 514 2015 separatae
530 1952 550 1994 a
563 1929 851 2014 legibusDivinae
864 1929 1118 2004 Providentiae,
1129 1929 1192 1992 sed
1202 1941 1283 1994 sunt
1293 1930 1436 1994 eaedem
1449 1950 1459 2009 ;

332 2047 437 2110 quare
456 2027 583 2090 dicitur
601 2027 692 2109 quod
717 2024 812 2088 Deus
832 2025 1023 2108 permittat,
1044 2044 1105 2106 per
1126 2025 1219 2108 quod
1240 2045 1309 2090 non
1327 2025 1458 2090 intelli·

331 2125 424 2205 gitur
447 2123 539 2204 quod
562 2121 658 2196 velit,
682 2119 743 2184 sed
773 2120 865 2205 quod
899 2139 968 2183 non
998 2121 1109 2203 possit
1135 2132 1292 2187 avertere
1317 2133 1463 2205 propter

331 2217 446 2292 finem,
460 2219 515 2302 qui
532 2227 586 2280 est
599 2216 757 2280 salvatio.
802 2213 973 2298 Quicquid
991 2213 1028 2278 frt
1045 2226 1189 2298 propter
1203 2215 1316 2292 finem,
1330 2221 1386 2300 qui
1402 2227 1459 2282 est

330 2313 490 2390 salvatio,
510 2325 565 2377 est
588 2313 776 2376 secundum
796 2310 894 2396 leges
913 2311 1059 2375 Divinae
1078 2311 1339 2378 Providentiae:
1365 2335 1460 2391 nam,

331 2420 368 2474 ut
385 2411 477 2493 prius
492 2407 620 2474 dietum
636 2419 701 2482 est,
716 2407 842 2470 Divina
859 2408 1080 2472 Providentia
1090 2406 1219 2490 jugiter
1236 2411 1270 2473 in
1286 2411 1460 2476 diversum

329 2517 366 2570 et
390 2507 600 2570 contrarium
624 2505 651 2568 it
674 2523 751 2567 cum
774 2503 957 2567 voluntate
979 2503 1139 2578 hominis,
1158 2507 1322 2570 continue
1341 2509 1458 2572 inten-

331 2603 417 2666 dens
434 2601 534 2665 finem
549 2623 556 2679 ;
582 2621 685 2684 quare
701 2601 735 2664 in
753 2601 846 2664 omni
863 2613 1044 2664 momento
1059 2604 1271 2685 operationis
1287 2625 1380 2680 suae,
1397 2626 1460 2669 seu

330 2699 476 2761 inomni
496 2699 646 2780 vestigio
665 2697 918 2778 progressionis
936 2717 1030 2772 suae,
1051 2697 1106 2760 ubi
1126 2700 1372 2764 animadvertit
1395 2701 1457 2764 ab·

331 2813 443 2856 errare
462 2792 637 2857 hominem
657 2813 676 2856 a
695 2790 773 2868 fine,
791 2790 886 2854 illum
906 2792 1095 2856 secundum
1113 2794 1209 2875 leges
1228 2815 1307 2858 suas
1326 2795 1459 2879 dirigit,

330 2886 437 2954 fleetit
451 2899 488 2954 et
504 2890 667 2973 disponit,
689 2889 894 2953 abducendo
912 2910 932 2952 a
951 2887 1054 2963 malo,
1075 2889 1235 2953 ducendo
1253 2890 1298 2954 ad
1316 2890 1458 2954 bonum.

331 2983 433 3068 Quod
451 2985 518 3049 hoe
539 3006 607 3050 non
627 2985 698 3050 fieri
717 2985 826 3068 possit
845 2985 975 3067 absque
991 2985 1217 3066 permissione
1236 2984 1327 3060 mali,
1347 2987 1382 3050 in
1400 3008 1457 3050 se·

329 3082 516 3164 quentibus
538 3082 720 3146 videbitur.
766 3081 950 3144 Praeterea
976 3099 1046 3142 non
1075 3089 1194 3161 potest
1219 3079 1348 3163 aliquid
1379 3102 1456 3170 per·

330 3177 419 3240 mitti
435 3177 565 3260 absque
578 3197 692 3251 causa,
706 3185 742 3240 et
757 3196 862 3240 causa
878 3195 947 3239 non
963 3175 1063 3238 datur
1075 3174 1156 3239 alibi
1171 3196 1275 3260 quam
1291 3178 1326 3240 in
1342 3177 1459 3261 aliqua

329 3271 408 3354 lege
436 3272 582 3337 Divinae
607 3271 860 3348 Providentiae,
886 3291 974 3355 quae
1004 3269 1064 3334 lex
1094 3271 1200 3336 docet
1224 3291 1284 3336 cur
1312 3275 1455 3356 permit·

329 3369 424 3432 titur.

392 3484 489 3554 235·
514 3466 580 3552 Qui
597 3487 734 3552 prorsus
750 3485 819 3529 non
833 3464 994 3546 agnoscit
1011 3462 1173 3526 Divinam
1187 3462 1457 3540 Providentiam,

326 3565 386 3630 ille
405 3567 439 3629 in
459 3566 563 3629 corde
582 3585 644 3627 suo
662 3582 731 3627 non
750 3561 911 3642 agnoscit
931 3558 1054 3633 Deum,
1072 3559 1133 3622 sed
1152 3578 1213 3641 pro
1233 3557 1309 3622 Deo
1327 3579 1457 3641 agnos·

328 3663 376 3726 cit
395 3670 566 3734 naturam,
584 3669 620 3722 et
640 3679 701 3741 pro
720 3656 845 3719 Divina
863 3654 1084 3718 Providentia
1103 3655 1289 3719 humanam
1305 3656 1452 3738 pruden-

327 3759 424 3824 tiam.
470 3755 572 3839 Quod
590 3759 639 3822 ita
654 3757 711 3832 sit,
725 3777 795 3820 non
811 3764 956 3836 apparet
971 3773 979 3831 ;
1003 3753 1082 3836 quia
1097 3751 1204 3816 homo
1219 3763 1339 3834 potest
1355 3748 1459 3815 aliter

328 3855 484 3936 cogitare
497 3863 533 3918 et
547 3854 712 3936 cogitare,
726 3863 762 3916 et
779 3871 915 3934 quoque
928 3848 1030 3913 aliter
1043 3848 1135 3930 loqui
1148 3859 1184 3912 et
1201 3847 1314 3930 loqui;
1334 3856 1456 3929 potest

327 3950 429 4015 aliter
453 3950 610 4032 cogitare
633 3959 669 4014 et
692 3947 785 4031 loqui
809 3967 854 4010 ex
878 3945 1034 4009 interiori
1058 3965 1107 4020 se,
1132 3955 1168 4009 et
1190 3943 1292 4008 aliter
1316 3943 1361 4006 ab
1389 3965 1456 4007 ex·

327 4047 444 4109 teriori
462 4065 519 4109 se:
543 4055 598 4108 est
615 4046 704 4108 sicut
721 4043 825 4106 cardo
843 4043 899 4125 qui
919 4043 1075 4124 utrinque
1092 4049 1212 4123 potest
1229 4049 1363 4103 vertere
1375 4038 1456 4120 jan·

328 4161 418 4216 uam,
443 4141 545 4205 aliter
567 4141 648 4205 dum
673 4141 781 4203 intrat
804 4157 906 4221 quam
930 4139 1010 4202 dum
1035 4139 1127 4215 exit;
1159 4146 1195 4200 et
1225 4137 1315 4200 sicut
1338 4135 1455 4199 velum

328 4238 487 4320 utrinque
507 4246 626 4320 potest
644 4245 780 4301 vertere
798 4253 933 4310 navem,
955 4235 1043 4298 sicut
1060 4232 1242 4298 nauclerus
1265 4229 1300 4296 id
1319 4253 1454 4313 expan-

327 4335 390 4398 dit.
437 4331 504 4414 Qui
525 4355 563 4397 se
582 4330 872 4397 confirmaverunt
892 4351 953 4413 pro
969 4330 1119 4394 humana
1134 4329 1328 4412 prudentia,
1346 4350 1455 4412 usque

326 4430 415 4493 adeo
442 4440 479 4493 ut
511 4429 715 4510 negaverint
741 4427 902 4490 Divinam
927 4425 1194 4499 Providentiam,
1219 4425 1268 4488 illi
1292 4426 1451 4508 quicquid

327 4543 474 4606 usquam
494 4525 626 4599 vident,
647 4524 790 4588 audiunt
813 4535 849 4587 et
874 4522 1005 4604 legunt.
1027 4522 1107 4585 dum
1132 4523 1165 4585 in
1188 4520 1250 4585 illa
1271 4541 1333 4584 sua
1355 4523 1452 4603 cogi·

326 4622 460 4683 tatione
476 4632 568 4695 sunt,
586 4641 655 4684 non
672 4621 950 4684 animadvertunt
968 4619 1071 4689 aliud,
1089 4620 1193 4682 immo
1212 4637 1276 4682 nec
1295 4628 1454 4700 possunt,

325 4716 405 4800 quia
424 4715 508 4779 nihil
532 4737 550 4780 e
574 4716 672 4780 caelo
687 4717 869 4800 recipiunt,
891 4716 952 4779 sed
976 4714 1087 4779 solum
1111 4736 1131 4778 a
1153 4735 1213 4794 se;
1244 4724 1281 4779 et
1304 4714 1383 4797 quia
1405 4734 1454 4777 ex
