3448 5374
481 589 532 640 ni:
556 588 691 640 DIVINO
714 587 859 652 anona,
881 589 973 638 nnus
996 588 1109 637 V.-N.
1128 576 1198 656 383.
1341 589 1403 658 177

281 763 333 826 nis
356 783 402 826 ex
426 781 553 838 amore,
578 761 683 837 lente,
707 760 841 837 festine,
867 762 998 845 cupide,
1024 761 1222 838 clementer,
1242 771 1403 843 attente;

280 859 385 922 immo
411 859 440 921 si
470 878 608 941 prorsus
631 859 788 921 continet
812 858 978 938 spiritum,
1004 877 1072 920 non
1095 865 1210 940 potest
1233 858 1399 939 cogitare,

282 954 343 1016 nisi
358 954 393 1015 in
409 974 472 1017 suo
488 954 607 1035 spiritu
623 973 668 1016 ex
688 951 759 1033 ejus
774 953 1012 1033 respiratione,
1027 953 1117 1034 quod
1135 973 1203 1016 non
1221 952 1403 1018 manifeste

281 1049 519 1132 appercipitur.
565 1045 624 1110 Ex
641 1046 793 1130 loquela:
817 1068 885 1111 non
909 1049 999 1111 enim
1022 1045 1130 1112 effluit
1153 1069 1198 1112 ex
1221 1069 1280 1112 ore
1300 1049 1400 1113 mini·

281 1163 373 1208 mum
392 1145 486 1208 vocis
509 1143 638 1226 absque
661 1142 823 1223 adjutrice
846 1163 911 1225 ope
943 1142 1136 1224 pulmonis;
1170 1163 1274 1206 sonus
1297 1144 1401 1221 enim,

282 1241 337 1321 qui
355 1238 553 1303 articulatur
572 1239 606 1301 in
626 1257 743 1314 voces,
761 1239 872 1301 omnis
889 1239 1010 1302 existit
1029 1259 1047 1302 e
1068 1239 1230 1320 pulmone
1249 1259 1310 1320 per
1328 1250 1399 1303 tra-

281 1334 394 1398 chiam
417 1346 453 1399 et
477 1334 742 1417 epiglottidem:
767 1354 869 1416 quare
889 1332 1027 1418 loquela
1045 1335 1233 1399 secundum
1251 1335 1403 1400 inflatio-

281 1450 358 1494 nem
374 1430 466 1493 iollis
481 1431 589 1504 istius,
607 1440 643 1493 et
660 1431 884 1512 aperitionem
902 1439 1035 1494 meatus
1051 1429 1132 1512 ejus,
1149 1429 1328 1494 exaltatur
1342 1449 1400 1493 us·

281 1547 345 1608 que
363 1527 397 1588 in
416 1524 613 1602 clamorem,
632 1536 667 1589 et
687 1527 873 1589 secundum
890 1523 1162 1591 contractionem
1181 1527 1403 1605 diminuitur;

280 1631 315 1684 et
334 1622 362 1684 si
381 1631 514 1684 meatus
534 1621 736 1703 obstipatur,
756 1631 870 1685 cessat
889 1621 1024 1704 loquela
1040 1641 1116 1684 cum
1136 1622 1357 1702 cogitatione.

341 1719 443 1800 383.
474 1716 648 1798 Quoniam
678 1713 874 1780 intelledtus
898 1718 1144 1799 correspondet
1175 1717 1339 1799 pulmoni,
1363 1725 1401 1782 et

281 1813 359 1875 inde
383 1813 551 1895 cogitatio
574 1811 745 1894 pulmonis
763 1813 990 1894 respirationi,
1010 1812 1090 1876 ideo
1112 1833 1172 1895 per
1194 1809 1403 1877 “animam’'

281 1917 316 1971 et
337 1915 356 1940 ‘⁸
368 1909 521 1990 spiritum
532 1904 547 1932 ’'
566 1909 600 1970 in
619 1906 739 1970 Verbo
758 1906 970 1990 significatur
988 1904 1205 1972 intellettus:
1229 1917 1268 1972 ut

330 2042 409 2107 Quod
420 2052 558 2092 amaturus
570 2043 608 2092 sis
622 2041 769 2092 Dominum
783 2042 870 2092 Deum
882 2051 958 2093 tuum
970 2058 1004 2094 ex
1022 2053 1080 2093 toto
1092 2043 1172 2094 corde
1184 2052 1231 2094 tuo
1248 2053 1275 2094 et
1291 2057 1326 2095 ex
1342 2051 1404 2096 totu

409 2109 502 2158 anima
513 2119 560 2158 tua
571 2107 678 2168 (Matre.
693 2108 756 2158 xxii.
769 2106 844 2169 m37).

329 2173 408 2240 Quod
428 2174 502 2224 Deus
518 2175 628 2224 daturus
646 2175 689 2234 sit,
705 2188 806 2224 novum
821 2188 867 2224 eor
884 2185 911 2225 et
934 2189 1035 2224 novum
1053 2175 1177 2239 spiritum
1195 2172 1295 2238 (Erech.
1309 2173 1403 2230 mvl.

411 2243 458 2298 πός
475 2239 573 2290 Psalm.
587 2239 613 2290 ii.
628 2252 666 2299 12,
681 2239 737 2303 13):

280 2357 370 2438 quod
392 2355 505 2420 “cor’'
523 2355 692 2437 significet
712 2375 864 2419 amorem
884 2357 1084 2431 voluntatis,
1102 2377 1203 2439 supra
1222 2366 1401 2424 ostensum

280 2463 355 2530 est,
379 2452 458 2515 inde
482 2471 542 2533 per
562 2452 740 2514 “animam
751 2450 765 2474 '¹
785 2459 821 2514 et
842 2457 862 2483 “
875 2453 1030 2533 spiritum
1040 2452 1054 2476 ’¹
1073 2450 1284 2533 significatur
1307 2452 1401 2534 sapi-

281 2548 376 2612 entia
387 2544 594 2611 intellectus.
641 2545 741 2628 Quod
760 2567 819 2628 per
834 2547 1021 2628 “spiritum
1035 2547 1130 2620 Dei‚”
1142 2549 1197 2630 qui
1214 2548 1320 2611 etiam
1337 2568 1400 2611 vo·

281 2652 378 2706 catur
397 2641 572 2724 “Spiritus
591 2638 765 2716 San&us‚”
784 2641 998 2723 intelligatur
1017 2642 1142 2705 Divina
1161 2644 1342 2723 sapientia,
1362 2653 1402 2710 et

280 2738 359 2801 inde
376 2737 500 2801 Divina
515 2738 653 2810 veritas,
672 2756 847 2819 perquam
865 2735 902 2800 fit
922 2738 1050 2800 homini
1069 2737 1264 2813 illustrati0,
1281 2738 1402 2803 videa·

280 2842 336 2896 tur
354 2835 386 2896 in
405 2833 571 2896 Dot‘lrina
586 2832 703 2896 Novae
717 2831 967 2914 Hisrosolymae
981 2832 1021 2897 de
1037 2832 1179 2897 Domino
1196 2831 1244 2916 (n.
1262 2847 1311 2916 50,
1332 2833 1402 2920 51).

281 2926 367 2992 lnde
384 2939 447 3004 est,

330 3055 409 3120 Quod
428 3054 561 3104 Dominus
580 3053 722 3118 spiraverit
740 3055 768 3102 in
786 3053 941 3117 discipulos,
959 3063 987 3104 et
1004 3054 1109 3115 dixerit,
1135 3054 1253 3118 ‘Accipe
1270 3053 1402 3119 Spiritum
1439 3027 1442 3038 ι

412 3117 540 3171 Sannum
548 3119 563 3141 ”
575 3119 650 3185 (Joh.
661 3135 705 3170 xx.
718 3120 769 3183 aa).

281 3235 366 3300 Inde
385 3237 491 3299 etiam
510 3235 645 3311 dicitur,

330 3341 410 3406 Quod
425 3340 547 3406 Jehovah
567 3341 641 3391 Deus
658 3340 832 3404 inspiraverit
849 3341 877 3390 in
896 3354 976 3390 nares
990 3338 1089 3390 Adami
1100 3337 1221 3390 animam
1234 3338 1360 3402 vitarum,
1373 3347 1400 3391 et

411 3405 499 3457 ladius
509 3416 551 3456 est
563 3408 590 3455 in
603 3407 721 3456 animam
734 3407 871 3457 viventem
883 3405 955 3468 (Gerr.
968 3405 994 3456 il.
1007 3405 1033 3468 7)

280 3520 329 3587 Et
347 3522 437 3605 quod
457 3522 584 3585 dixerit
603 3521 806 3602 Prophetae,

330 3632 488 3697 “Propheta
502 3647 583 3697 super
596 3633 713 3697 spiritu..
723 3642 762 3683 ‚et
779 3633 822 3682 dic
839 3633 873 3682 od
891 3631 1086 3692 rentum‚...A
1104 3642 1219 3696 quatuor
1235 3632 1324 3684 ventis
1336 3633 1401 3686 veni

411 3699 530 3763 spiritus,
545 3708 572 3749 et
584 3698 686 3762 inspira
698 3699 725 3748 in
737 3699 842 3748 occisos
856 3698 914 3756 hos,
927 3707 956 3747 ut
969 3696 1084 3762 vivant''
1095 3698 1196 3762 (Erech.
1209 3699 1309 3751 xxxvii.
1319 3702 1353 3764 9).

281 3812 445 3879 Similiter
463 3812 555 3877 alibi.
601 3813 685 3877 lnde
704 3822 758 3876 est
777 3813 867 3897 quod
888 3812 1055 3876 Dominus
1072 3814 1206 3877 dicatur
1224 3818 1243 3846 ‘⁴
1255 3812 1401 3896 Spiritus

281 3907 441 3985 narium‚”
460 3918 496 3976 et
518 3929 652 3993 quoque
673 3914 693 3940 “
707 3905 918 3990 Spiraculum
942 3906 1063 3971 vitae.”
1108 3906 1197 3990 Quia
1219 3911 1400 3992 respiratio

280 4005 403 4069 transit
421 4025 481 4087 per
501 4025 610 4081 nares,
631 4003 710 4068 ideo
729 4024 788 4086 per
806 4002 884 4066 illas
903 4003 1117 4085 significatur
1135 4007 1333 4087 percepti03
1358 4025 1399 4070 ac

281 4099 479 4182 intelligens
503 4101 626 4164 dicitur
647 4120 724 4163 esse
757 4109 879 4162 acutae
901 4101 1002 4176 naris,
1027 4110 1063 4164 et
1097 4121 1166 4165 non
1200 4100 1399 4184 intelligens

281 4194 406 4258 obesae
423 4196 523 4258 naris.
569 4195 625 4259 Ex
646 4216 687 4258 eo
704 4195 808 4259 etiam
825 4204 889 4272 est,
907 4196 998 4278 quod
1015 4194 1158 4276 spiritus
1175 4206 1210 4259 et
1229 4206 1345 4259 ventus
1364 4198 1398 4261 in

281 4288 398 4371 lingua
410 4287 580 4365 Hebraea,
592 4300 627 4353 et
644 4291 678 4353 in
691 4290 891 4372 quibusdam
905 4290 979 4370 aliis
992 4290 1125 4370 linguis,
1140 4293 1208 4354 sint
1226 4312 1291 4353 una
1307 4312 1376 4353 vox
1389 4313 1397 4355 ε

280 4404 351 4447 vox
374 4385 465 4448 enim
488 4383 631 4464 spiritus
653 4386 758 4448 trahit
783 4405 877 4448 suam
901 4387 1068 4466 originem
1102 4386 1146 4448 ab
1176 4387 1399 4463 animatione,

281 4501 385 4563 quare
404 4499 481 4543 curn
501 4480 605 4542 homo
625 4481 766 4542 moritur
785 4480 889 4542 etiam
909 4481 1033 4542 dicitur
1052 4482 1142 4562 quod
1162 4483 1300 4544 emittat
1325 4484 1399 4545 ani-

283 4595 384 4639 mam.
430 4574 486 4638 Ex
507 4596 548 4638 eo
568 4576 672 4637 etiam
692 4585 756 4651 est,
777 4575 868 4658 quod
888 4574 992 4638 homo
1011 4576 1130 4639 credat
1150 4579 1240 4659 quod
1261 4580 1400 4659 spiritus
