3426 5382
365 655 409 738 64
708 661 914 714 sanNTln
937 660 1135 712 unomen

367 851 449 908 sunt
471 839 577 906 athei.
622 841 680 904 [5.]
704 837 787 920 lpsa
807 834 948 902 libertas
978 842 1014 899 et
1047 833 1123 918 ipsa
1147 833 1368 901 rationalitas
1390 855 1499 920 aegre

367 938 441 1003 dari
464 944 610 1021 possunt
634 934 725 1018 apud
748 931 838 1008 illos,
862 931 918 1014 qui
951 930 985 994 in
1014 927 1109 994 ialsis
1131 928 1322 1014 religionis.
1339 951 1376 994 se
1407 931 1497 996 mul·

368 1047 443 1101 tum
468 1033 778 1098 confirmaverunt:
813 1028 974 1113 quoniam
997 1025 1221 1092 confirmator
1247 1027 1323 1092 lalsi
1350 1038 1406 1093 est
1433 1049 1496 1095 ne·

367 1142 471 1216 gator
501 1130 597 1194 veri:
629 1137 665 1190 at
696 1127 754 1210 qui
782 1144 852 1188 non
883 1121 1174 1188 confirmaverunt
1204 1143 1253 1199 se,
1276 1124 1311 1187 in
1341 1144 1495 1208 quacun·

367 1247 434 1313 que
452 1224 620 1308 religione
640 1223 720 1298 sint,
742 1227 909 1305 possunt;
932 1219 976 1282 de
995 1238 1062 1302 qua
1084 1238 1121 1282 re
1144 1219 1326 1284 videantur
1348 1241 1436 1304 quae
1459 1225 1495 1289 in

367 1323 531 1388 Doctrina
542 1319 658 1384 Novae
666 1316 918 1398 Hr'erosolymae
928 1315 969 1380 de
980 1313 1162 1398 Scriptura
1175 1315 1282 1381 Sacra
1296 1315 1343 1400 (n.
1357 1319 1493 1404 91-97‚)

367 1419 475 1483 allata
495 1426 586 1483 sunt.
632 1422 689 1483 [0.]
722 1411 877 1476 Infantes
899 1420 935 1474 et
958 1411 1052 1494 pueri
1072 1429 1140 1473 non
1160 1424 1305 1493 possunt
1329 1413 1362 1475 in
1382 1416 1494 1497 ipsam

367 1517 562 1580 libertatem
587 1521 623 1576 et
647 1511 681 1574 in
704 1509 813 1592 ipsam
837 1506 1109 1571 rationalitatem
1132 1509 1251 1582 veniri,
1275 1514 1368 1593 prius
1390 1534 1494 1599 quam

367 1621 483 1675 aetate
502 1609 726 1674 adolescunt:
756 1604 918 1688 quoniam
939 1602 1102 1666 interiora
1121 1604 1248 1667 mentis
1267 1610 1357 1694 apud
1381 1610 1493 1675 homi.

368 1727 446 1772 nem
470 1706 664 1771 successive
683 1703 904 1786 aperiuntur;
936 1711 1016 1762 sunt
1039 1699 1170 1762 interea
1193 1703 1281 1767 sicut
1303 1706 1436 1771 semina
1458 1707 1494 1772 in

367 1801 474 1868 lruttu
493 1805 689 1878 immaturo,
708 1818 795 1884 quae
814 1797 848 1860 in
867 1795 972 1860 humo
991 1814 1060 1858 non
1079 1808 1224 1877 possunt
1244 1803 1468 1884 egerminare.

431 1923 507 1989 99.
538 1895 676 1964 Diuum
693 1904 760 1972 est,
777 1894 869 1978 quod
886 1895 960 1981 ipsa
975 1899 1118 1970 libertas
1134 1916 1170 1972 et
1188 1909 1262 1990 ipsa
1277 1903 1495 1971 rationalitas

368 2023 437 2067 non
461 1999 534 2064 dari
557 2003 685 2080 queant
705 1992 796 2074 apud
818 1989 897 2055 i110⁵
916 1997 972 2078 qui
995 2013 1210 2086 negaverunt
1232 2002 1395 2068 Divinum
1419 1999 1493 2064 Do·

368 2100 461 2175 mini,
477 2105 514 2161 et
537 2089 761 2156 sanstltatem
781 2085 910 2173 Verle
934 2110 1008 2165 tum
1031 2101 1123 2184 apud
1142 2099 1221 2165 illos
1237 2100 1294 2184 qui
1309 2096 1493 2163 confirma.

368 2205 491 2260 verunt
510 2217 547 2260 se
566 2217 629 2279 pro
645 2205 768 2260 natura
784 2205 907 2260 contra
923 2195 1106 2275 Divinum;
1130 2206 1166 2261 et
1184 2215 1288 2278 aegre
1306 2197 1395 2280 apud
1413 2195 1493 2262 illos

367 2295 424 2377 qui
444 2315 480 2358 se
503 2293 622 2359 multis
638 2292 928 2359 confirmaverunt
947 2294 981 2357 in
999 2293 1093 2358 salsis
1108 2293 1304 2376 religionis:
1329 2306 1365 2359 at
1385 2315 1494 2378 usque

367 2409 490 2456 omnes
509 2390 558 2454 illi
580 2410 650 2454 non
667 2390 891 2473 perdiderunt
910 2390 1001 2473 ipsas
1024 2389 1102 2454 illas
1123 2389 1317 2453 facultates.
1361 2388 1493 2456 Audivi

367 2487 504 2562 atheos,
518 2487 575 2569 qui
590 2482 670 2551 fatti
679 2495 760 2550 sunt
772 2483 901 2549 diaboli
917 2495 952 2549 et
968 2495 1123 2560 satanae,
1136 2485 1352 2551 intellexisse
1365 2503 1494 2554 arcana

367 2583 559 2665 sapientiae
572 2591 644 2646 tam
657 2581 746 2647 bene
759 2583 848 2646 sicut
860 2580 986 2664 angeli,
1000 2583 1062 2647 sed
1074 2582 1184 2646 solum
1199 2602 1275 2647 cum
1288 2585 1492 2651 audiverunt

366 2677 427 2742 illa
449 2677 494 2740 ab
516 2678 611 2756 aliis;
638 2688 675 2743 at
696 2697 774 2742 curn
797 2679 831 2742 in
856 2699 935 2742 suas
959 2679 1193 2760 cogitationes
1214 2682 1399 2756 redierunt,
1421 2701 1490 2746 non

367 2771 637 2851 intellexerunt;
662 2793 766 2837 causa
783 2783 869 2850 erat,
883 2774 962 2856 quia
979 2793 1049 2837 non
1066 2774 1259 2841 voluerunt.
1303 2775 1354 2841 At
1370 2788 1490 2840 osten·

367 2891 442 2936 sum
459 2880 514 2936 est
530 2868 607 2944 illis,
618 2869 710 2953 quod
727 2869 832 2934 etiam
850 2869 1026 2950 potuerint
1040 2869 1140 2946 velle,
1155 2871 1220 2934 nisi
1238 2890 1337 2935 amor
1354 2881 1390 2936 et
1410 2873 1491 2937 inde

363 2965 551 3051 jucundum
575 2964 655 3029 mali
678 2962 757 3028 illos
776 2964 980 3042 abduxerit;
1004 2964 1070 3029 hoc
1094 2986 1229 3049 quoque
1248 2985 1326 3030 cum
1349 2968 1489 3032 audive-

368 3072 459 3140 runt,
479 3063 748 3149 intellexerunt;
776 3071 882 3134 immo
905 3069 1161 3136 affirmaverunt
1185 3065 1277 3151 quod
1299 3065 1490 3146 potuerint,

367 3160 429 3224 sed
459 3161 550 3244 quod
579 3183 648 3227 non
675 3164 846 3231 voluerint
875 3187 988 3251 posse,
1008 3168 1087 3251 quia
1115 3165 1164 3230 sic
1194 3185 1263 3228 non
1293 3163 1491 3247 potuissent

366 3259 458 3325 velle
481 3259 572 3344 quod
596 3260 729 3336 volunt,
754 3261 847 3344 quod
869 3273 943 3326 erat
967 3263 1093 3327 malum
1117 3284 1163 3327 ex
1186 3259 1339 3344 jucundo
1362 3280 1490 3324 eoncu-

368 3357 558 3440 piscentiae
578 3355 660 3439 ejus.
705 3356 805 3423 Talia
825 3359 993 3423 mirabilia
1016 3361 1049 3422 in
1073 3360 1203 3436 mundo
1221 3355 1389 3440 spirituali
1411 3377 1490 3420 sae·

367 3454 442 3536 pius
458 3453 591 3517 audivi:
616 3474 662 3517 ex
678 3453 799 3537 quibus
814 3453 916 3537 plene
933 3452 1156 3519 confirmatus
1171 3473 1259 3530 sum,
1272 3451 1365 3536 quod
1384 3453 1492 3516 cuivis

367 3548 499 3613 homini
522 3549 566 3614 sit
590 3549 733 3613 libertas
762 3560 798 3614 et
827 3550 1066 3614 rationalitas:
1101 3560 1138 3615 et
1168 3551 1261 3634 quod
1283 3549 1425 3632 quisque
1455 3548 1490 3613 in

367 3644 478 3726 ipsam
498 3644 697 3708 libertatem
713 3654 750 3708 et
765 3645 874 3728 ipsam
894 3644 1166 3712 rationalitatem
1186 3645 1296 3729 possit
1315 3644 1442 3720 venire,
1462 3641 1491 3707 si

366 3738 454 3821 sugit
481 3738 573 3803 mala
602 3748 639 3802 ut
672 3750 829 3821 peecata.
874 3738 943 3805 Sed
966 3739 1117 3818 adultus,
1137 3742 1194 3825 qui
1219 3760 1288 3805 non
1317 3741 1352 3803 in
1380 3741 1491 3824 ipsam

239 3863 244 3870 ·
366 3832 565 3898 libertatem
589 3843 624 3898 et
648 3835 756 3917 ipsam
780 3835 1055 3901 rationalitatem
1074 3837 1170 3902 venit
1193 3836 1227 3900 in
1250 3836 1390 3912 mundo,
1410 3854 1490 3898 nus·

366 3949 469 4012 quam
489 3929 521 3992 in
539 3929 618 3994 illas
634 3931 751 3994 venire
768 3943 885 4014 potest
904 3941 984 4015 post
1001 3942 1161 4008 mortem,
1175 3951 1256 3996 nam
1275 3941 1357 3997 tunc
1377 3939 1491 3997 status

366 4020 561 4110 ejus'vitae‚
580 4023 691 4110 qualis
709 4025 819 4092 fuerat
836 4027 872 4092 in
891 4028 1031 4107 mundo,
1051 4037 1170 4094 manet
1188 4028 1223 4093 in
1240 4035 1430 4093 aeternum.
