3434 5364
376 703 399 766 4
727 699 931 751 SAPIENTIA
953 699 1152 752 ANGELICA

375 871 420 934 ad
455 869 657 938 Creatorem
680 893 701 938 a
723 894 811 957 qu0;
845 884 882 938 et
904 872 997 958 quod
1020 893 1041 937 a
1063 869 1303 955 conjunfflone
1327 871 1505 938 Creatoris

375 986 454 1031 cum
472 967 611 1036 homine
628 987 738 1034 nexus
755 971 907 1036 omnium
924 970 1076 1053 pendeat
1091 991 1100 1048 ;
1127 979 1163 1033 et
1182 970 1210 1033 si
1228 970 1280 1032 vis
1298 988 1502 1053 agnoscere,

374 1065 468 1148 quod
492 1067 712 1130 conservatio
735 1067 898 1130 omnium.
950 1063 1052 1149 Quod
1083 1064 1229 1129 Divinus
1252 1064 1364 1129 Amor
1386 1065 1505 1128 omnia

373 1163 555 1238 creaverit,
579 1161 641 1226 sed
664 1161 748 1226 nihil
771 1163 900 1246 absque
920 1161 1048 1226 Divina
1066 1159 1254 1246 Sapientia,
1273 1159 1446 1226 videbitur
1468 1163 1502 1224 in

373 1258 608 1342 sequentibus.

437 1367 481 1437 4.
513 1351 577 1436 (ii.)
612 1350 710 1432 Quod
730 1350 879 1416 Divinus
902 1351 1014 1418 Amor
1041 1361 1075 1417 et
1102 1352 1232 1418 Divina
1258 1351 1436 1434 Sapientia
1465 1363 1503 1417 ut

372 1469 475 1514 unum
484 1448 671 1531 procedant
688 1469 710 1514 a
727 1447 890 1524 Domino,·
912 1448 979 1515 hoc
996 1457 1095 1531 patet
1108 1469 1243 1533 quoque
1255 1469 1301 1512 ex
1321 1447 1399 1524 illis,
1414 1469 1501 1532 quae

371 1545 407 1615 in
426 1541 660 1609 transactione
679 1543 731 1606 De
745 1542 871 1608 Divino
885 1544 1015 1608 Amare
1030 1554 1064 1608 et
1080 1543 1211 1608 Dabina
1231 1542 1418 1624 Sapientia,
1439 1544 1499 1609 de·

373 1651 569 1706 monstrata
591 1650 683 1716 sunt,
704 1641 869 1724 imprimis
888 1662 934 1705 ex
952 1640 1006 1705 his
1022 1641 1089 1704 ibi:
1114 1640 1206 1724 quod
1230 1638 1319 1703 Esse
1338 1650 1375 1704 et
1394 1639 1499 1704 Exis-

372 1747 446 1802 tere
465 1739 500 1801 in
519 1737 670 1807 Domino
688 1733 851 1801 distincte
875 1756 979 1801 unum
1003 1737 1072 1801 sint
1094 1734 1142 1821 (n.
1165 1734 1292 1819 14-17).
1339 1733 1442 1819 Quod
1466 1737 1500 1800 in

372 1831 525 1898 Domino
554 1832 689 1897 infinita
717 1829 879 1898 distinCte
910 1853 1014 1897 unum
1045 1833 1116 1897 sint
1147 1831 1195 1915 (n.
1215 1829 1343 1914 17-22).
1396 1829 1500 1916 Quod

372 1928 518 1992 Divinus
537 1928 648 1993 Amor
664 1929 708 1993 sit
727 1929 873 1993 Divinae
892 1926 1103 2012 Sapientiae,
1121 1936 1156 1993 et
1177 1927 1303 1992 Divina
1321 1925 1502 2009 Sapientia

371 2022 488 2088 Divini
510 2023 652 2088 Amoris
676 2021 724 2107 (n.
750 2023 880 2108 34-39).
927 2024 1030 2108 Quod
1058 2044 1156 2089 arnor
1182 2023 1311 2107 absque
1338 2022 1501 2107 conjugio

368 2139 450 2184 cum
483 2121 655 2203 sapientia
687 2139 757 2184 non
791 2121 901 2202 possit
935 2120 1064 2203 aliquid
1096 2120 1207 2183 iacere
1245 2117 1293 2201 (n.
1320 2119 1497 2202 401-403).

366 2213 475 2297 Quod
494 2236 592 2280 amor
610 2214 694 2280 nihil
713 2225 797 2298 agat
821 2217 885 2280 nisi
903 2217 938 2281 in
962 2214 1204 2300 conjunctione
1226 2235 1305 2279 cum
1328 2215 1501 2298 sapientia

367 2309 422 2396 ·(n.
439 2328 514 2394 409,
531 2310 621 2395 410).
669 2309 771 2393 Quod
791 2311 978 2394 spiritualis
1001 2312 1097 2377 calor
1116 2322 1153 2376 et
1176 2310 1364 2393 spiritualis
1383 2310 1444 2375 lux
1464 2313 1498 2376 in

366 2408 594 2492 procedendo
617 2427 637 2472 a
659 2407 811 2472 Domino
834 2419 872 2473 ut
896 2407 978 2474 Sole
1002 2427 1105 2474 unum
1128 2408 1269 2484 saciant,
1289 2409 1379 2473 sicut
1401 2407 1498 2473 Divi·

367 2523 435 2567 nus
466 2504 578 2569 Amor
606 2513 642 2569 et
674 2503 799 2567 Divina
828 2502 1007 2588 Sapientia
1036 2506 1071 2569 in
1102 2504 1254 2569 Domino
1284 2523 1387 2568 unum
1417 2514 1498 2571 sunt

368 2597 421 2682 (n.
447 2598 628 2683 99-¹¹¹102).
675 2599 731 2663 Ex
761 2599 830 2663 illis
859 2620 947 2684 quae
977 2603 1012 2664 in
1041 2601 1118 2665 istis
1144 2600 1229 2665 locis
1257 2600 1498 2665 demonstrata

367 2704 462 2770 sunt,
484 2704 583 2778 patet
598 2695 727 2760 veritas
743 2693 841 2777 hujus
859 2697 916 2760 rei.
962 2695 1031 2760 Sed
1048 2697 1126 2779 quia
1142 2697 1303 2772 nescitur,
1321 2697 1497 2779 quomodo

368 2789 440 2854 duo
469 2791 559 2854 inter
588 2811 626 2854 se
655 2788 823 2854 distincta
852 2801 998 2873 possunt
1028 2811 1132 2855 unum
1162 2811 1277 2874 agere,
1307 2789 1411 2855 velim
1440 2788 1495 2853 hic

368 2885 568 2961 ostendere,
589 2885 681 2969 quod
706 2904 809 2948 unum
829 2887 958 2969 absque
982 2887 1091 2951 forma
1108 2906 1177 2951 non
1197 2886 1307 2962 detur,
1324 2886 1386 2950 sed
1405 2885 1497 2967 quod

368 2981 444 3063 ipsa
466 2979 576 3044 forma
597 2980 701 3046 faciat
723 3001 851 3060 unum;
884 2982 975 3058 dein,
1000 2983 1092 3066 quod
1115 2982 1226 3046 forma
1248 3002 1291 3046 eo
1314 2977 1497 3065 perfectius

370 3095 474 3140 unum
492 3076 605 3153 faciat,
626 3097 693 3160 quo
711 3076 772 3140 illa
789 3098 876 3162 quae
895 3078 1136 3161 ingrediuntur
1155 3078 1311 3153 formam,
1332 3073 1496 3140 distincte

368 3171 438 3236 alia
456 3183 547 3248 sunt,
568 3181 603 3236 et
621 3182 739 3241 tamen
759 3173 864 3237 unita.
911 3187 956 3247 [2.
986 3171 1098 3251 [Quod
1115 3194 1215 3237 unum
1233 3171 1358 3255 absque
1374 3171 1498 3254 forma

370 3287 433 3330 non
445 3267 552 3343 detur,
564 3266 628 3331 sed
638 3267 729 3351 quod
740 3267 818 3350 ipsa
824 3267 1068 3349 formafact'at
1081 3288 1183 3332 unum
1197 3265 1376 3332 :-Omnis
1389 3267 1446 3350 qui
1462 3266 1496 3329 in

369 3365 566 3429 intensione
584 3366 708 3428 mentis
727 3364 873 3447 cogitat,
890 3373 1011 3447 potest
1027 3362 1119 3428 clare
1135 3365 1263 3438 videre,
1284 3361 1376 3447 quod
1393 3378 1497 3425 unum

369 3460 499 3544 absque
517 3460 626 3523 forma
641 3481 709 3525 non
727 3461 837 3538 detur,
855 3469 892 3524 et
910 3460 939 3523 si
955 3459 1057 3523 datur
1075 3461 1166 3543 quod
1186 3461 1230 3524 sit
1249 3459 1377 3538 sorma;
1402 3461 1497 3541 quic·

367 3555 450 3638 quid
469 3557 561 3619 enim
579 3557 713 3632 existit,
733 3577 779 3621 ex
798 3555 908 3620 forma
926 3555 1035 3620 trahit
1054 3556 1088 3620 id
1108 3556 1200 3640 quod
1219 3563 1365 3620 vocatur
1382 3554 1497 3638 quale,

368 3659 407 3714 et
423 3671 559 3734 quoque
577 3651 611 3715 id
635 3652 725 3735 quod
745 3661 890 3716 vocatur
908 3652 1157 3735 praedicatum,
1176 3661 1249 3716 tum
1269 3651 1304 3715 id
1323 3649 1415 3733 quod
1435 3670 1497 3713 vo·

370 3754 469 3811 catur
487 3755 600 3810 status
620 3748 777 3824 mutatio,
796 3757 834 3812 ut
858 3757 895 3813 et
917 3748 951 3813 id
972 3747 1064 3832 quod
1084 3756 1228 3812 vocatur
1245 3745 1440 3820 relativum,
1461 3755 1498 3809 et

369 3840 496 3907 similia
522 3840 600 3906 alia.
646 3841 761 3926 Quare
788 3843 822 3908 id
849 3846 941 3930 quod
969 3865 1040 3910 non
1062 3846 1097 3910 in
1120 3843 1231 3910 forma
1253 3853 1319 3919 est,
1344 3861 1414 3908 non
1442 3852 1498 3905 est

368 3936 510 4020 alicujus
530 3935 729 4016 affectionis,
746 3949 782 4005 et
799 3943 891 4025 quod
908 3963 976 4007 non
993 3951 1048 4008 est
1064 3941 1206 4024 alicujus
1224 3936 1426 4014 affettionis,
1443 3947 1500 4001 est

367 4035 476 4102 etiam
506 4033 632 4099 nullius
661 4035 728 4116 rei;
764 4037 839 4120 ipsa
867 4037 976 4103 forma
1006 4039 1067 4103 dat
1097 4038 1214 4102 omnia
1242 4035 1324 4100 illa:
1356 4042 1392 4098 et
1420 4033 1501 4115 quia

368 4131 489 4196 omnia
506 4151 594 4216 quae
613 4131 774 4197 informa
793 4143 884 4211 sunt,
904 4135 931 4198 si
951 4134 1060 4200 forma
1080 4130 1232 4216 perfecta
1249 4142 1317 4210 est,
1338 4125 1499 4214 spectant

368 4249 408 4293 se
439 4237 570 4305 mutuo,
598 4228 688 4293 sicut
716 4251 823 4295 uncus
853 4250 977 4296 uncum
1007 4231 1041 4298 in
1072 4241 1207 4306 catena,
1236 4229 1316 4294 ideo
1345 4225 1502 4310 sequitur

369 4324 463 4410 quod
491 4325 568 4408 ipsa
595 4325 705 4390 forma
726 4327 830 4392 faciat
852 4348 967 4403 unum,
997 4326 1107 4393 etsie
1134 4322 1335 4409 subicitum,
1360 4323 1404 4387 de
1431 4341 1501 4404 quo

369 4421 561 4506 praedicari
583 4432 704 4507 potest
722 4423 882 4507 qualitas,
903 4432 1024 4502 status,
1045 4419 1191 4499 affettio,
1211 4423 1261 4487 ita
1283 4419 1424 4505 aliquid,
1444 4437 1501 4482 se-

369 4518 520 4583 cundum
538 4518 668 4584 formae
688 4516 942 4602 perfeetionem.
989 4531 1047 4596 [8.]
1077 4517 1165 4584 Tale
1184 4535 1289 4583 unurn
1316 4527 1372 4583 est
1395 4534 1502 4581 omne

369 4613 464 4697 quod
482 4613 659 4700 spetiatur
676 4614 785 4681 oculis
803 4617 837 4680 in
857 4615 996 4694 mundo,
1016 4636 1056 4684 ac
1076 4615 1149 4681 taie
1169 4633 1272 4680 unum
1291 4624 1347 4680 est
1364 4631 1503 4697 quoque

367 4727 473 4775 omne
491 4709 584 4790 quod
605 4729 675 4776 non
699 4710 808 4778 oculis
830 4709 1017 4798 spetiatur,
1037 4712 1110 4778 sive
1132 4711 1168 4776 in
1191 4711 1354 4777 interiore
1378 4719 1504 4776 natura
