<?xml version="1.0" encoding="UTF-8"?>
<!DOCTYPE html PUBLIC "-//W3C//DTD XHTML 1.0 Transitional//EN"
    "http://www.w3.org/TR/xhtml1/DTD/xhtml1-transitional.dtd">
<html xmlns="http://www.w3.org/1999/xhtml" xml:lang="en" lang="en">
 <head>
  <title>
</title>
<meta http-equiv="Content-Type" content="text/html;charset=utf-8" />
  <meta name='ocr-system' content='tesseract 3.04.00' />
  <meta name='ocr-capabilities' content='ocr_page ocr_carea ocr_par ocr_line ocrx_word'/>
</head>
<body>
  <div class='ocr_page' id='page_1' title='image "./sapientaangelic01swedgoog_0371.png"; bbox 0 0 3424 5368; ppageno 0'>
   <div class='ocr_carea' id='block_1_1' title="bbox 287 619 1107 684">
    <p class='ocr_par' dir='ltr' id='par_1_1' title="bbox 287 619 1107 684">
     <span class='ocr_line' id='line_1_1' title="bbox 287 619 1107 684; baseline 0.002 -2"><span class='ocrx_word' id='word_1_1' title='bbox 287 619 291 630; x_wconf 67' lang='grc'><strong>’</strong></span> <span class='ocrx_word' id='word_1_2' title='bbox 342 634 401 682; x_wconf 90' lang='lat'>122</span> <span class='ocrx_word' id='word_1_3' title='bbox 687 633 891 683; x_wconf 80' lang='lat' dir='ltr'><strong>SAPIENTIA</strong></span> <span class='ocrx_word' id='word_1_4' title='bbox 912 631 1107 684; x_wconf 73' lang='lat' dir='ltr'><strong>ANGELICA</strong></span> 
     </span>
    </p>
   </div>
   <div class='ocr_carea' id='block_1_2' title="bbox 339 803 1474 1081">
    <p class='ocr_par' dir='ltr' id='par_1_2' title="bbox 339 803 1474 1081">
     <span class='ocr_line' id='line_1_2' title="bbox 339 803 1474 890; baseline 0.004 -24"><span class='ocrx_word' id='word_1_5' title='bbox 339 822 420 867; x_wconf 89' lang='lat' dir='ltr'>nam</span> <span class='ocrx_word' id='word_1_6' title='bbox 444 804 586 887; x_wconf 91' lang='lat' dir='ltr'>quisque</span> <span class='ocrx_word' id='word_1_7' title='bbox 609 825 655 867; x_wconf 88' lang='lat' dir='ltr'>ex</span> <span class='ocrx_word' id='word_1_8' title='bbox 679 804 787 869; x_wconf 91' lang='lat' dir='ltr'>libero</span> <span class='ocrx_word' id='word_1_9' title='bbox 810 813 846 870; x_wconf 88' lang='lat' dir='ltr'>et</span> <span class='ocrx_word' id='word_1_10' title='bbox 873 805 907 869; x_wconf 93' lang='lat' dir='ltr'>in</span> <span class='ocrx_word' id='word_1_11' title='bbox 938 804 1047 870; x_wconf 92' lang='lat' dir='ltr'>libero</span> <span class='ocrx_word' id='word_1_12' title='bbox 1070 803 1217 888; x_wconf 81' lang='lat' dir='ltr'><strong>cogitat,</strong></span> <span class='ocrx_word' id='word_1_13' title='bbox 1241 814 1277 871; x_wconf 88' lang='lat' dir='ltr'>et</span> <span class='ocrx_word' id='word_1_14' title='bbox 1304 804 1474 890; x_wconf 80' lang='lat' dir='ltr'>quicquid</span> 
     </span>
     <span class='ocr_line' id='line_1_3' title="bbox 339 899 1474 984; baseline 0.005 -24"><span class='ocrx_word' id='word_1_15' title='bbox 339 918 407 962; x_wconf 93' lang='lat' dir='ltr'>non</span> <span class='ocrx_word' id='word_1_16' title='bbox 428 921 474 962; x_wconf 90' lang='lat' dir='ltr'>ex</span> <span class='ocrx_word' id='word_1_17' title='bbox 498 899 606 964; x_wconf 91' lang='lat' dir='ltr'>libero</span> <span class='ocrx_word' id='word_1_18' title='bbox 629 910 665 965; x_wconf 93' lang='lat' dir='ltr'>et</span> <span class='ocrx_word' id='word_1_19' title='bbox 691 901 725 963; x_wconf 91' lang='lat' dir='ltr'>in</span> <span class='ocrx_word' id='word_1_20' title='bbox 752 900 861 965; x_wconf 90' lang='lat' dir='ltr'>libero</span> <span class='ocrx_word' id='word_1_21' title='bbox 884 903 1029 984; x_wconf 82' lang='lat' dir='ltr'><strong>cogitat,</strong></span> <span class='ocrx_word' id='word_1_22' title='bbox 1053 922 1123 966; x_wconf 91' lang='lat' dir='ltr'>non</span> <span class='ocrx_word' id='word_1_23' title='bbox 1146 911 1291 984; x_wconf 86' lang='lat' dir='ltr'>apparet</span> <span class='ocrx_word' id='word_1_24' title='bbox 1314 902 1345 965; x_wconf 93' lang='lat' dir='ltr'>ei</span> <span class='ocrx_word' id='word_1_25' title='bbox 1370 923 1391 966; x_wconf 89' lang='lat' dir='ltr'>a</span> <span class='ocrx_word' id='word_1_26' title='bbox 1416 923 1474 979; x_wconf 83' lang='lat' dir='ltr'>se,</span> 
     </span>
     <span class='ocr_line' id='line_1_4' title="bbox 339 994 1474 1081; baseline 0.004 -24"><span class='ocrx_word' id='word_1_27' title='bbox 339 994 400 1057; x_wconf 91' lang='lat' dir='ltr'>sed</span> <span class='ocrx_word' id='word_1_28' title='bbox 432 996 475 1059; x_wconf 88' lang='lat' dir='ltr'>ab</span> <span class='ocrx_word' id='word_1_29' title='bbox 505 995 592 1074; x_wconf 73' lang='lat' dir='ltr'>alio,</span> <span class='ocrx_word' id='word_1_30' title='bbox 631 996 737 1060; x_wconf 91' lang='lat' dir='ltr'>immo</span> <span class='ocrx_word' id='word_1_31' title='bbox 765 997 794 1060; x_wconf 90' lang='lat' dir='ltr'>si</span> <span class='ocrx_word' id='word_1_32' title='bbox 823 998 965 1062; x_wconf 90' lang='lat' dir='ltr'>interius</span> <span class='ocrx_word' id='word_1_33' title='bbox 988 997 1055 1062; x_wconf 94' lang='lat' dir='ltr'>hoc</span> <span class='ocrx_word' id='word_1_34' title='bbox 1079 999 1259 1080; x_wconf 89' lang='lat' dir='ltr'>expendis,</span> <span class='ocrx_word' id='word_1_35' title='bbox 1284 999 1474 1081; x_wconf 71' lang='lat' dir='ltr'>percipies,</span> 
     </span>
    </p>
   </div>
   <div class='ocr_carea' id='block_1_3' title="bbox 301 1091 1475 4731">
    <p class='ocr_par' dir='ltr' id='par_1_3' title="bbox 338 1091 1474 1250">
     <span class='ocr_line' id='line_1_5' title="bbox 339 1091 1474 1176; baseline 0.005 -23"><span class='ocrx_word' id='word_1_36' title='bbox 339 1091 429 1173; x_wconf 92' lang='lat' dir='ltr'>quod</span> <span class='ocrx_word' id='word_1_37' title='bbox 450 1111 512 1155; x_wconf 93' lang='lat' dir='ltr'>nec</span> <span class='ocrx_word' id='word_1_38' title='bbox 529 1092 617 1156; x_wconf 82' lang='lat' dir='ltr'>soret</span> <span class='ocrx_word' id='word_1_39' title='bbox 636 1094 666 1156; x_wconf 91' lang='lat' dir='ltr'>ei</span> <span class='ocrx_word' id='word_1_40' title='bbox 686 1093 867 1176; x_wconf 85' lang='lat' dir='ltr'>cogitatio,</span> <span class='ocrx_word' id='word_1_41' title='bbox 886 1095 996 1156; x_wconf 91' lang='lat' dir='ltr'>minus</span> <span class='ocrx_word' id='word_1_42' title='bbox 1015 1095 1115 1170; x_wconf 87' lang='lat' dir='ltr'>ratio,</span> <span class='ocrx_word' id='word_1_43' title='bbox 1133 1103 1170 1158; x_wconf 92' lang='lat' dir='ltr'>et</span> <span class='ocrx_word' id='word_1_44' title='bbox 1187 1094 1268 1157; x_wconf 91' lang='lat' dir='ltr'>inde</span> <span class='ocrx_word' id='word_1_45' title='bbox 1287 1113 1356 1157; x_wconf 92' lang='lat' dir='ltr'>non</span> <span class='ocrx_word' id='word_1_46' title='bbox 1377 1094 1474 1159; x_wconf 83' lang='lat' dir='ltr'>soret</span> 
     </span>
     <span class='ocr_line' id='line_1_6' title="bbox 338 1187 454 1250; baseline 0 0"><span class='ocrx_word' id='word_1_47' title='bbox 338 1187 454 1250; x_wconf 90' lang='lat' dir='ltr'>homo.</span> 
     </span>
    </p>

    <p class='ocr_par' dir='ltr' id='par_1_4' title="bbox 301 1283 1475 3070">
     <span class='ocr_line' id='line_1_7' title="bbox 402 1283 1475 1367; baseline 0.004 -19"><span class='ocrx_word' id='word_1_48' title='bbox 402 1293 492 1365; x_wconf 81' lang='lat'>177·</span> <span class='ocrx_word' id='word_1_49' title='bbox 522 1283 690 1367; x_wconf 84' lang='lat' dir='ltr'>Operatio</span> <span class='ocrx_word' id='word_1_50' title='bbox 714 1283 860 1349; x_wconf 91' lang='lat' dir='ltr'>Divinae</span> <span class='ocrx_word' id='word_1_51' title='bbox 884 1284 1125 1350; x_wconf 84' lang='lat' dir='ltr'>Providentiae</span> <span class='ocrx_word' id='word_1_52' title='bbox 1141 1285 1281 1349; x_wconf 89' lang='lat' dir='ltr'>Domini</span> <span class='ocrx_word' id='word_1_53' title='bbox 1299 1287 1475 1352; x_wconf 84' lang='lat' dir='ltr'>continua</span> 
     </span>
     <span class='ocr_line' id='line_1_8' title="bbox 338 1379 1473 1465; baseline 0.002 -21"><span class='ocrx_word' id='word_1_54' title='bbox 338 1388 404 1454; x_wconf 89' lang='lat' dir='ltr'>est,</span> <span class='ocrx_word' id='word_1_55' title='bbox 422 1379 514 1462; x_wconf 93' lang='lat' dir='ltr'>quod</span> <span class='ocrx_word' id='word_1_56' title='bbox 534 1381 684 1444; x_wconf 86' lang='lat' dir='ltr'>abducat</span> <span class='ocrx_word' id='word_1_57' title='bbox 700 1379 874 1444; x_wconf 90' lang='lat' dir='ltr'>hominem</span> <span class='ocrx_word' id='word_1_58' title='bbox 890 1401 911 1443; x_wconf 89' lang='lat' dir='ltr'>a</span> <span class='ocrx_word' id='word_1_59' title='bbox 929 1382 1038 1444; x_wconf 91' lang='lat' dir='ltr'>malis.</span> <span class='ocrx_word' id='word_1_60' title='bbox 1077 1379 1114 1444; x_wconf 90' lang='lat' dir='ltr'>Si</span> <span class='ocrx_word' id='word_1_61' title='bbox 1132 1383 1206 1465; x_wconf 93' lang='lat' dir='ltr'>quis</span> <span class='ocrx_word' id='word_1_62' title='bbox 1225 1382 1473 1463; x_wconf 79' lang='lat' dir='ltr'>operationem</span> 
     </span>
     <span class='ocr_line' id='line_1_9' title="bbox 337 1475 1472 1560; baseline 0.001 -20"><span class='ocrx_word' id='word_1_63' title='bbox 337 1475 426 1540; x_wconf 91' lang='lat' dir='ltr'>hanc</span> <span class='ocrx_word' id='word_1_64' title='bbox 455 1477 655 1539; x_wconf 91' lang='lat' dir='ltr'>continuam</span> <span class='ocrx_word' id='word_1_65' title='bbox 682 1477 875 1559; x_wconf 90' lang='lat' dir='ltr'>perciperet</span> <span class='ocrx_word' id='word_1_66' title='bbox 902 1488 938 1541; x_wconf 90' lang='lat' dir='ltr'>et</span> <span class='ocrx_word' id='word_1_67' title='bbox 963 1477 1119 1552; x_wconf 89' lang='lat' dir='ltr'>sentiret,</span> <span class='ocrx_word' id='word_1_68' title='bbox 1139 1487 1175 1542; x_wconf 91' lang='lat' dir='ltr'>et</span> <span class='ocrx_word' id='word_1_69' title='bbox 1199 1498 1305 1560; x_wconf 89' lang='lat' dir='ltr'>usque</span> <span class='ocrx_word' id='word_1_70' title='bbox 1333 1497 1401 1540; x_wconf 92' lang='lat' dir='ltr'>non</span> <span class='ocrx_word' id='word_1_71' title='bbox 1427 1487 1472 1542; x_wconf 86' lang='lat' dir='ltr'>ut</span> 
     </span>
     <span class='ocr_line' id='line_1_10' title="bbox 337 1567 1472 1647; baseline 0.005 -15"><span class='ocrx_word' id='word_1_72' title='bbox 337 1567 472 1633; x_wconf 69' lang='lat' dir='ltr'>vinetus</span> <span class='ocrx_word' id='word_1_73' title='bbox 503 1572 696 1647; x_wconf 88' lang='lat' dir='ltr'>duceretur,</span> <span class='ocrx_word' id='word_1_74' title='bbox 727 1592 843 1634; x_wconf 91' lang='lat' dir='ltr'>annon</span> <span class='ocrx_word' id='word_1_75' title='bbox 873 1573 1037 1636; x_wconf 89' lang='lat' dir='ltr'>continue</span> <span class='ocrx_word' id='word_1_76' title='bbox 1066 1573 1283 1646; x_wconf 86' lang='lat' dir='ltr'>reniteretur,</span> <span class='ocrx_word' id='word_1_77' title='bbox 1314 1583 1350 1636; x_wconf 93' lang='lat' dir='ltr'>et</span> <span class='ocrx_word' id='word_1_78' title='bbox 1381 1583 1472 1638; x_wconf 86' lang='lat' dir='ltr'>tunc·</span> 
     </span>
     <span class='ocr_line' id='line_1_11' title="bbox 337 1663 1473 1741; baseline 0 -11"><span class='ocrx_word' id='word_1_79' title='bbox 337 1663 393 1730; x_wconf 92' lang='lat' dir='ltr'>vel</span> <span class='ocrx_word' id='word_1_80' title='bbox 416 1665 588 1730; x_wconf 87' lang='lat' dir='ltr'>rixaretur</span> <span class='ocrx_word' id='word_1_81' title='bbox 611 1686 687 1730; x_wconf 93' lang='lat' dir='ltr'>cum</span> <span class='ocrx_word' id='word_1_82' title='bbox 709 1666 795 1741; x_wconf 91' lang='lat' dir='ltr'>Deo,</span> <span class='ocrx_word' id='word_1_83' title='bbox 816 1666 871 1730; x_wconf 93' lang='lat' dir='ltr'>vel</span> <span class='ocrx_word' id='word_1_84' title='bbox 895 1668 1105 1731; x_wconf 89' lang='lat' dir='ltr'>immisceret</span> <span class='ocrx_word' id='word_1_85' title='bbox 1129 1689 1165 1730; x_wconf 92' lang='lat' dir='ltr'>se</span> <span class='ocrx_word' id='word_1_86' title='bbox 1185 1666 1331 1732; x_wconf 89' lang='lat' dir='ltr'>Divinae</span> <span class='ocrx_word' id='word_1_87' title='bbox 1350 1667 1473 1732; x_wconf 76' lang='lat' dir='ltr'>Provi-</span> 
     </span>
     <span class='ocr_line' id='line_1_12' title="bbox 337 1759 1471 1840; baseline 0.002 -15"><span class='ocrx_word' id='word_1_88' title='bbox 337 1761 501 1825; x_wconf 87' lang='lat' dir='ltr'>dentiae?</span> <span class='ocrx_word' id='word_1_89' title='bbox 546 1759 581 1826; x_wconf 90' lang='lat' dir='ltr'>Si</span> <span class='ocrx_word' id='word_1_90' title='bbox 608 1761 685 1837; x_wconf 93' lang='lat' dir='ltr'>hoc,</span> <span class='ocrx_word' id='word_1_91' title='bbox 705 1761 834 1826; x_wconf 85' lang='lat' dir='ltr'>faceret</span> <span class='ocrx_word' id='word_1_92' title='bbox 861 1783 898 1826; x_wconf 93' lang='lat' dir='ltr'>se</span> <span class='ocrx_word' id='word_1_93' title='bbox 923 1765 1030 1826; x_wconf 88' lang='lat' dir='ltr'>etiam</span> <span class='ocrx_word' id='word_1_94' title='bbox 1058 1762 1192 1840; x_wconf 92' lang='lat' dir='ltr'>Deum;</span> <span class='ocrx_word' id='word_1_95' title='bbox 1226 1765 1254 1827; x_wconf 89' lang='lat' dir='ltr'>si</span> <span class='ocrx_word' id='word_1_96' title='bbox 1284 1763 1379 1839; x_wconf 93' lang='lat' dir='ltr'>illud,</span> <span class='ocrx_word' id='word_1_97' title='bbox 1399 1786 1471 1827; x_wconf 41' lang='lat' dir='ltr'>ex·‡</span> 
     </span>
     <span class='ocr_line' id='line_1_13' title="bbox 337 1857 1472 1942; baseline 0.003 -21"><span class='ocrx_word' id='word_1_98' title='bbox 337 1857 490 1924; x_wconf 91' lang='lat' dir='ltr'>solveret</span> <span class='ocrx_word' id='word_1_99' title='bbox 513 1879 551 1922; x_wconf 91' lang='lat' dir='ltr'>se</span> <span class='ocrx_word' id='word_1_100' title='bbox 573 1857 722 1936; x_wconf 89' lang='lat' dir='ltr'>vinculo,</span> <span class='ocrx_word' id='word_1_101' title='bbox 742 1867 778 1922; x_wconf 90' lang='lat' dir='ltr'>et</span> <span class='ocrx_word' id='word_1_102' title='bbox 801 1869 946 1941; x_wconf 85' lang='lat' dir='ltr'>negaret</span> <span class='ocrx_word' id='word_1_103' title='bbox 971 1858 1093 1923; x_wconf 92' lang='lat' dir='ltr'>Deum.</span> <span class='ocrx_word' id='word_1_104' title='bbox 1139 1857 1217 1922; x_wconf 91' lang='lat' dir='ltr'>Hoc</span> <span class='ocrx_word' id='word_1_105' title='bbox 1239 1869 1336 1942; x_wconf 89' lang='lat' dir='ltr'>patet</span> <span class='ocrx_word' id='word_1_106' title='bbox 1354 1862 1472 1925; x_wconf 71' lang='lat' dir='ltr'>mani-</span> 
     </span>
     <span class='ocr_line' id='line_1_14' title="bbox 337 1954 1471 2038; baseline 0.002 -20"><span class='ocrx_word' id='word_1_107' title='bbox 337 1954 436 2030; x_wconf 81' lang='lat' dir='ltr'>feste,</span> <span class='ocrx_word' id='word_1_108' title='bbox 462 1954 552 2038; x_wconf 93' lang='lat' dir='ltr'>quod</span> <span class='ocrx_word' id='word_1_109' title='bbox 583 1954 695 2018; x_wconf 81' lang='lat' dir='ltr'>forent</span> <span class='ocrx_word' id='word_1_110' title='bbox 726 1955 811 2020; x_wconf 83' lang='lat' dir='ltr'>duae</span> <span class='ocrx_word' id='word_1_111' title='bbox 836 1956 926 2019; x_wconf 91' lang='lat' dir='ltr'>vires</span> <span class='ocrx_word' id='word_1_112' title='bbox 951 1965 1073 2018; x_wconf 90' lang='lat' dir='ltr'>contra</span> <span class='ocrx_word' id='word_1_113' title='bbox 1101 1975 1139 2017; x_wconf 90' lang='lat' dir='ltr'>se</span> <span class='ocrx_word' id='word_1_114' title='bbox 1165 1957 1330 2020; x_wconf 88' lang='lat' dir='ltr'>continue</span> <span class='ocrx_word' id='word_1_115' title='bbox 1354 1977 1471 2038; x_wconf 82' lang='lat' dir='ltr'>agen·</span> 
     </span>
     <span class='ocr_line' id='line_1_15' title="bbox 338 2048 1472 2130; baseline -0.002 -17"><span class='ocrx_word' id='word_1_116' title='bbox 338 2058 403 2126; x_wconf 93' lang='lat' dir='ltr'>tes,</span> <span class='ocrx_word' id='word_1_117' title='bbox 433 2050 485 2112; x_wconf 92' lang='lat' dir='ltr'>vis</span> <span class='ocrx_word' id='word_1_118' title='bbox 518 2048 599 2113; x_wconf 90' lang='lat' dir='ltr'>maii</span> <span class='ocrx_word' id='word_1_119' title='bbox 636 2050 680 2113; x_wconf 94' lang='lat' dir='ltr'>ab</span> <span class='ocrx_word' id='word_1_120' title='bbox 709 2050 860 2127; x_wconf 89' lang='lat' dir='ltr'>homine,</span> <span class='ocrx_word' id='word_1_121' title='bbox 892 2057 929 2114; x_wconf 92' lang='lat' dir='ltr'>et</span> <span class='ocrx_word' id='word_1_122' title='bbox 961 2051 1013 2114; x_wconf 88' lang='lat' dir='ltr'>vis</span> <span class='ocrx_word' id='word_1_123' title='bbox 1042 2049 1122 2113; x_wconf 93' lang='lat' dir='ltr'>boni</span> <span class='ocrx_word' id='word_1_124' title='bbox 1157 2069 1178 2112; x_wconf 91' lang='lat' dir='ltr'>a</span> <span class='ocrx_word' id='word_1_125' title='bbox 1214 2049 1386 2130; x_wconf 73' lang='lat' dir='ltr'>Domino,</span> <span class='ocrx_word' id='word_1_126' title='bbox 1427 2063 1472 2116; x_wconf 68' lang='lat' dir='ltr'>et,</span> 
     </span>
     <span class='ocr_line' id='line_1_16' title="bbox 338 2144 1472 2227; baseline 0.001 -18"><span class='ocrx_word' id='word_1_127' title='bbox 338 2163 415 2209; x_wconf 89' lang='lat' dir='ltr'>cum</span> <span class='ocrx_word' id='word_1_128' title='bbox 457 2145 527 2209; x_wconf 93' lang='lat' dir='ltr'>duo</span> <span class='ocrx_word' id='word_1_129' title='bbox 560 2145 722 2227; x_wconf 90' lang='lat' dir='ltr'>opposita</span> <span class='ocrx_word' id='word_1_130' title='bbox 760 2155 884 2210; x_wconf 89' lang='lat' dir='ltr'>contra</span> <span class='ocrx_word' id='word_1_131' title='bbox 922 2167 960 2210; x_wconf 91' lang='lat' dir='ltr'>se</span> <span class='ocrx_word' id='word_1_132' title='bbox 998 2154 1119 2227; x_wconf 91' lang='lat' dir='ltr'>agunt,</span> <span class='ocrx_word' id='word_1_133' title='bbox 1151 2155 1235 2209; x_wconf 94' lang='lat' dir='ltr'>tunc</span> <span class='ocrx_word' id='word_1_134' title='bbox 1266 2144 1322 2210; x_wconf 90' lang='lat' dir='ltr'>vel</span> <span class='ocrx_word' id='word_1_135' title='bbox 1359 2167 1472 2211; x_wconf 78' lang='lat' dir='ltr'>unum</span> 
     </span>
     <span class='ocr_line' id='line_1_17' title="bbox 337 2241 1471 2325; baseline 0.002 -22"><span class='ocrx_word' id='word_1_136' title='bbox 337 2241 457 2318; x_wconf 86' lang='lat' dir='ltr'>vincit,</span> <span class='ocrx_word' id='word_1_137' title='bbox 484 2241 541 2305; x_wconf 91' lang='lat' dir='ltr'>vel</span> <span class='ocrx_word' id='word_1_138' title='bbox 569 2253 751 2325; x_wconf 88' lang='lat' dir='ltr'>utrumque</span> <span class='ocrx_word' id='word_1_139' title='bbox 778 2243 887 2324; x_wconf 88' lang='lat' dir='ltr'>perit;</span> <span class='ocrx_word' id='word_1_140' title='bbox 929 2241 983 2306; x_wconf 92' lang='lat' dir='ltr'>hic</span> <span class='ocrx_word' id='word_1_141' title='bbox 1009 2252 1126 2304; x_wconf 89' lang='lat' dir='ltr'>autem</span> <span class='ocrx_word' id='word_1_142' title='bbox 1155 2242 1183 2303; x_wconf 90' lang='lat' dir='ltr'>si</span> <span class='ocrx_word' id='word_1_143' title='bbox 1213 2261 1316 2306; x_wconf 91' lang='lat' dir='ltr'>unum</span> <span class='ocrx_word' id='word_1_144' title='bbox 1343 2243 1471 2317; x_wconf 83' lang='lat' dir='ltr'>vincit,</span> 
     </span>
     <span class='ocr_line' id='line_1_18' title="bbox 336 2336 1469 2421; baseline 0.001 -22"><span class='ocrx_word' id='word_1_145' title='bbox 336 2337 427 2419; x_wconf 89' lang='lat' dir='ltr'>perit</span> <span class='ocrx_word' id='word_1_146' title='bbox 455 2348 647 2420; x_wconf 87' lang='lat' dir='ltr'>utrumque,</span> <span class='ocrx_word' id='word_1_147' title='bbox 667 2337 795 2400; x_wconf 90' lang='lat' dir='ltr'>maium</span> <span class='ocrx_word' id='word_1_148' title='bbox 825 2338 916 2402; x_wconf 90' lang='lat' dir='ltr'>enim</span> <span class='ocrx_word' id='word_1_149' title='bbox 947 2337 1038 2421; x_wconf 93' lang='lat' dir='ltr'>quod</span> <span class='ocrx_word' id='word_1_150' title='bbox 1069 2336 1216 2400; x_wconf 89' lang='lat' dir='ltr'>hominis</span> <span class='ocrx_word' id='word_1_151' title='bbox 1239 2347 1294 2401; x_wconf 92' lang='lat' dir='ltr'>est</span> <span class='ocrx_word' id='word_1_152' title='bbox 1317 2357 1387 2400; x_wconf 91' lang='lat' dir='ltr'>non</span> <span class='ocrx_word' id='word_1_153' title='bbox 1409 2358 1469 2401; x_wconf 80' lang='lat' dir='ltr'>re·</span> 
     </span>
     <span class='ocr_line' id='line_1_19' title="bbox 338 2431 1474 2515; baseline 0.001 -19"><span class='ocrx_word' id='word_1_154' title='bbox 338 2433 420 2515; x_wconf 93' lang='lat' dir='ltr'>cipit</span> <span class='ocrx_word' id='word_1_155' title='bbox 443 2432 571 2496; x_wconf 89' lang='lat' dir='ltr'>bonum</span> <span class='ocrx_word' id='word_1_156' title='bbox 594 2455 616 2497; x_wconf 93' lang='lat' dir='ltr'>a</span> <span class='ocrx_word' id='word_1_157' title='bbox 640 2433 791 2497; x_wconf 91' lang='lat' dir='ltr'>Domino</span> <span class='ocrx_word' id='word_1_158' title='bbox 815 2443 1005 2506; x_wconf 87' lang='lat' dir='ltr'>momento,</span> <span class='ocrx_word' id='word_1_159' title='bbox 1031 2451 1093 2496; x_wconf 91' lang='lat' dir='ltr'>nec</span> <span class='ocrx_word' id='word_1_160' title='bbox 1117 2431 1244 2496; x_wconf 90' lang='lat' dir='ltr'>bonum</span> <span class='ocrx_word' id='word_1_161' title='bbox 1268 2453 1288 2496; x_wconf 89' lang='lat' dir='ltr'>a</span> <span class='ocrx_word' id='word_1_162' title='bbox 1311 2432 1474 2498; x_wconf 85' lang='lat' dir='ltr'>Domino</span> 
     </span>
     <span class='ocr_line' id='line_1_20' title="bbox 338 2526 1472 2610; baseline -0.001 -20"><span class='ocrx_word' id='word_1_163' title='bbox 338 2527 430 2610; x_wconf 89' lang='lat' dir='ltr'>ejicit</span> <span class='ocrx_word' id='word_1_164' title='bbox 462 2529 589 2593; x_wconf 89' lang='lat' dir='ltr'>malum</span> <span class='ocrx_word' id='word_1_165' title='bbox 620 2528 665 2592; x_wconf 91' lang='lat' dir='ltr'>ab</span> <span class='ocrx_word' id='word_1_166' title='bbox 695 2529 834 2592; x_wconf 90' lang='lat' dir='ltr'>homine</span> <span class='ocrx_word' id='word_1_167' title='bbox 864 2538 1063 2606; x_wconf 71' lang='lat' dir='ltr'>momento,</span> <span class='ocrx_word' id='word_1_168' title='bbox 1104 2528 1132 2590; x_wconf 94' lang='lat' dir='ltr'>si</span> <span class='ocrx_word' id='word_1_169' title='bbox 1162 2538 1342 2592; x_wconf 89' lang='lat' dir='ltr'>momento</span> <span class='ocrx_word' id='word_1_170' title='bbox 1366 2526 1472 2594; x_wconf 87' lang='lat' dir='ltr'>fieret.</span> 
     </span>
     <span class='ocr_line' id='line_1_21' title="bbox 338 2623 1468 2700; baseline 0.002 -13"><span class='ocrx_word' id='word_1_171' title='bbox 338 2644 442 2687; x_wconf 91' lang='lat' dir='ltr'>unum</span> <span class='ocrx_word' id='word_1_172' title='bbox 466 2634 524 2689; x_wconf 90' lang='lat' dir='ltr'>aut</span> <span class='ocrx_word' id='word_1_173' title='bbox 548 2624 707 2700; x_wconf 91' lang='lat' dir='ltr'>alterum,</span> <span class='ocrx_word' id='word_1_174' title='bbox 731 2625 803 2689; x_wconf 86' lang='lat' dir='ltr'>vita</span> <span class='ocrx_word' id='word_1_175' title='bbox 832 2645 900 2688; x_wconf 89' lang='lat' dir='ltr'>non</span> <span class='ocrx_word' id='word_1_176' title='bbox 932 2633 1088 2688; x_wconf 90' lang='lat' dir='ltr'>maneret</span> <span class='ocrx_word' id='word_1_177' title='bbox 1115 2623 1254 2688; x_wconf 91' lang='lat' dir='ltr'>homini.</span> <span class='ocrx_word' id='word_1_178' title='bbox 1301 2623 1400 2688; x_wconf 91' lang='lat' dir='ltr'>Haec</span> <span class='ocrx_word' id='word_1_179' title='bbox 1427 2635 1468 2689; x_wconf 92' lang='lat' dir='ltr'>et·</span> 
     </span>
     <span class='ocr_line' id='line_1_22' title="bbox 337 2718 1463 2802; baseline 0.003 -21"><span class='ocrx_word' id='word_1_180' title='bbox 337 2719 436 2802; x_wconf 92' lang='lat' dir='ltr'>plura</span> <span class='ocrx_word' id='word_1_181' title='bbox 458 2719 627 2784; x_wconf 91' lang='lat' dir='ltr'>damnosa</span> <span class='ocrx_word' id='word_1_182' title='bbox 656 2721 724 2784; x_wconf 85' lang='lat' dir='ltr'>alia</span> <span class='ocrx_word' id='word_1_183' title='bbox 755 2721 956 2794; x_wconf 87' lang='lat' dir='ltr'>existerent,</span> <span class='ocrx_word' id='word_1_184' title='bbox 976 2720 1004 2782; x_wconf 93' lang='lat' dir='ltr'>si</span> <span class='ocrx_word' id='word_1_185' title='bbox 1035 2721 1142 2782; x_wconf 92' lang='lat' dir='ltr'>homo</span> <span class='ocrx_word' id='word_1_186' title='bbox 1173 2718 1318 2784; x_wconf 88' lang='lat' dir='ltr'>Divinae</span> <span class='ocrx_word' id='word_1_187' title='bbox 1346 2720 1463 2784; x_wconf 87' lang='lat' dir='ltr'>Provi-</span> 
     </span>
     <span class='ocr_line' id='line_1_23' title="bbox 301 2815 1472 2897; baseline 0.004 -20"><span class='ocrx_word' id='word_1_188' title='bbox 301 2837 307 2850; x_wconf 68' lang='lat'>=</span> <span class='ocrx_word' id='word_1_189' title='bbox 337 2816 478 2878; x_wconf 88' lang='lat' dir='ltr'>dentiae</span> <span class='ocrx_word' id='word_1_190' title='bbox 509 2816 746 2896; x_wconf 87' lang='lat' dir='ltr'>operationem</span> <span class='ocrx_word' id='word_1_191' title='bbox 782 2815 962 2880; x_wconf 81' lang='lat' dir='ltr'>manifeste</span> <span class='ocrx_word' id='word_1_192' title='bbox 993 2818 1185 2897; x_wconf 90' lang='lat' dir='ltr'>perciperet</span> <span class='ocrx_word' id='word_1_193' title='bbox 1214 2824 1275 2879; x_wconf 91' lang='lat' dir='ltr'>aut</span> <span class='ocrx_word' id='word_1_194' title='bbox 1305 2817 1472 2882; x_wconf 74' lang='lat' dir='ltr'>sentiret.</span> 
     </span>
     <span class='ocr_line' id='line_1_24' title="bbox 338 2910 1469 2994; baseline 0.002 -20"><span class='ocrx_word' id='word_1_195' title='bbox 338 2910 406 2974; x_wconf 90' lang='lat' dir='ltr'>Sed</span> <span class='ocrx_word' id='word_1_196' title='bbox 434 2912 500 2975; x_wconf 89' lang='lat' dir='ltr'>hoc</span> <span class='ocrx_word' id='word_1_197' title='bbox 532 2931 592 2992; x_wconf 89' lang='lat' dir='ltr'>per</span> <span class='ocrx_word' id='word_1_198' title='bbox 618 2911 783 2994; x_wconf 87' lang='lat' dir='ltr'>exempla</span> <span class='ocrx_word' id='word_1_199' title='bbox 809 2912 843 2974; x_wconf 91' lang='lat' dir='ltr'>in</span> <span class='ocrx_word' id='word_1_200' title='bbox 870 2911 1095 2994; x_wconf 89' lang='lat' dir='ltr'>sequentibus</span> <span class='ocrx_word' id='word_1_201' title='bbox 1125 2910 1217 2976; x_wconf 89' lang='lat' dir='ltr'>clare</span> <span class='ocrx_word' id='word_1_202' title='bbox 1244 2911 1469 2978; x_wconf 82' lang='lat' dir='ltr'>demonstra·</span> 
     </span>
     <span class='ocr_line' id='line_1_25' title="bbox 336 3005 437 3070; baseline 0 0"><span class='ocrx_word' id='word_1_203' title='bbox 336 3005 437 3070; x_wconf 88' lang='lat' dir='ltr'>bitur.</span> 
     </span>
    </p>

    <p class='ocr_par' dir='ltr' id='par_1_5' title="bbox 334 3100 1471 4731">
     <span class='ocr_line' id='line_1_26' title="bbox 401 3100 1470 3187; baseline 0.002 -19"><span class='ocrx_word' id='word_1_204' title='bbox 401 3102 493 3186; x_wconf 80' lang='lat'><strong>178·</strong></span> <span class='ocrx_word' id='word_1_205' title='bbox 524 3100 626 3184; x_wconf 81' lang='lat' dir='ltr'>Quod</span> <span class='ocrx_word' id='word_1_206' title='bbox 656 3124 724 3168; x_wconf 92' lang='lat' dir='ltr'>non</span> <span class='ocrx_word' id='word_1_207' title='bbox 756 3103 856 3167; x_wconf 89' lang='lat' dir='ltr'>detur</span> <span class='ocrx_word' id='word_1_208' title='bbox 879 3103 1010 3167; x_wconf 92' lang='lat' dir='ltr'>homini</span> <span class='ocrx_word' id='word_1_209' title='bbox 1033 3103 1203 3187; x_wconf 91' lang='lat' dir='ltr'>praescire</span> <span class='ocrx_word' id='word_1_210' title='bbox 1226 3113 1384 3181; x_wconf 88' lang='lat' dir='ltr'>eventus,</span> <span class='ocrx_word' id='word_1_211' title='bbox 1408 3115 1470 3170; x_wconf 83' lang='lat' dir='ltr'>est</span> 
     </span>
     <span class='ocr_line' id='line_1_27' title="bbox 338 3199 1469 3282; baseline 0.003 -21"><span class='ocrx_word' id='word_1_212' title='bbox 338 3221 471 3282; x_wconf 89' lang='lat' dir='ltr'>quoque</span> <span class='ocrx_word' id='word_1_213' title='bbox 499 3219 613 3274; x_wconf 87' lang='lat' dir='ltr'>causa,</span> <span class='ocrx_word' id='word_1_214' title='bbox 641 3211 678 3263; x_wconf 92' lang='lat' dir='ltr'>ut</span> <span class='ocrx_word' id='word_1_215' title='bbox 712 3201 823 3282; x_wconf 89' lang='lat' dir='ltr'>possit</span> <span class='ocrx_word' id='word_1_216' title='bbox 853 3221 900 3263; x_wconf 88' lang='lat' dir='ltr'>ex</span> <span class='ocrx_word' id='word_1_217' title='bbox 932 3199 1040 3263; x_wconf 91' lang='lat' dir='ltr'>libero</span> <span class='ocrx_word' id='word_1_218' title='bbox 1073 3200 1260 3263; x_wconf 90' lang='lat' dir='ltr'>secundum</span> <span class='ocrx_word' id='word_1_219' title='bbox 1290 3200 1469 3264; x_wconf 88' lang='lat' dir='ltr'>rationem</span> 
     </span>
     <span class='ocr_line' id='line_1_28' title="bbox 337 3294 1471 3379; baseline 0.002 -21"><span class='ocrx_word' id='word_1_220' title='bbox 337 3316 462 3379; x_wconf 89' lang='lat' dir='ltr'>agere:</span> <span class='ocrx_word' id='word_1_221' title='bbox 499 3315 577 3358; x_wconf 89' lang='lat' dir='ltr'>nam</span> <span class='ocrx_word' id='word_1_222' title='bbox 603 3307 723 3359; x_wconf 90' lang='lat' dir='ltr'>notum</span> <span class='ocrx_word' id='word_1_223' title='bbox 747 3305 813 3370; x_wconf 89' lang='lat' dir='ltr'>est,</span> <span class='ocrx_word' id='word_1_224' title='bbox 833 3296 924 3378; x_wconf 91' lang='lat' dir='ltr'>quod</span> <span class='ocrx_word' id='word_1_225' title='bbox 949 3295 1108 3378; x_wconf 90' lang='lat' dir='ltr'>quicquid</span> <span class='ocrx_word' id='word_1_226' title='bbox 1132 3294 1237 3359; x_wconf 89' lang='lat' dir='ltr'>homo</span> <span class='ocrx_word' id='word_1_227' title='bbox 1259 3305 1367 3372; x_wconf 89' lang='lat' dir='ltr'>amat,</span> <span class='ocrx_word' id='word_1_228' title='bbox 1391 3296 1471 3378; x_wconf 84' lang='lat' dir='ltr'>ejus</span> 
     </span>
     <span class='ocr_line' id='line_1_29' title="bbox 337 3391 1468 3475; baseline 0.003 -21"><span class='ocrx_word' id='word_1_229' title='bbox 337 3391 497 3456; x_wconf 70' lang='lat' dir='ltr'>effectum</span> <span class='ocrx_word' id='word_1_230' title='bbox 519 3391 613 3468; x_wconf 90' lang='lat' dir='ltr'>velit,</span> <span class='ocrx_word' id='word_1_231' title='bbox 638 3401 674 3456; x_wconf 91' lang='lat' dir='ltr'>et</span> <span class='ocrx_word' id='word_1_232' title='bbox 700 3392 744 3456; x_wconf 89' lang='lat' dir='ltr'>ad</span> <span class='ocrx_word' id='word_1_233' title='bbox 771 3391 861 3455; x_wconf 88' lang='lat' dir='ltr'>hunc</span> <span class='ocrx_word' id='word_1_234' title='bbox 889 3413 950 3475; x_wconf 94' lang='lat' dir='ltr'>per</span> <span class='ocrx_word' id='word_1_235' title='bbox 974 3392 1144 3454; x_wconf 86' lang='lat' dir='ltr'>rationem</span> <span class='ocrx_word' id='word_1_236' title='bbox 1171 3412 1209 3456; x_wconf 90' lang='lat' dir='ltr'>se</span> <span class='ocrx_word' id='word_1_237' title='bbox 1232 3392 1357 3471; x_wconf 87' lang='lat' dir='ltr'>ducat;</span> <span class='ocrx_word' id='word_1_238' title='bbox 1388 3402 1468 3457; x_wconf 87' lang='lat' dir='ltr'>tum</span> 
     </span>
     <span class='ocr_line' id='line_1_30' title="bbox 337 3487 1464 3572; baseline 0.001 -21"><span class='ocrx_word' id='word_1_239' title='bbox 337 3489 427 3571; x_wconf 92' lang='lat' dir='ltr'>quod</span> <span class='ocrx_word' id='word_1_240' title='bbox 449 3487 532 3551; x_wconf 91' lang='lat' dir='ltr'>nihil</span> <span class='ocrx_word' id='word_1_241' title='bbox 548 3489 592 3551; x_wconf 92' lang='lat' dir='ltr'>sit</span> <span class='ocrx_word' id='word_1_242' title='bbox 612 3488 705 3572; x_wconf 91' lang='lat' dir='ltr'>quod</span> <span class='ocrx_word' id='word_1_243' title='bbox 724 3489 830 3552; x_wconf 90' lang='lat' dir='ltr'>homo</span> <span class='ocrx_word' id='word_1_244' title='bbox 848 3489 981 3552; x_wconf 91' lang='lat' dir='ltr'>ratione</span> <span class='ocrx_word' id='word_1_245' title='bbox 1000 3487 1122 3562; x_wconf 89' lang='lat' dir='ltr'>volvit,</span> <span class='ocrx_word' id='word_1_246' title='bbox 1144 3489 1234 3570; x_wconf 92' lang='lat' dir='ltr'>quod</span> <span class='ocrx_word' id='word_1_247' title='bbox 1254 3509 1323 3552; x_wconf 91' lang='lat' dir='ltr'>non</span> <span class='ocrx_word' id='word_1_248' title='bbox 1342 3497 1396 3552; x_wconf 89' lang='lat' dir='ltr'>est</span> <span class='ocrx_word' id='word_1_249' title='bbox 1416 3510 1464 3552; x_wconf 85' lang='lat' dir='ltr'>ex</span> 
     </span>
     <span class='ocr_line' id='line_1_31' title="bbox 336 3580 1468 3668; baseline 0.003 -23"><span class='ocrx_word' id='word_1_250' title='bbox 336 3602 452 3646; x_wconf 88' lang='lat' dir='ltr'>amore</span> <span class='ocrx_word' id='word_1_251' title='bbox 477 3591 513 3645; x_wconf 92' lang='lat' dir='ltr'>ut</span> <span class='ocrx_word' id='word_1_252' title='bbox 537 3602 598 3664; x_wconf 92' lang='lat' dir='ltr'>per</span> <span class='ocrx_word' id='word_1_253' title='bbox 620 3584 870 3666; x_wconf 83' lang='lat' dir='ltr'>cogitationem</span> <span class='ocrx_word' id='word_1_254' title='bbox 889 3586 1005 3664; x_wconf 78' lang='lat' dir='ltr'>veniat</span> <span class='ocrx_word' id='word_1_255' title='bbox 1029 3583 1072 3646; x_wconf 93' lang='lat' dir='ltr'>ad</span> <span class='ocrx_word' id='word_1_256' title='bbox 1097 3580 1275 3662; x_wconf 75' lang='lat' dir='ltr'>etset&#39;tum;</span> <span class='ocrx_word' id='word_1_257' title='bbox 1306 3604 1410 3668; x_wconf 91' lang='lat' dir='ltr'>quare</span> <span class='ocrx_word' id='word_1_258' title='bbox 1433 3584 1468 3648; x_wconf 76' lang='lat' dir='ltr'>si</span> 
     </span>
     <span class='ocr_line' id='line_1_32' title="bbox 337 3676 1461 3765; baseline 0 -22"><span class='ocrx_word' id='word_1_259' title='bbox 337 3676 494 3744; x_wconf 72' lang='lat' dir='ltr'>effectum</span> <span class='ocrx_word' id='word_1_260' title='bbox 525 3700 586 3743; x_wconf 90' lang='lat' dir='ltr'>seu</span> <span class='ocrx_word' id='word_1_261' title='bbox 608 3692 772 3745; x_wconf 88' lang='lat' dir='ltr'>eventum</span> <span class='ocrx_word' id='word_1_262' title='bbox 796 3703 841 3746; x_wconf 89' lang='lat' dir='ltr'>ex</span> <span class='ocrx_word' id='word_1_263' title='bbox 866 3681 990 3745; x_wconf 91' lang='lat' dir='ltr'>Divina</span> <span class='ocrx_word' id='word_1_264' title='bbox 1009 3677 1242 3765; x_wconf 66' lang='lat' dir='ltr'>praedictione</span> <span class='ocrx_word' id='word_1_265' title='bbox 1265 3681 1378 3755; x_wconf 90' lang='lat' dir='ltr'>sciret,</span> <span class='ocrx_word' id='word_1_266' title='bbox 1403 3702 1461 3744; x_wconf 90' lang='lat' dir='ltr'>ac·</span> 
     </span>
     <span class='ocr_line' id='line_1_33' title="bbox 336 3779 1462 3862; baseline 0.001 -21"><span class='ocrx_word' id='word_1_267' title='bbox 336 3779 528 3862; x_wconf 90' lang='lat' dir='ltr'>quiesceret</span> <span class='ocrx_word' id='word_1_268' title='bbox 553 3779 653 3854; x_wconf 84' lang='lat' dir='ltr'>ratio,</span> <span class='ocrx_word' id='word_1_269' title='bbox 678 3789 814 3844; x_wconf 92' lang='lat' dir='ltr'>etcum</span> <span class='ocrx_word' id='word_1_270' title='bbox 838 3780 972 3844; x_wconf 91' lang='lat' dir='ltr'>ratione</span> <span class='ocrx_word' id='word_1_271' title='bbox 999 3801 1116 3857; x_wconf 93' lang='lat' dir='ltr'>amor;</span> <span class='ocrx_word' id='word_1_272' title='bbox 1151 3799 1247 3843; x_wconf 91' lang='lat' dir='ltr'>amor</span> <span class='ocrx_word' id='word_1_273' title='bbox 1269 3779 1361 3842; x_wconf 91' lang='lat' dir='ltr'>enim</span> <span class='ocrx_word' id='word_1_274' title='bbox 1384 3799 1462 3842; x_wconf 92' lang='lat' dir='ltr'>cum</span> 
     </span>
     <span class='ocr_line' id='line_1_34' title="bbox 336 3874 1461 3957; baseline 0 -19"><span class='ocrx_word' id='word_1_275' title='bbox 336 3875 469 3939; x_wconf 92' lang='lat' dir='ltr'>ratione</span> <span class='ocrx_word' id='word_1_276' title='bbox 493 3875 619 3940; x_wconf 92' lang='lat' dir='ltr'>desinit</span> <span class='ocrx_word' id='word_1_277' title='bbox 651 3876 683 3940; x_wconf 92' lang='lat' dir='ltr'>in</span> <span class='ocrx_word' id='word_1_278' title='bbox 715 3874 846 3951; x_wconf 74' lang='lat' dir='ltr'>effectu,</span> <span class='ocrx_word' id='word_1_279' title='bbox 872 3886 907 3940; x_wconf 89' lang='lat' dir='ltr'>et</span> <span class='ocrx_word' id='word_1_280' title='bbox 935 3897 980 3940; x_wconf 87' lang='lat' dir='ltr'>ex</span> <span class='ocrx_word' id='word_1_281' title='bbox 1008 3874 1069 3940; x_wconf 91' lang='lat' dir='ltr'>illo</span> <span class='ocrx_word' id='word_1_282' title='bbox 1092 3885 1173 3940; x_wconf 92' lang='lat' dir='ltr'>tunc</span> <span class='ocrx_word' id='word_1_283' title='bbox 1197 3875 1318 3957; x_wconf 93' lang='lat' dir='ltr'>incipit</span> <span class='ocrx_word' id='word_1_284' title='bbox 1341 3895 1461 3938; x_wconf 91' lang='lat' dir='ltr'>novus.</span> 
     </span>
     <span class='ocr_line' id='line_1_35' title="bbox 336 3972 1467 4057; baseline -0.001 -21"><span class='ocrx_word' id='word_1_285' title='bbox 336 3973 453 4054; x_wconf 90' lang='lat' dir='ltr'>Ipsum</span> <span class='ocrx_word' id='word_1_286' title='bbox 473 3972 660 4054; x_wconf 89' lang='lat' dir='ltr'>jucundum</span> <span class='ocrx_word' id='word_1_287' title='bbox 684 3975 824 4037; x_wconf 86' lang='lat' dir='ltr'>rationis</span> <span class='ocrx_word' id='word_1_288' title='bbox 849 3984 914 4047; x_wconf 89' lang='lat' dir='ltr'>est,</span> <span class='ocrx_word' id='word_1_289' title='bbox 939 3973 1031 4057; x_wconf 93' lang='lat' dir='ltr'>quod</span> <span class='ocrx_word' id='word_1_290' title='bbox 1059 3993 1104 4036; x_wconf 88' lang='lat' dir='ltr'>ex</span> <span class='ocrx_word' id='word_1_291' title='bbox 1131 3991 1248 4036; x_wconf 92' lang='lat' dir='ltr'>amore</span> <span class='ocrx_word' id='word_1_292' title='bbox 1271 3974 1305 4035; x_wconf 96' lang='lat' dir='ltr'>in</span> <span class='ocrx_word' id='word_1_293' title='bbox 1329 3973 1467 4055; x_wconf 84' lang='lat' dir='ltr'>cogita·</span> 
     </span>
     <span class='ocr_line' id='line_1_36' title="bbox 336 4068 1466 4144; baseline 0 -12"><span class='ocrx_word' id='word_1_294' title='bbox 336 4071 431 4133; x_wconf 91' lang='lat' dir='ltr'>tione</span> <span class='ocrx_word' id='word_1_295' title='bbox 456 4070 573 4133; x_wconf 90' lang='lat' dir='ltr'>videat</span> <span class='ocrx_word' id='word_1_296' title='bbox 598 4068 767 4144; x_wconf 71' lang='lat' dir='ltr'>effectum,</span> <span class='ocrx_word' id='word_1_297' title='bbox 789 4091 857 4133; x_wconf 90' lang='lat' dir='ltr'>non</span> <span class='ocrx_word' id='word_1_298' title='bbox 882 4073 914 4134; x_wconf 91' lang='lat' dir='ltr'>in</span> <span class='ocrx_word' id='word_1_299' title='bbox 939 4092 991 4144; x_wconf 89' lang='lat' dir='ltr'>eo,</span> <span class='ocrx_word' id='word_1_300' title='bbox 1013 4070 1073 4133; x_wconf 90' lang='lat' dir='ltr'>sed</span> <span class='ocrx_word' id='word_1_301' title='bbox 1097 4078 1179 4132; x_wconf 92' lang='lat' dir='ltr'>ante</span> <span class='ocrx_word' id='word_1_302' title='bbox 1202 4088 1292 4144; x_wconf 87' lang='lat' dir='ltr'>eum,</span> <span class='ocrx_word' id='word_1_303' title='bbox 1312 4089 1373 4133; x_wconf 92' lang='lat' dir='ltr'>seu</span> <span class='ocrx_word' id='word_1_304' title='bbox 1392 4088 1466 4133; x_wconf 85' lang='lat' dir='ltr'>non</span> 
     </span>
     <span class='ocr_line' id='line_1_37' title="bbox 334 4165 1466 4251; baseline -0.001 -20"><span class='ocrx_word' id='word_1_305' title='bbox 334 4167 369 4231; x_wconf 92' lang='lat' dir='ltr'>in</span> <span class='ocrx_word' id='word_1_306' title='bbox 400 4167 586 4251; x_wconf 90' lang='lat' dir='ltr'>praesenti,</span> <span class='ocrx_word' id='word_1_307' title='bbox 617 4168 677 4231; x_wconf 91' lang='lat' dir='ltr'>sed</span> <span class='ocrx_word' id='word_1_308' title='bbox 710 4169 742 4231; x_wconf 93' lang='lat' dir='ltr'>in</span> <span class='ocrx_word' id='word_1_309' title='bbox 773 4167 895 4231; x_wconf 84' lang='lat' dir='ltr'>futuro.</span> <span class='ocrx_word' id='word_1_310' title='bbox 948 4167 1033 4232; x_wconf 91' lang='lat' dir='ltr'>Inde</span> <span class='ocrx_word' id='word_1_311' title='bbox 1063 4175 1117 4230; x_wconf 92' lang='lat' dir='ltr'>est</span> <span class='ocrx_word' id='word_1_312' title='bbox 1147 4165 1278 4230; x_wconf 92' lang='lat' dir='ltr'>homini</span> <span class='ocrx_word' id='word_1_313' title='bbox 1307 4165 1341 4229; x_wconf 95' lang='lat' dir='ltr'>id</span> <span class='ocrx_word' id='word_1_314' title='bbox 1369 4167 1466 4248; x_wconf 82' lang='lat' dir='ltr'>quod</span> 
     </span>
     <span class='ocr_line' id='line_1_38' title="bbox 335 4261 1466 4346; baseline -0.002 -20"><span class='ocrx_word' id='word_1_315' title='bbox 335 4273 480 4326; x_wconf 89' lang='lat' dir='ltr'>vocatur</span> <span class='ocrx_word' id='word_1_316' title='bbox 502 4261 599 4345; x_wconf 84' lang='lat' dir='ltr'>Spes,</span> <span class='ocrx_word' id='word_1_317' title='bbox 621 4285 706 4346; x_wconf 89' lang='lat' dir='ltr'>quae</span> <span class='ocrx_word' id='word_1_318' title='bbox 730 4264 762 4326; x_wconf 91' lang='lat' dir='ltr'>in</span> <span class='ocrx_word' id='word_1_319' title='bbox 788 4265 919 4327; x_wconf 87' lang='lat' dir='ltr'>ratione</span> <span class='ocrx_word' id='word_1_320' title='bbox 944 4263 1066 4326; x_wconf 88' lang='lat' dir='ltr'>crescit</span> <span class='ocrx_word' id='word_1_321' title='bbox 1097 4271 1133 4325; x_wconf 94' lang='lat' dir='ltr'>et</span> <span class='ocrx_word' id='word_1_322' title='bbox 1164 4262 1346 4336; x_wconf 92' lang='lat' dir='ltr'>decrescit,</span> <span class='ocrx_word' id='word_1_323' title='bbox 1371 4262 1466 4325; x_wconf 87' lang='lat' dir='ltr'>sicut</span> 
     </span>
     <span class='ocr_line' id='line_1_39' title="bbox 334 4355 1469 4442; baseline -0.002 -20"><span class='ocrx_word' id='word_1_324' title='bbox 334 4360 430 4423; x_wconf 89' lang='lat' dir='ltr'>videt</span> <span class='ocrx_word' id='word_1_325' title='bbox 452 4369 511 4423; x_wconf 92' lang='lat' dir='ltr'>aut</span> <span class='ocrx_word' id='word_1_326' title='bbox 535 4356 718 4442; x_wconf 65' lang='lat' dir='ltr'>exspectat</span> <span class='ocrx_word' id='word_1_327' title='bbox 741 4369 913 4423; x_wconf 87' lang='lat' dir='ltr'>eventum.</span> <span class='ocrx_word' id='word_1_328' title='bbox 962 4358 1037 4423; x_wconf 92' lang='lat' dir='ltr'>Hoc</span> <span class='ocrx_word' id='word_1_329' title='bbox 1057 4357 1244 4441; x_wconf 87' lang='lat' dir='ltr'>jucundum</span> <span class='ocrx_word' id='word_1_330' title='bbox 1267 4355 1469 4439; x_wconf 82' lang='lat' dir='ltr'>completur</span> 
     </span>
     <span class='ocr_line' id='line_1_40' title="bbox 334 4454 1467 4536; baseline -0.004 -16"><span class='ocrx_word' id='word_1_331' title='bbox 334 4458 368 4520; x_wconf 91' lang='lat' dir='ltr'>in</span> <span class='ocrx_word' id='word_1_332' title='bbox 393 4464 529 4528; x_wconf 91' lang='lat' dir='ltr'>eventu,</span> <span class='ocrx_word' id='word_1_333' title='bbox 554 4456 615 4520; x_wconf 90' lang='lat' dir='ltr'>sed</span> <span class='ocrx_word' id='word_1_334' title='bbox 643 4455 721 4519; x_wconf 91' lang='lat' dir='ltr'>dein</span> <span class='ocrx_word' id='word_1_335' title='bbox 748 4456 971 4520; x_wconf 88' lang='lat' dir='ltr'>oblitteratur</span> <span class='ocrx_word' id='word_1_336' title='bbox 998 4475 1074 4518; x_wconf 90' lang='lat' dir='ltr'>cum</span> <span class='ocrx_word' id='word_1_337' title='bbox 1103 4454 1317 4536; x_wconf 91' lang='lat' dir='ltr'>cogitatione</span> <span class='ocrx_word' id='word_1_338' title='bbox 1341 4454 1385 4516; x_wconf 90' lang='lat' dir='ltr'>de</span> <span class='ocrx_word' id='word_1_339' title='bbox 1408 4475 1467 4516; x_wconf 74' lang='lat' dir='ltr'>eo.</span> 
     </span>
     <span class='ocr_line' id='line_1_41' title="bbox 336 4547 1468 4634; baseline -0.004 -18"><span class='ocrx_word' id='word_1_340' title='bbox 336 4557 394 4616; x_wconf 74' lang='grc'><strong>[2.]</strong></span> <span class='ocrx_word' id='word_1_341' title='bbox 425 4547 591 4615; x_wconf 90' lang='lat' dir='ltr'>Similiter</span> <span class='ocrx_word' id='word_1_342' title='bbox 608 4551 697 4615; x_wconf 82' lang='lat' dir='ltr'>soret</span> <span class='ocrx_word' id='word_1_343' title='bbox 717 4572 793 4615; x_wconf 92' lang='lat' dir='ltr'>cum</span> <span class='ocrx_word' id='word_1_344' title='bbox 813 4562 940 4616; x_wconf 89' lang='lat' dir='ltr'>eventu</span> <span class='ocrx_word' id='word_1_345' title='bbox 960 4551 1142 4634; x_wconf 86' lang='lat' dir='ltr'>praescito.</span> <span class='ocrx_word' id='word_1_346' title='bbox 1189 4548 1290 4612; x_wconf 91' lang='lat' dir='ltr'>Mens</span> <span class='ocrx_word' id='word_1_347' title='bbox 1312 4548 1468 4612; x_wconf 82' lang='lat' dir='ltr'>hominis</span> 
     </span>
     <span class='ocr_line' id='line_1_42' title="bbox 335 4643 1467 4731; baseline -0.001 -22"><span class='ocrx_word' id='word_1_348' title='bbox 335 4646 498 4709; x_wconf 90' lang='lat' dir='ltr'>continue</span> <span class='ocrx_word' id='word_1_349' title='bbox 522 4658 574 4711; x_wconf 91' lang='lat' dir='ltr'>est</span> <span class='ocrx_word' id='word_1_350' title='bbox 599 4647 632 4710; x_wconf 94' lang='lat' dir='ltr'>in</span> <span class='ocrx_word' id='word_1_351' title='bbox 657 4646 765 4710; x_wconf 88' lang='lat' dir='ltr'>tribus</span> <span class='ocrx_word' id='word_1_352' title='bbox 788 4647 851 4725; x_wconf 90' lang='lat' dir='ltr'>his,</span> <span class='ocrx_word' id='word_1_353' title='bbox 872 4668 958 4731; x_wconf 86' lang='lat' dir='ltr'>quae</span> <span class='ocrx_word' id='word_1_354' title='bbox 982 4657 1151 4711; x_wconf 85' lang='lat' dir='ltr'>vocantur</span> <span class='ocrx_word' id='word_1_355' title='bbox 1173 4643 1258 4722; x_wconf 88' lang='lat' dir='ltr'>finis,</span> <span class='ocrx_word' id='word_1_356' title='bbox 1284 4665 1399 4720; x_wconf 89' lang='lat' dir='ltr'>causa,</span> <span class='ocrx_word' id='word_1_357' title='bbox 1423 4653 1467 4708; x_wconf 83' lang='lat' dir='ltr'>et</span> 
     </span>
    </p>
   </div>
   <div class='ocr_carea' id='block_1_4' title="bbox 0 0 1716 5368">
    <p class='ocr_par' dir='ltr' id='par_1_6' title="bbox 0 0 1716 5368">
     <span class='ocr_line' id='line_1_43' title="bbox 0 0 1716 5368; baseline 0 1"><span class='ocrx_word' id='word_1_358' title='bbox 0 0 1716 5368; x_wconf 95' lang='lat' dir='ltr'> </span> 
     </span>
    </p>
   </div>
  </div>
 </body>
</html>
