<?xml version="1.0" encoding="UTF-8"?>
<!DOCTYPE html PUBLIC "-//W3C//DTD XHTML 1.0 Transitional//EN"
    "http://www.w3.org/TR/xhtml1/DTD/xhtml1-transitional.dtd">
<html xmlns="http://www.w3.org/1999/xhtml" xml:lang="en" lang="en">
 <head>
  <title>
</title>
<meta http-equiv="Content-Type" content="text/html;charset=utf-8" />
  <meta name='ocr-system' content='tesseract 3.04.00' />
  <meta name='ocr-capabilities' content='ocr_page ocr_carea ocr_par ocr_line ocrx_word'/>
</head>
<body>
  <div class='ocr_page' id='page_1' title='image "./sapientaangelic01swedgoog_0523.png"; bbox 0 0 3422 5380; ppageno 0'>
   <div class='ocr_carea' id='block_1_1' title="bbox 288 713 1071 786">
    <p class='ocr_par' dir='ltr' id='par_1_1' title="bbox 288 713 1071 786">
     <span class='ocr_line' id='line_1_1' title="bbox 288 713 1071 786; baseline -0.001 -19"><span class='ocrx_word' id='word_1_1' title='bbox 288 718 356 786; x_wconf 85' lang='lat'>274</span> <span class='ocrx_word' id='word_1_2' title='bbox 554 762 556 766; x_wconf 86' lang='lat'>.</span> <span class='ocrx_word' id='word_1_3' title='bbox 648 715 851 765; x_wconf 77' lang='lat' dir='ltr'>SAPIENTIA</span> <span class='ocrx_word' id='word_1_4' title='bbox 875 713 1071 766; x_wconf 80' lang='lat' dir='ltr'>ANGELICA</span> 
     </span>
    </p>
   </div>
   <div class='ocr_carea' id='block_1_2' title="bbox 284 885 1422 3354">
    <p class='ocr_par' dir='ltr' id='par_1_2' title="bbox 284 885 1422 3354">
     <span class='ocr_line' id='line_1_2' title="bbox 287 885 1422 970; baseline 0.005 -21"><span class='ocrx_word' id='word_1_5' title='bbox 287 885 375 968; x_wconf 86' lang='lat' dir='ltr'>ejus,</span> <span class='ocrx_word' id='word_1_6' title='bbox 396 895 432 951; x_wconf 89' lang='lat' dir='ltr'>et</span> <span class='ocrx_word' id='word_1_7' title='bbox 457 885 596 963; x_wconf 90' lang='lat' dir='ltr'>vivunt;</span> <span class='ocrx_word' id='word_1_8' title='bbox 626 894 661 949; x_wconf 92' lang='lat' dir='ltr'>at</span> <span class='ocrx_word' id='word_1_9' title='bbox 686 885 814 967; x_wconf 90' lang='lat' dir='ltr'>absque</span> <span class='ocrx_word' id='word_1_10' title='bbox 837 906 879 947; x_wconf 91' lang='lat' dir='ltr'>eo</span> <span class='ocrx_word' id='word_1_11' title='bbox 904 905 972 947; x_wconf 91' lang='lat' dir='ltr'>non</span> <span class='ocrx_word' id='word_1_12' title='bbox 997 896 1051 949; x_wconf 92' lang='lat' dir='ltr'>est</span> <span class='ocrx_word' id='word_1_13' title='bbox 1076 885 1197 970; x_wconf 91' lang='lat' dir='ltr'>aliquis</span> <span class='ocrx_word' id='word_1_14' title='bbox 1221 887 1362 970; x_wconf 89' lang='lat' dir='ltr'>spiritus</span> <span class='ocrx_word' id='word_1_15' title='bbox 1385 891 1422 955; x_wconf 88' lang='lat' dir='ltr'>in</span> 
     </span>
     <span class='ocr_line' id='line_1_3' title="bbox 287 977 1420 1060; baseline 0.002 -16"><span class='ocrx_word' id='word_1_16' title='bbox 287 981 368 1058; x_wconf 89' lang='lat' dir='ltr'>illis,</span> <span class='ocrx_word' id='word_1_17' title='bbox 393 991 428 1045; x_wconf 93' lang='lat' dir='ltr'>et</span> <span class='ocrx_word' id='word_1_18' title='bbox 453 981 532 1044; x_wconf 90' lang='lat' dir='ltr'>inde</span> <span class='ocrx_word' id='word_1_19' title='bbox 556 1001 625 1043; x_wconf 94' lang='lat' dir='ltr'>non</span> <span class='ocrx_word' id='word_1_20' title='bbox 649 981 780 1042; x_wconf 89' lang='lat' dir='ltr'>vivunt.</span> <span class='ocrx_word' id='word_1_21' title='bbox 828 977 942 1060; x_wconf 81' lang='lat' dir='ltr'>Quare</span> <span class='ocrx_word' id='word_1_22' title='bbox 967 981 1131 1042; x_wconf 84' lang='lat' dir='ltr'>naturalis</span> <span class='ocrx_word' id='word_1_23' title='bbox 1156 981 1271 1056; x_wconf 91' lang='lat' dir='ltr'>homo,</span> <span class='ocrx_word' id='word_1_24' title='bbox 1298 992 1420 1045; x_wconf 88' lang='lat' dir='ltr'>utcun-</span> 
     </span>
     <span class='ocr_line' id='line_1_4' title="bbox 286 1075 1419 1160; baseline 0.003 -22"><span class='ocrx_word' id='word_1_25' title='bbox 286 1097 356 1160; x_wconf 88' lang='lat' dir='ltr'>que</span> <span class='ocrx_word' id='word_1_26' title='bbox 380 1077 528 1140; x_wconf 87' lang='lat' dir='ltr'>civiliter</span> <span class='ocrx_word' id='word_1_27' title='bbox 547 1085 583 1140; x_wconf 88' lang='lat' dir='ltr'>et</span> <span class='ocrx_word' id='word_1_28' title='bbox 608 1076 785 1139; x_wconf 88' lang='lat' dir='ltr'>moraliter</span> <span class='ocrx_word' id='word_1_29' title='bbox 803 1075 888 1156; x_wconf 90' lang='lat' dir='ltr'>agit,</span> <span class='ocrx_word' id='word_1_30' title='bbox 910 1085 1055 1137; x_wconf 87' lang='lat' dir='ltr'>vocatur</span> <span class='ocrx_word' id='word_1_31' title='bbox 1074 1086 1238 1150; x_wconf 88' lang='lat' dir='ltr'>mortuus,</span> <span class='ocrx_word' id='word_1_32' title='bbox 1260 1085 1296 1139; x_wconf 92' lang='lat' dir='ltr'>at</span> <span class='ocrx_word' id='word_1_33' title='bbox 1321 1079 1419 1158; x_wconf 86' lang='lat' dir='ltr'>spiri-</span> 
     </span>
     <span class='ocr_line' id='line_1_5' title="bbox 288 1169 1420 1236; baseline 0.001 -1"><span class='ocrx_word' id='word_1_34' title='bbox 288 1172 395 1235; x_wconf 88' lang='lat' dir='ltr'>tualis</span> <span class='ocrx_word' id='word_1_35' title='bbox 418 1172 524 1236; x_wconf 93' lang='lat' dir='ltr'>homo</span> <span class='ocrx_word' id='word_1_36' title='bbox 547 1172 653 1234; x_wconf 86' lang='lat' dir='ltr'>vivus.</span> <span class='ocrx_word' id='word_1_37' title='bbox 701 1176 758 1236; x_wconf 81' lang='lat' dir='ltr'>[4·l</span> <span class='ocrx_word' id='word_1_38' title='bbox 797 1169 853 1232; x_wconf 85' lang='lat' dir='ltr'>Ex</span> <span class='ocrx_word' id='word_1_39' title='bbox 884 1170 1010 1233; x_wconf 89' lang='lat' dir='ltr'>Divina</span> <span class='ocrx_word' id='word_1_40' title='bbox 1036 1170 1173 1234; x_wconf 87' lang='lat' dir='ltr'>Domini</span> <span class='ocrx_word' id='word_1_41' title='bbox 1198 1171 1420 1236; x_wconf 84' lang='lat' dir='ltr'>Providentia</span> 
     </span>
     <span class='ocr_line' id='line_1_6' title="bbox 287 1265 1417 1350; baseline 0.002 -20"><span class='ocrx_word' id='word_1_42' title='bbox 287 1269 357 1340; x_wconf 78' lang='lat' dir='ltr'>est,</span> <span class='ocrx_word' id='word_1_43' title='bbox 381 1269 474 1350; x_wconf 90' lang='lat' dir='ltr'>quod</span> <span class='ocrx_word' id='word_1_44' title='bbox 504 1269 611 1331; x_wconf 89' lang='lat' dir='ltr'>cuivis</span> <span class='ocrx_word' id='word_1_45' title='bbox 641 1267 740 1349; x_wconf 92' lang='lat' dir='ltr'>genti</span> <span class='ocrx_word' id='word_1_46' title='bbox 771 1268 816 1329; x_wconf 91' lang='lat' dir='ltr'>sit</span> <span class='ocrx_word' id='word_1_47' title='bbox 846 1265 961 1350; x_wconf 89' lang='lat' dir='ltr'>aliqua</span> <span class='ocrx_word' id='word_1_48' title='bbox 990 1266 1122 1348; x_wconf 91' lang='lat' dir='ltr'>religio,</span> <span class='ocrx_word' id='word_1_49' title='bbox 1154 1277 1190 1329; x_wconf 92' lang='lat' dir='ltr'>et</span> <span class='ocrx_word' id='word_1_50' title='bbox 1222 1268 1417 1350; x_wconf 91' lang='lat' dir='ltr'>primarium</span> 
     </span>
     <span class='ocr_line' id='line_1_7' title="bbox 287 1361 1415 1445; baseline 0.002 -21"><span class='ocrx_word' id='word_1_51' title='bbox 287 1365 402 1426; x_wconf 92' lang='lat' dir='ltr'>omnis</span> <span class='ocrx_word' id='word_1_52' title='bbox 422 1363 596 1445; x_wconf 84' lang='lat' dir='ltr'>religionis</span> <span class='ocrx_word' id='word_1_53' title='bbox 619 1372 683 1436; x_wconf 89' lang='lat' dir='ltr'>est,</span> <span class='ocrx_word' id='word_1_54' title='bbox 704 1382 895 1444; x_wconf 83' lang='lat' dir='ltr'>agnoscere</span> <span class='ocrx_word' id='word_1_55' title='bbox 918 1362 1009 1444; x_wconf 92' lang='lat' dir='ltr'>quod</span> <span class='ocrx_word' id='word_1_56' title='bbox 1033 1363 1078 1425; x_wconf 90' lang='lat' dir='ltr'>sit</span> <span class='ocrx_word' id='word_1_57' title='bbox 1103 1361 1207 1436; x_wconf 77' lang='lat' dir='ltr'>DeuS,</span> <span class='ocrx_word' id='word_1_58' title='bbox 1228 1383 1307 1425; x_wconf 90' lang='lat' dir='ltr'>nam</span> <span class='ocrx_word' id='word_1_59' title='bbox 1332 1364 1415 1426; x_wconf 91' lang='lat' dir='ltr'>alio-</span> 
     </span>
     <span class='ocr_line' id='line_1_8' title="bbox 287 1459 1417 1541; baseline 0.002 -21"><span class='ocrx_word' id='word_1_60' title='bbox 287 1461 346 1541; x_wconf 91' lang='lat' dir='ltr'>qui</span> <span class='ocrx_word' id='word_1_61' title='bbox 370 1479 439 1522; x_wconf 92' lang='lat' dir='ltr'>non</span> <span class='ocrx_word' id='word_1_62' title='bbox 463 1470 608 1522; x_wconf 89' lang='lat' dir='ltr'>vocatur</span> <span class='ocrx_word' id='word_1_63' title='bbox 627 1459 767 1540; x_wconf 89' lang='lat' dir='ltr'>religio;</span> <span class='ocrx_word' id='word_1_64' title='bbox 796 1469 831 1521; x_wconf 91' lang='lat' dir='ltr'>et</span> <span class='ocrx_word' id='word_1_65' title='bbox 856 1459 968 1520; x_wconf 93' lang='lat' dir='ltr'>omnis</span> <span class='ocrx_word' id='word_1_66' title='bbox 991 1476 1078 1539; x_wconf 90' lang='lat' dir='ltr'>gens</span> <span class='ocrx_word' id='word_1_67' title='bbox 1102 1479 1189 1540; x_wconf 92' lang='lat' dir='ltr'>quae</span> <span class='ocrx_word' id='word_1_68' title='bbox 1213 1459 1297 1521; x_wconf 90' lang='lat' dir='ltr'>vivit</span> <span class='ocrx_word' id='word_1_69' title='bbox 1321 1479 1417 1522; x_wconf 91' lang='lat' dir='ltr'>suam</span> 
     </span>
     <span class='ocr_line' id='line_1_9' title="bbox 287 1552 1414 1637; baseline 0.001 -21"><span class='ocrx_word' id='word_1_70' title='bbox 287 1555 506 1636; x_wconf 85' lang='lat' dir='ltr'>religionem.</span> <span class='ocrx_word' id='word_1_71' title='bbox 527 1555 592 1618; x_wconf 93' lang='lat' dir='ltr'>hoc</span> <span class='ocrx_word' id='word_1_72' title='bbox 616 1565 680 1626; x_wconf 87' lang='lat' dir='ltr'>est,</span> <span class='ocrx_word' id='word_1_73' title='bbox 701 1574 789 1637; x_wconf 90' lang='lat' dir='ltr'>quae</span> <span class='ocrx_word' id='word_1_74' title='bbox 813 1574 881 1616; x_wconf 93' lang='lat' dir='ltr'>non</span> <span class='ocrx_word' id='word_1_75' title='bbox 906 1552 987 1616; x_wconf 85' lang='lat' dir='ltr'>facit</span> <span class='ocrx_word' id='word_1_76' title='bbox 1008 1553 1134 1616; x_wconf 90' lang='lat' dir='ltr'>malum</span> <span class='ocrx_word' id='word_1_77' title='bbox 1156 1554 1233 1636; x_wconf 91' lang='lat' dir='ltr'>quia</span> <span class='ocrx_word' id='word_1_78' title='bbox 1258 1563 1310 1617; x_wconf 90' lang='lat' dir='ltr'>est</span> <span class='ocrx_word' id='word_1_79' title='bbox 1334 1575 1414 1617; x_wconf 91' lang='lat' dir='ltr'>con·</span> 
     </span>
     <span class='ocr_line' id='line_1_10' title="bbox 287 1649 1416 1732; baseline 0.001 -21"><span class='ocrx_word' id='word_1_80' title='bbox 287 1660 344 1711; x_wconf 87' lang='lat' dir='ltr'>tra</span> <span class='ocrx_word' id='word_1_81' title='bbox 363 1671 459 1714; x_wconf 89' lang='lat' dir='ltr'>suum</span> <span class='ocrx_word' id='word_1_82' title='bbox 482 1651 603 1724; x_wconf 89' lang='lat' dir='ltr'>Deum,</span> <span class='ocrx_word' id='word_1_83' title='bbox 624 1652 749 1731; x_wconf 86' lang='lat' dir='ltr'>recipit</span> <span class='ocrx_word' id='word_1_84' title='bbox 768 1649 908 1732; x_wconf 87' lang='lat' dir='ltr'>aliquod</span> <span class='ocrx_word' id='word_1_85' title='bbox 928 1649 1104 1732; x_wconf 88' lang='lat' dir='ltr'>spirituale</span> <span class='ocrx_word' id='word_1_86' title='bbox 1125 1650 1156 1711; x_wconf 93' lang='lat' dir='ltr'>in</span> <span class='ocrx_word' id='word_1_87' title='bbox 1178 1671 1239 1712; x_wconf 90' lang='lat' dir='ltr'>suo</span> <span class='ocrx_word' id='word_1_88' title='bbox 1259 1651 1416 1714; x_wconf 90' lang='lat' dir='ltr'>naturali.</span> 
     </span>
     <span class='ocr_line' id='line_1_11' title="bbox 288 1743 1416 1829; baseline 0.001 -22"><span class='ocrx_word' id='word_1_89' title='bbox 288 1743 388 1826; x_wconf 68' lang='lat' dir='ltr'>Quiri,</span> <span class='ocrx_word' id='word_1_90' title='bbox 406 1765 483 1810; x_wconf 88' lang='lat' dir='ltr'>cum</span> <span class='ocrx_word' id='word_1_91' title='bbox 503 1746 600 1810; x_wconf 91' lang='lat' dir='ltr'>audit</span> <span class='ocrx_word' id='word_1_92' title='bbox 620 1746 769 1829; x_wconf 84' lang='lat' dir='ltr'>aliquem</span> <span class='ocrx_word' id='word_1_93' title='bbox 787 1743 960 1808; x_wconf 90' lang='lat' dir='ltr'>Gentilem</span> <span class='ocrx_word' id='word_1_94' title='bbox 981 1744 1167 1818; x_wconf 92' lang='lat' dir='ltr'>dicentem,</span> <span class='ocrx_word' id='word_1_95' title='bbox 1186 1746 1276 1827; x_wconf 94' lang='lat' dir='ltr'>quod</span> <span class='ocrx_word' id='word_1_96' title='bbox 1296 1745 1360 1808; x_wconf 88' lang='lat' dir='ltr'>hoc</span> <span class='ocrx_word' id='word_1_97' title='bbox 1381 1757 1416 1808; x_wconf 93' lang='lat' dir='ltr'>et</span> 
     </span>
     <span class='ocr_line' id='line_1_12' title="bbox 287 1840 1416 1925; baseline 0.003 -23"><span class='ocrx_word' id='word_1_98' title='bbox 287 1841 373 1903; x_wconf 92' lang='lat' dir='ltr'>illud</span> <span class='ocrx_word' id='word_1_99' title='bbox 392 1841 518 1904; x_wconf 89' lang='lat' dir='ltr'>malum</span> <span class='ocrx_word' id='word_1_100' title='bbox 540 1860 609 1904; x_wconf 94' lang='lat' dir='ltr'>non</span> <span class='ocrx_word' id='word_1_101' title='bbox 628 1842 712 1906; x_wconf 91' lang='lat' dir='ltr'>velit</span> <span class='ocrx_word' id='word_1_102' title='bbox 728 1840 851 1917; x_wconf 88' lang='lat' dir='ltr'>lacere,</span> <span class='ocrx_word' id='word_1_103' title='bbox 869 1841 948 1925; x_wconf 86' lang='lat' dir='ltr'>quia</span> <span class='ocrx_word' id='word_1_104' title='bbox 966 1851 1020 1903; x_wconf 90' lang='lat' dir='ltr'>est</span> <span class='ocrx_word' id='word_1_105' title='bbox 1040 1849 1163 1903; x_wconf 89' lang='lat' dir='ltr'>contra</span> <span class='ocrx_word' id='word_1_106' title='bbox 1180 1860 1275 1902; x_wconf 91' lang='lat' dir='ltr'>suum</span> <span class='ocrx_word' id='word_1_107' title='bbox 1294 1840 1416 1916; x_wconf 88' lang='lat' dir='ltr'>Deum,</span> 
     </span>
     <span class='ocr_line' id='line_1_13' title="bbox 289 1934 1418 2019; baseline 0.003 -22"><span class='ocrx_word' id='word_1_108' title='bbox 289 1957 360 1998; x_wconf 94' lang='lat' dir='ltr'>non</span> <span class='ocrx_word' id='word_1_109' title='bbox 384 1955 500 2000; x_wconf 89' lang='lat' dir='ltr'>secum</span> <span class='ocrx_word' id='word_1_110' title='bbox 531 1937 628 2011; x_wconf 90' lang='lat' dir='ltr'>dicit,</span> <span class='ocrx_word' id='word_1_111' title='bbox 655 1936 814 2000; x_wconf 87' lang='lat' dir='ltr'>“Annon</span> <span class='ocrx_word' id='word_1_112' title='bbox 845 1935 900 1999; x_wconf 91' lang='lat' dir='ltr'>hic</span> <span class='ocrx_word' id='word_1_113' title='bbox 926 1934 1103 1998; x_wconf 86' lang='lat' dir='ltr'>salvatur?</span> <span class='ocrx_word' id='word_1_114' title='bbox 1149 1935 1307 2019; x_wconf 86' lang='lat' dir='ltr'>Apparet</span> <span class='ocrx_word' id='word_1_115' title='bbox 1330 1939 1418 2001; x_wconf 93' lang='lat' dir='ltr'>sicut</span> 
     </span>
     <span class='ocr_line' id='line_1_14' title="bbox 290 2029 1416 2112; baseline 0.004 -20"><span class='ocrx_word' id='word_1_116' title='bbox 290 2051 360 2092; x_wconf 90' lang='lat' dir='ltr'>nou</span> <span class='ocrx_word' id='word_1_117' title='bbox 379 2033 487 2112; x_wconf 88' lang='lat' dir='ltr'>possit</span> <span class='ocrx_word' id='word_1_118' title='bbox 502 2031 632 2095; x_wconf 88' lang='lat' dir='ltr'>aliter.”</span> <span class='ocrx_word' id='word_1_119' title='bbox 679 2030 755 2094; x_wconf 92' lang='lat' dir='ltr'>Hoc</span> <span class='ocrx_word' id='word_1_120' title='bbox 773 2029 882 2095; x_wconf 75' lang='lat' dir='ltr'>dietat</span> <span class='ocrx_word' id='word_1_121' title='bbox 899 2033 930 2094; x_wconf 85' lang='lat' dir='ltr'>ei</span> <span class='ocrx_word' id='word_1_122' title='bbox 947 2052 1032 2093; x_wconf 90' lang='lat' dir='ltr'>sana</span> <span class='ocrx_word' id='word_1_123' title='bbox 1048 2032 1148 2095; x_wconf 91' lang='lat' dir='ltr'>ratio.</span> <span class='ocrx_word' id='word_1_124' title='bbox 1194 2030 1240 2094; x_wconf 90' lang='lat' dir='ltr'>Et</span> <span class='ocrx_word' id='word_1_125' title='bbox 1257 2033 1416 2108; x_wconf 90' lang='lat' dir='ltr'>vicissim,</span> 
     </span>
     <span class='ocr_line' id='line_1_15' title="bbox 286 2125 1417 2208; baseline 0.002 -20"><span class='ocrx_word' id='word_1_126' title='bbox 286 2127 376 2208; x_wconf 75' lang='lat' dir='ltr'>quiS,</span> <span class='ocrx_word' id='word_1_127' title='bbox 406 2146 484 2190; x_wconf 91' lang='lat' dir='ltr'>cum</span> <span class='ocrx_word' id='word_1_128' title='bbox 514 2128 610 2190; x_wconf 90' lang='lat' dir='ltr'>audit</span> <span class='ocrx_word' id='word_1_129' title='bbox 642 2125 875 2190; x_wconf 88' lang='lat' dir='ltr'>Christianum</span> <span class='ocrx_word' id='word_1_130' title='bbox 906 2127 1093 2198; x_wconf 83' lang='lat' dir='ltr'>dicentem,</span> <span class='ocrx_word' id='word_1_131' title='bbox 1128 2125 1235 2189; x_wconf 89' lang='lat' dir='ltr'>“Hoc</span> <span class='ocrx_word' id='word_1_132' title='bbox 1266 2137 1301 2190; x_wconf 91' lang='lat' dir='ltr'>et</span> <span class='ocrx_word' id='word_1_133' title='bbox 1335 2127 1417 2191; x_wconf 91' lang='lat' dir='ltr'>illud</span> 
     </span>
     <span class='ocr_line' id='line_1_16' title="bbox 287 2221 1420 2305; baseline 0.004 -22"><span class='ocrx_word' id='word_1_134' title='bbox 287 2222 419 2285; x_wconf 89' lang='lat' dir='ltr'>malum</span> <span class='ocrx_word' id='word_1_135' title='bbox 444 2222 541 2285; x_wconf 90' lang='lat' dir='ltr'>nihili</span> <span class='ocrx_word' id='word_1_136' title='bbox 570 2221 682 2300; x_wconf 83' lang='lat' dir='ltr'>facio;</span> <span class='ocrx_word' id='word_1_137' title='bbox 714 2223 794 2305; x_wconf 93' lang='lat' dir='ltr'>quid</span> <span class='ocrx_word' id='word_1_138' title='bbox 825 2221 891 2285; x_wconf 88' lang='lat' dir='ltr'>hoc</span> <span class='ocrx_word' id='word_1_139' title='bbox 923 2223 1013 2304; x_wconf 93' lang='lat' dir='ltr'>quod</span> <span class='ocrx_word' id='word_1_140' title='bbox 1039 2223 1173 2285; x_wconf 91' lang='lat' dir='ltr'>dicatur</span> <span class='ocrx_word' id='word_1_141' title='bbox 1197 2244 1272 2286; x_wconf 86' lang='lat' dir='ltr'>esse</span> <span class='ocrx_word' id='word_1_142' title='bbox 1296 2235 1420 2288; x_wconf 85' lang='lat' dir='ltr'>contra</span> 
     </span>
     <span class='ocr_line' id='line_1_17' title="bbox 291 2315 1418 2402; baseline 0.004 -24"><span class='ocrx_word' id='word_1_143' title='bbox 291 2315 445 2380; x_wconf 87' lang='lat' dir='ltr'>Deum?’&#39;</span> <span class='ocrx_word' id='word_1_144' title='bbox 479 2338 547 2380; x_wconf 92' lang='lat' dir='ltr'>non</span> <span class='ocrx_word' id='word_1_145' title='bbox 578 2336 696 2380; x_wconf 89' lang='lat' dir='ltr'>secum</span> <span class='ocrx_word' id='word_1_146' title='bbox 725 2318 820 2392; x_wconf 91' lang='lat' dir='ltr'>dicit,</span> <span class='ocrx_word' id='word_1_147' title='bbox 842 2316 963 2378; x_wconf 88' lang='lat' dir='ltr'>“Num</span> <span class='ocrx_word' id='word_1_148' title='bbox 988 2315 1041 2380; x_wconf 92' lang='lat' dir='ltr'>hic</span> <span class='ocrx_word' id='word_1_149' title='bbox 1066 2317 1241 2379; x_wconf 88' lang='lat' dir='ltr'>salvatur?</span> <span class='ocrx_word' id='word_1_150' title='bbox 1275 2331 1418 2402; x_wconf 88' lang='lat' dir='ltr'>apparet</span> 
     </span>
     <span class='ocr_line' id='line_1_18' title="bbox 287 2410 1419 2494; baseline 0.004 -21"><span class='ocrx_word' id='word_1_151' title='bbox 287 2413 379 2476; x_wconf 86' lang='lat' dir='ltr'>sicut</span> <span class='ocrx_word' id='word_1_152' title='bbox 404 2432 473 2474; x_wconf 92' lang='lat' dir='ltr'>non</span> <span class='ocrx_word' id='word_1_153' title='bbox 498 2411 638 2494; x_wconf 89' lang='lat' dir='ltr'>possit.”</span> <span class='ocrx_word' id='word_1_154' title='bbox 684 2411 761 2475; x_wconf 94' lang='lat' dir='ltr'>Hoc</span> <span class='ocrx_word' id='word_1_155' title='bbox 786 2413 892 2476; x_wconf 89' lang='lat' dir='ltr'>etiam</span> <span class='ocrx_word' id='word_1_156' title='bbox 912 2433 997 2475; x_wconf 88' lang='lat' dir='ltr'>sana</span> <span class='ocrx_word' id='word_1_157' title='bbox 1020 2413 1108 2474; x_wconf 91' lang='lat' dir='ltr'>ratio</span> <span class='ocrx_word' id='word_1_158' title='bbox 1129 2410 1247 2475; x_wconf 69' lang='lat' dir='ltr'>dictat.</span> <span class='ocrx_word' id='word_1_159' title='bbox 1295 2419 1352 2480; x_wconf 76' lang='lat' dir='ltr'>[tt-l</span> <span class='ocrx_word' id='word_1_160' title='bbox 1383 2413 1419 2478; x_wconf 89' lang='lat' dir='ltr'>Si</span> 
     </span>
     <span class='ocr_line' id='line_1_19' title="bbox 284 2507 1417 2588; baseline 0.004 -20"><span class='ocrx_word' id='word_1_161' title='bbox 284 2508 387 2581; x_wconf 84' lang='lat' dir='ltr'>dicit,</span> <span class='ocrx_word' id='word_1_162' title='bbox 411 2507 523 2572; x_wconf 89' lang='lat' dir='ltr'>“Sum</span> <span class='ocrx_word' id='word_1_163' title='bbox 547 2521 651 2572; x_wconf 91' lang='lat' dir='ltr'>natus</span> <span class='ocrx_word' id='word_1_164' title='bbox 671 2507 900 2580; x_wconf 67' lang='lat' dir='ltr'>Christianus</span> <span class='ocrx_word' id='word_1_165' title='bbox 921 2527 995 2570; x_wconf 92' lang='lat' dir='ltr'>sum</span> <span class='ocrx_word' id='word_1_166' title='bbox 1016 2509 1221 2588; x_wconf 86' lang='lat' dir='ltr'>baptizatus,</span> <span class='ocrx_word' id='word_1_167' title='bbox 1241 2511 1321 2571; x_wconf 93' lang='lat' dir='ltr'>novi</span> <span class='ocrx_word' id='word_1_168' title='bbox 1345 2509 1417 2572; x_wconf 91' lang='lat' dir='ltr'>Do·</span> 
     </span>
     <span class='ocr_line' id='line_1_20' title="bbox 285 2601 1418 2686; baseline 0.004 -23"><span class='ocrx_word' id='word_1_169' title='bbox 285 2603 432 2678; x_wconf 88' lang='lat' dir='ltr'>minum,</span> <span class='ocrx_word' id='word_1_170' title='bbox 464 2603 532 2686; x_wconf 90' lang='lat' dir='ltr'>legi</span> <span class='ocrx_word' id='word_1_171' title='bbox 556 2603 722 2679; x_wconf 87' lang='lat' dir='ltr'>Verbum,</span> <span class='ocrx_word' id='word_1_172' title='bbox 750 2603 841 2667; x_wconf 91' lang='lat' dir='ltr'>obivi</span> <span class='ocrx_word' id='word_1_173' title='bbox 869 2601 1131 2666; x_wconf 88' lang='lat' dir='ltr'>Sacramentum</span> <span class='ocrx_word' id='word_1_174' title='bbox 1157 2601 1312 2679; x_wconf 89' lang='lat' dir='ltr'>Cenae;&#39;&#39;</span> <span class='ocrx_word' id='word_1_175' title='bbox 1339 2625 1418 2668; x_wconf 91' lang='lat' dir='ltr'>num</span> 
     </span>
     <span class='ocr_line' id='line_1_21' title="bbox 286 2695 1420 2782; baseline 0.004 -24"><span class='ocrx_word' id='word_1_176' title='bbox 286 2695 376 2760; x_wconf 74' lang='lat' dir='ltr'>‘haec</span> <span class='ocrx_word' id='word_1_177' title='bbox 400 2709 479 2761; x_wconf 87' lang='lat' dir='ltr'>sunt</span> <span class='ocrx_word' id='word_1_178' title='bbox 503 2699 644 2782; x_wconf 89' lang='lat' dir='ltr'>aliquid,</span> <span class='ocrx_word' id='word_1_179' title='bbox 665 2718 742 2762; x_wconf 90' lang='lat' dir='ltr'>cum</span> <span class='ocrx_word' id='word_1_180' title='bbox 766 2697 950 2762; x_wconf 90' lang='lat' dir='ltr'>homicidia</span> <span class='ocrx_word' id='word_1_181' title='bbox 973 2707 1033 2760; x_wconf 92' lang='lat' dir='ltr'>aut</span> <span class='ocrx_word' id='word_1_182' title='bbox 1056 2695 1225 2761; x_wconf 66' lang='lat' dir='ltr'>vindicias</span> <span class='ocrx_word' id='word_1_183' title='bbox 1251 2720 1337 2782; x_wconf 93' lang='lat' dir='ltr'>quae</span> <span class='ocrx_word' id='word_1_184' title='bbox 1360 2700 1420 2762; x_wconf 91' lang='lat' dir='ltr'>illa</span> 
     </span>
     <span class='ocr_line' id='line_1_22' title="bbox 285 2792 1418 2872; baseline 0.004 -19"><span class='ocrx_word' id='word_1_185' title='bbox 285 2793 408 2872; x_wconf 80' lang='lat' dir='ltr'>spirat,</span> <span class='ocrx_word' id='word_1_186' title='bbox 433 2792 613 2869; x_wconf 86' lang='lat' dir='ltr'>adulteria,</span> <span class='ocrx_word' id='word_1_187' title='bbox 637 2793 727 2858; x_wconf 89' lang='lat' dir='ltr'>furta</span> <span class='ocrx_word' id='word_1_188' title='bbox 753 2794 982 2866; x_wconf 88' lang='lat' dir='ltr'>clandestina,</span> <span class='ocrx_word' id='word_1_189' title='bbox 1010 2792 1097 2856; x_wconf 87' lang='lat' dir='ltr'>salsa</span> <span class='ocrx_word' id='word_1_190' title='bbox 1127 2795 1329 2858; x_wconf 91' lang='lat' dir='ltr'>testimonia</span> <span class='ocrx_word' id='word_1_191' title='bbox 1358 2806 1418 2858; x_wconf 90' lang='lat' dir='ltr'>aut</span> 
     </span>
     <span class='ocr_line' id='line_1_23' title="bbox 289 2888 1419 2971; baseline 0.004 -23"><span class='ocrx_word' id='word_1_192' title='bbox 289 2889 484 2956; x_wconf 86' lang='lat' dir='ltr'>mendacia.</span> <span class='ocrx_word' id='word_1_193' title='bbox 505 2899 542 2954; x_wconf 92' lang='lat' dir='ltr'>et</span> <span class='ocrx_word' id='word_1_194' title='bbox 565 2890 677 2953; x_wconf 87' lang='lat' dir='ltr'>varias</span> <span class='ocrx_word' id='word_1_195' title='bbox 695 2888 891 2964; x_wconf 88' lang='lat' dir='ltr'>violentias,</span> <span class='ocrx_word' id='word_1_196' title='bbox 912 2908 982 2952; x_wconf 92' lang='lat' dir='ltr'>non</span> <span class='ocrx_word' id='word_1_197' title='bbox 1005 2888 1089 2952; x_wconf 81' lang='lat' dir='ltr'>iacit</span> <span class='ocrx_word' id='word_1_198' title='bbox 1114 2891 1282 2971; x_wconf 86' lang='lat' dir='ltr'>peccata?</span> <span class='ocrx_word' id='word_1_199' title='bbox 1327 2889 1419 2953; x_wconf 90' lang='lat' dir='ltr'>Num</span> 
     </span>
     <span class='ocr_line' id='line_1_24' title="bbox 284 2983 1418 3068; baseline 0.005 -24"><span class='ocrx_word' id='word_1_200' title='bbox 284 2983 373 3046; x_wconf 80' lang='lat' dir='ltr'>talis</span> <span class='ocrx_word' id='word_1_201' title='bbox 393 2987 527 3067; x_wconf 88' lang='lat' dir='ltr'>cogitat</span> <span class='ocrx_word' id='word_1_202' title='bbox 551 2986 593 3049; x_wconf 92' lang='lat' dir='ltr'>de</span> <span class='ocrx_word' id='word_1_203' title='bbox 618 2985 705 3061; x_wconf 90' lang='lat' dir='ltr'>Deo,</span> <span class='ocrx_word' id='word_1_204' title='bbox 725 2995 785 3050; x_wconf 89' lang='lat' dir='ltr'>aut</span> <span class='ocrx_word' id='word_1_205' title='bbox 808 2986 853 3050; x_wconf 91' lang='lat' dir='ltr'>de</span> <span class='ocrx_word' id='word_1_206' title='bbox 882 2984 997 3068; x_wconf 92' lang='lat' dir='ltr'>aliqua</span> <span class='ocrx_word' id='word_1_207' title='bbox 1015 2987 1088 3050; x_wconf 91' lang='lat' dir='ltr'>vita</span> <span class='ocrx_word' id='word_1_208' title='bbox 1116 2985 1283 3049; x_wconf 84' lang='lat' dir='ltr'>aeterna?</span> <span class='ocrx_word' id='word_1_209' title='bbox 1328 2985 1418 3050; x_wconf 94' lang='lat' dir='ltr'>Num</span> 
     </span>
     <span class='ocr_line' id='line_1_25' title="bbox 290 3078 1419 3164; baseline 0.005 -24"><span class='ocrx_word' id='word_1_210' title='bbox 290 3081 427 3162; x_wconf 83' lang='lat' dir='ltr'>cogitat</span> <span class='ocrx_word' id='word_1_211' title='bbox 444 3081 536 3163; x_wconf 93' lang='lat' dir='ltr'>quod</span> <span class='ocrx_word' id='word_1_212' title='bbox 554 3081 649 3145; x_wconf 83' lang='lat' dir='ltr'>sint?</span> <span class='ocrx_word' id='word_1_213' title='bbox 696 3078 861 3145; x_wconf 73' lang='lat' dir='ltr'>Dictatne</span> <span class='ocrx_word' id='word_1_214' title='bbox 877 3102 961 3145; x_wconf 87' lang='lat' dir='ltr'>sana</span> <span class='ocrx_word' id='word_1_215' title='bbox 978 3083 1079 3156; x_wconf 88' lang='lat' dir='ltr'>ratio,</span> <span class='ocrx_word' id='word_1_216' title='bbox 1091 3083 1183 3164; x_wconf 94' lang='lat' dir='ltr'>quod</span> <span class='ocrx_word' id='word_1_217' title='bbox 1200 3081 1282 3146; x_wconf 90' lang='lat' dir='ltr'>talis</span> <span class='ocrx_word' id='word_1_218' title='bbox 1295 3081 1419 3146; x_wconf 89' lang='lat' dir='ltr'>salvari</span> 
     </span>
     <span class='ocr_line' id='line_1_26' title="bbox 286 3175 1419 3260; baseline 0.005 -26"><span class='ocrx_word' id='word_1_219' title='bbox 286 3196 359 3238; x_wconf 77' lang='lat' dir='ltr'>,non</span> <span class='ocrx_word' id='word_1_220' title='bbox 380 3177 511 3258; x_wconf 88' lang='lat' dir='ltr'>possit?</span> <span class='ocrx_word' id='word_1_221' title='bbox 557 3177 653 3241; x_wconf 88' lang='lat' dir='ltr'>Haec</span> <span class='ocrx_word' id='word_1_222' title='bbox 671 3176 714 3240; x_wconf 92' lang='lat' dir='ltr'>de</span> <span class='ocrx_word' id='word_1_223' title='bbox 730 3175 927 3241; x_wconf 89' lang='lat' dir='ltr'>Christiano</span> <span class='ocrx_word' id='word_1_224' title='bbox 940 3175 1032 3242; x_wconf 57' lang='lat' dir='ltr'>dicia</span> <span class='ocrx_word' id='word_1_225' title='bbox 1050 3187 1153 3254; x_wconf 90' lang='lat' dir='ltr'>sunt;</span> <span class='ocrx_word' id='word_1_226' title='bbox 1177 3179 1255 3260; x_wconf 92' lang='lat' dir='ltr'>quia</span> <span class='ocrx_word' id='word_1_227' title='bbox 1271 3176 1419 3242; x_wconf 89' lang='lat' dir='ltr'>Gentilis</span> 
     </span>
     <span class='ocr_line' id='line_1_27' title="bbox 285 3270 1419 3354; baseline 0.004 -22"><span class='ocrx_word' id='word_1_228' title='bbox 285 3270 368 3352; x_wconf 83' lang='lat' dir='ltr'>plus</span> <span class='ocrx_word' id='word_1_229' title='bbox 392 3291 493 3354; x_wconf 90' lang='lat' dir='ltr'>quam</span> <span class='ocrx_word' id='word_1_230' title='bbox 513 3271 730 3336; x_wconf 88' lang='lat' dir='ltr'>Christianus</span> <span class='ocrx_word' id='word_1_231' title='bbox 753 3294 797 3335; x_wconf 88' lang='lat' dir='ltr'>ex</span> <span class='ocrx_word' id='word_1_232' title='bbox 822 3272 989 3354; x_wconf 85' lang='lat' dir='ltr'>religione</span> <span class='ocrx_word' id='word_1_233' title='bbox 1018 3275 1052 3335; x_wconf 91' lang='lat' dir='ltr'>in</span> <span class='ocrx_word' id='word_1_234' title='bbox 1083 3273 1155 3335; x_wconf 90' lang='lat' dir='ltr'>vita</span> <span class='ocrx_word' id='word_1_235' title='bbox 1179 3293 1240 3337; x_wconf 91' lang='lat' dir='ltr'>sua</span> <span class='ocrx_word' id='word_1_236' title='bbox 1269 3274 1313 3336; x_wconf 89' lang='lat' dir='ltr'>de</span> <span class='ocrx_word' id='word_1_237' title='bbox 1343 3273 1419 3336; x_wconf 90' lang='lat' dir='ltr'>Deo</span> 
     </span>
    </p>
   </div>
   <div class='ocr_carea' id='block_1_3' title="bbox 288 3365 1417 3524">
    <p class='ocr_par' dir='ltr' id='par_1_3' title="bbox 288 3365 1417 3524">
     <span class='ocr_line' id='line_1_28' title="bbox 288 3365 1417 3451; baseline 0.004 -24"><span class='ocrx_word' id='word_1_238' title='bbox 288 3368 438 3446; x_wconf 83' lang='lat' dir='ltr'>cogitat.</span> <span class='ocrx_word' id='word_1_239' title='bbox 485 3365 554 3430; x_wconf 91' lang='lat' dir='ltr'>Sed</span> <span class='ocrx_word' id='word_1_240' title='bbox 571 3367 614 3431; x_wconf 92' lang='lat' dir='ltr'>de</span> <span class='ocrx_word' id='word_1_241' title='bbox 633 3367 686 3430; x_wconf 92' lang='lat' dir='ltr'>his</span> <span class='ocrx_word' id='word_1_242' title='bbox 704 3366 800 3449; x_wconf 91' lang='lat' dir='ltr'>plura</span> <span class='ocrx_word' id='word_1_243' title='bbox 819 3368 853 3430; x_wconf 93' lang='lat' dir='ltr'>in</span> <span class='ocrx_word' id='word_1_244' title='bbox 870 3368 1095 3451; x_wconf 91' lang='lat' dir='ltr'>sequentibus</span> <span class='ocrx_word' id='word_1_245' title='bbox 1111 3369 1281 3442; x_wconf 89' lang='lat' dir='ltr'>dicentur,</span> <span class='ocrx_word' id='word_1_246' title='bbox 1298 3369 1331 3431; x_wconf 93' lang='lat' dir='ltr'>in</span> <span class='ocrx_word' id='word_1_247' title='bbox 1352 3368 1417 3432; x_wconf 93' lang='lat' dir='ltr'>hoc</span> 
     </span>
     <span class='ocr_line' id='line_1_29' title="bbox 292 3461 425 3524; baseline -0.008 -1"><span class='ocrx_word' id='word_1_248' title='bbox 292 3461 425 3524; x_wconf 91' lang='lat' dir='ltr'>ordine.</span> 
     </span>
    </p>
   </div>
   <div class='ocr_carea' id='block_1_4' title="bbox 450 3595 1424 4094">
    <p class='ocr_par' dir='ltr' id='par_1_4' title="bbox 450 3595 1424 4094">
     <span class='ocr_line' id='line_1_30' title="bbox 472 3595 1369 3668; baseline 0.004 -20"><span class='ocrx_word' id='word_1_249' title='bbox 472 3597 514 3662; x_wconf 86' lang='lat' dir='ltr'>(i.)</span> <span class='ocrx_word' id='word_1_250' title='bbox 542 3597 629 3667; x_wconf 83' lang='lat' dir='ltr'>Quod</span> <span class='ocrx_word' id='word_1_251' title='bbox 632 3598 708 3666; x_wconf 83' lang='lat' dir='ltr'>finis</span> <span class='ocrx_word' id='word_1_252' title='bbox 722 3599 880 3651; x_wconf 79' lang='lat' dir='ltr'>creationis</span> <span class='ocrx_word' id='word_1_253' title='bbox 890 3599 932 3652; x_wconf 85' lang='lat' dir='ltr'>sit</span> <span class='ocrx_word' id='word_1_254' title='bbox 945 3597 1056 3651; x_wconf 82' lang='lat' dir='ltr'>caelum</span> <span class='ocrx_word' id='word_1_255' title='bbox 1068 3614 1105 3651; x_wconf 81' lang='lat' dir='ltr'>ex</span> <span class='ocrx_word' id='word_1_256' title='bbox 1117 3595 1246 3651; x_wconf 78' lang='lat' dir='ltr'>humano</span> <span class='ocrx_word' id='word_1_257' title='bbox 1252 3613 1369 3668; x_wconf 82' lang='lat' dir='ltr'>genere.</span> 
     </span>
     <span class='ocr_line' id='line_1_31' title="bbox 463 3666 1419 3740; baseline 0.004 -21"><span class='ocrx_word' id='word_1_258' title='bbox 463 3666 517 3734; x_wconf 87' lang='lat' dir='ltr'>(ii.)</span> <span class='ocrx_word' id='word_1_259' title='bbox 544 3669 631 3738; x_wconf 82' lang='lat' dir='ltr'>Quod</span> <span class='ocrx_word' id='word_1_260' title='bbox 642 3669 710 3722; x_wconf 84' lang='lat' dir='ltr'>inde</span> <span class='ocrx_word' id='word_1_261' title='bbox 721 3685 758 3722; x_wconf 80' lang='lat' dir='ltr'>ex</span> <span class='ocrx_word' id='word_1_262' title='bbox 771 3669 886 3722; x_wconf 77' lang='lat' dir='ltr'>Dr&#39;zrina</span> <span class='ocrx_word' id='word_1_263' title='bbox 903 3669 1095 3722; x_wconf 66' lang='lat' dir='ltr'>Providenteir</span> <span class='ocrx_word' id='word_1_264' title='bbox 1111 3671 1158 3728; x_wconf 84' lang='lat' dir='ltr'>sit,</span> <span class='ocrx_word' id='word_1_265' title='bbox 1175 3668 1253 3738; x_wconf 86' lang='lat' dir='ltr'>quod</span> <span class='ocrx_word' id='word_1_266' title='bbox 1265 3671 1419 3740; x_wconf 56' lang='lat' dir='ltr'>unusque&amp;-</span> 
     </span>
     <span class='ocr_line' id='line_1_32' title="bbox 612 3739 1424 3811; baseline 0.001 -18"><span class='ocrx_word' id='word_1_267' title='bbox 612 3757 667 3809; x_wconf 85' lang='lat' dir='ltr'>que</span> <span class='ocrx_word' id='word_1_268' title='bbox 684 3740 767 3793; x_wconf 81' lang='lat' dir='ltr'>hemo</span> <span class='ocrx_word' id='word_1_269' title='bbox 784 3743 878 3809; x_wconf 78' lang='lat' dir='ltr'>possit</span> <span class='ocrx_word' id='word_1_270' title='bbox 899 3739 1025 3801; x_wconf 78' lang='lat' dir='ltr'>salvari,</span> <span class='ocrx_word' id='word_1_271' title='bbox 1042 3745 1071 3792; x_wconf 85' lang='lat' dir='ltr'>et</span> <span class='ocrx_word' id='word_1_272' title='bbox 1091 3739 1170 3808; x_wconf 83' lang='lat' dir='ltr'>quod</span> <span class='ocrx_word' id='word_1_273' title='bbox 1188 3739 1342 3794; x_wconf 84' lang='lat' dir='ltr'>salventur</span> <span class='ocrx_word' id='word_1_274' title='bbox 1366 3741 1424 3811; x_wconf 83' lang='lat' dir='ltr'>qui</span> 
     </span>
     <span class='ocr_line' id='line_1_33' title="bbox 613 3812 1123 3881; baseline -0.002 -16"><span class='ocrx_word' id='word_1_275' title='bbox 613 3813 708 3866; x_wconf 86' lang='lat' dir='ltr'>Deum</span> <span class='ocrx_word' id='word_1_276' title='bbox 721 3816 881 3881; x_wconf 79' lang='lat' dir='ltr'>agnoscunt</span> <span class='ocrx_word' id='word_1_277' title='bbox 891 3817 920 3864; x_wconf 84' lang='lat' dir='ltr'>ei</span> <span class='ocrx_word' id='word_1_278' title='bbox 931 3812 997 3864; x_wconf 85' lang='lat' dir='ltr'>bene</span> <span class='ocrx_word' id='word_1_279' title='bbox 1010 3813 1123 3864; x_wconf 79' lang='lat' dir='ltr'>vr&#39;rruni.</span> 
     </span>
     <span class='ocr_line' id='line_1_34' title="bbox 450 3880 1257 3952; baseline 0.002 -18"><span class='ocrx_word' id='word_1_280' title='bbox 450 3880 516 3950; x_wconf 89' lang='lat' dir='ltr'>(iii.)</span> <span class='ocrx_word' id='word_1_281' title='bbox 543 3882 628 3951; x_wconf 82' lang='lat' dir='ltr'>Quod</span> <span class='ocrx_word' id='word_1_282' title='bbox 640 3885 702 3952; x_wconf 73' lang='lat' dir='ltr'>ipse</span> <span class='ocrx_word' id='word_1_283' title='bbox 710 3882 792 3934; x_wconf 78' lang='lat' dir='ltr'>home</span> <span class='ocrx_word' id='word_1_284' title='bbox 802 3884 835 3934; x_wconf 89' lang='lat' dir='ltr'>in</span> <span class='ocrx_word' id='word_1_285' title='bbox 846 3881 933 3952; x_wconf 77' lang='lat' dir='ltr'>culpa</span> <span class='ocrx_word' id='word_1_286' title='bbox 945 3884 994 3943; x_wconf 84' lang='lat' dir='ltr'>sit,</span> <span class='ocrx_word' id='word_1_287' title='bbox 1003 3885 1033 3935; x_wconf 90' lang='lat' dir='ltr'>si</span> <span class='ocrx_word' id='word_1_288' title='bbox 1043 3897 1099 3935; x_wconf 84' lang='lat' dir='ltr'>nore</span> <span class='ocrx_word' id='word_1_289' title='bbox 1110 3881 1257 3936; x_wconf 82' lang='lat' dir='ltr'>salvatur.</span> 
     </span>
     <span class='ocr_line' id='line_1_35' title="bbox 452 3952 1422 4023; baseline 0.001 -17"><span class='ocrx_word' id='word_1_290' title='bbox 452 3952 517 4022; x_wconf 89' lang='lat' dir='ltr'>(iv.)</span> <span class='ocrx_word' id='word_1_291' title='bbox 545 3953 631 4023; x_wconf 82' lang='lat' dir='ltr'>Quod</span> <span class='ocrx_word' id='word_1_292' title='bbox 641 3956 683 4006; x_wconf 89' lang='lat' dir='ltr'>sic</span> <span class='ocrx_word' id='word_1_293' title='bbox 694 3969 790 4006; x_wconf 84' lang='lat' dir='ltr'>omnes</span> <span class='ocrx_word' id='word_1_294' title='bbox 795 3953 1016 4022; x_wconf 63' lang='lat' dir='ltr'>praedestinati</span> <span class='ocrx_word' id='word_1_295' title='bbox 1026 3955 1086 4006; x_wconf 82' lang='lat' dir='ltr'>sint</span> <span class='ocrx_word' id='word_1_296' title='bbox 1098 3953 1142 4006; x_wconf 89' lang='lat' dir='ltr'>ad</span> <span class='ocrx_word' id='word_1_297' title='bbox 1150 3953 1269 4015; x_wconf 87' lang='lat' dir='ltr'>caelum,</span> <span class='ocrx_word' id='word_1_298' title='bbox 1282 3959 1311 4008; x_wconf 77' lang='lat' dir='ltr'>ei</span> <span class='ocrx_word' id='word_1_299' title='bbox 1322 3953 1422 4007; x_wconf 85' lang='lat' dir='ltr'>nullus</span> 
     </span>
     <span class='ocr_line' id='line_1_36' title="bbox 619 4025 831 4094; baseline -0.009 -16"><span class='ocrx_word' id='word_1_300' title='bbox 619 4025 662 4078; x_wconf 86' lang='lat' dir='ltr'>ad</span> <span class='ocrx_word' id='word_1_301' title='bbox 670 4025 831 4094; x_wconf 83' lang='lat' dir='ltr'>infernum.</span> 
     </span>
    </p>
   </div>
   <div class='ocr_carea' id='block_1_5' title="bbox 283 4153 1424 4810">
    <p class='ocr_par' dir='ltr' id='par_1_5' title="bbox 283 4153 1424 4810">
     <span class='ocr_line' id='line_1_37' title="bbox 352 4153 1422 4239; baseline 0.001 -20"><span class='ocrx_word' id='word_1_302' title='bbox 352 4167 453 4239; x_wconf 76' lang='lat'>323.</span> <span class='ocrx_word' id='word_1_303' title='bbox 485 4159 536 4239; x_wconf 89' lang='lat' dir='ltr'>(i.)</span> <span class='ocrx_word' id='word_1_304' title='bbox 573 4153 671 4234; x_wconf 83' lang='lat' dir='ltr'>Quod</span> <span class='ocrx_word' id='word_1_305' title='bbox 679 4155 767 4239; x_wconf 82' lang='lat' dir='ltr'>finis</span> <span class='ocrx_word' id='word_1_306' title='bbox 793 4155 971 4219; x_wconf 83' lang='lat' dir='ltr'>creationis</span> <span class='ocrx_word' id='word_1_307' title='bbox 994 4155 1042 4220; x_wconf 85' lang='lat' dir='ltr'>sit</span> <span class='ocrx_word' id='word_1_308' title='bbox 1064 4155 1190 4220; x_wconf 83' lang='lat' dir='ltr'>caelum</span> <span class='ocrx_word' id='word_1_309' title='bbox 1211 4178 1254 4220; x_wconf 83' lang='lat' dir='ltr'>ex</span> <span class='ocrx_word' id='word_1_310' title='bbox 1275 4155 1422 4221; x_wconf 79' lang='lat' dir='ltr'>humano</span> 
     </span>
     <span class='ocr_line' id='line_1_38' title="bbox 283 4248 1421 4336; baseline 0.004 -25"><span class='ocrx_word' id='word_1_311' title='bbox 283 4248 568 4333; x_wconf 76' lang='lat' dir='ltr'>genere-Quod</span> <span class='ocrx_word' id='word_1_312' title='bbox 592 4251 725 4316; x_wconf 89' lang='lat' dir='ltr'>caelum</span> <span class='ocrx_word' id='word_1_313' title='bbox 750 4271 818 4313; x_wconf 92' lang='lat' dir='ltr'>non</span> <span class='ocrx_word' id='word_1_314' title='bbox 851 4273 897 4315; x_wconf 85' lang='lat' dir='ltr'>ex</span> <span class='ocrx_word' id='word_1_315' title='bbox 927 4251 1002 4315; x_wconf 92' lang='lat' dir='ltr'>aliis</span> <span class='ocrx_word' id='word_1_316' title='bbox 1027 4252 1206 4328; x_wconf 89' lang='lat' dir='ltr'>consistat,</span> <span class='ocrx_word' id='word_1_317' title='bbox 1231 4270 1333 4335; x_wconf 92' lang='lat' dir='ltr'>quam</span> <span class='ocrx_word' id='word_1_318' title='bbox 1363 4251 1421 4336; x_wconf 91' lang='lat' dir='ltr'>qui</span> 
     </span>
     <span class='ocr_line' id='line_1_39' title="bbox 291 4343 1419 4429; baseline 0.004 -23"><span class='ocrx_word' id='word_1_319' title='bbox 291 4345 366 4407; x_wconf 90' lang='lat' dir='ltr'>nati</span> <span class='ocrx_word' id='word_1_320' title='bbox 386 4347 453 4408; x_wconf 93' lang='lat' dir='ltr'>sint</span> <span class='ocrx_word' id='word_1_321' title='bbox 471 4347 638 4421; x_wconf 89' lang='lat' dir='ltr'>homines,</span> <span class='ocrx_word' id='word_1_322' title='bbox 659 4347 692 4410; x_wconf 93' lang='lat' dir='ltr'>in</span> <span class='ocrx_word' id='word_1_323' title='bbox 712 4367 816 4427; x_wconf 91' lang='lat' dir='ltr'>opere</span> <span class='ocrx_word' id='word_1_324' title='bbox 834 4345 887 4409; x_wconf 84' lang='lat' dir='ltr'>De</span> <span class='ocrx_word' id='word_1_325' title='bbox 907 4343 1007 4410; x_wconf 80' lang='lat' dir='ltr'>Caelo</span> <span class='ocrx_word' id='word_1_326' title='bbox 1024 4356 1056 4409; x_wconf 80' lang='lat' dir='ltr'>et</span> <span class='ocrx_word' id='word_1_327' title='bbox 1072 4345 1220 4426; x_wconf 74' lang='lat' dir='ltr'>Inferna,</span> <span class='ocrx_word' id='word_1_328' title='bbox 1244 4346 1419 4429; x_wconf 84' lang='lat' dir='ltr'>(Londini,</span> 
     </span>
     <span class='ocr_line' id='line_1_40' title="bbox 289 4442 1423 4525; baseline 0.004 -24"><span class='ocrx_word' id='word_1_329' title='bbox 289 4457 348 4501; x_wconf 83' lang='lat' dir='ltr'>an.</span> <span class='ocrx_word' id='word_1_330' title='bbox 372 4443 450 4520; x_wconf 84' lang='lat'>1758</span> <span class='ocrx_word' id='word_1_331' title='bbox 473 4442 596 4522; x_wconf 79' lang='lat' dir='ltr'>edito.)</span> <span class='ocrx_word' id='word_1_332' title='bbox 618 4451 653 4506; x_wconf 89' lang='lat' dir='ltr'>et</span> <span class='ocrx_word' id='word_1_333' title='bbox 675 4463 810 4525; x_wconf 92' lang='lat' dir='ltr'>quoque</span> <span class='ocrx_word' id='word_1_334' title='bbox 834 4461 946 4522; x_wconf 88' lang='lat' dir='ltr'>supra,</span> <span class='ocrx_word' id='word_1_335' title='bbox 972 4453 1151 4504; x_wconf 89' lang='lat' dir='ltr'>ostensum</span> <span class='ocrx_word' id='word_1_336' title='bbox 1174 4451 1251 4520; x_wconf 89' lang='lat' dir='ltr'>est;</span> <span class='ocrx_word' id='word_1_337' title='bbox 1283 4453 1320 4506; x_wconf 94' lang='lat' dir='ltr'>et</span> <span class='ocrx_word' id='word_1_338' title='bbox 1343 4443 1423 4525; x_wconf 85' lang='lat' dir='ltr'>quia</span> 
     </span>
     <span class='ocr_line' id='line_1_41' title="bbox 289 4531 1421 4619; baseline 0.004 -23"><span class='ocrx_word' id='word_1_339' title='bbox 289 4531 427 4597; x_wconf 84' lang='lat' dir='ltr'>caelum</span> <span class='ocrx_word' id='word_1_340' title='bbox 448 4557 516 4599; x_wconf 93' lang='lat' dir='ltr'>non</span> <span class='ocrx_word' id='word_1_341' title='bbox 537 4559 580 4599; x_wconf 87' lang='lat' dir='ltr'>ex</span> <span class='ocrx_word' id='word_1_342' title='bbox 605 4537 680 4599; x_wconf 91' lang='lat' dir='ltr'>aliis</span> <span class='ocrx_word' id='word_1_343' title='bbox 701 4537 872 4610; x_wconf 91' lang='lat' dir='ltr'>consistit,</span> <span class='ocrx_word' id='word_1_344' title='bbox 892 4537 1046 4619; x_wconf 90' lang='lat' dir='ltr'>sequitur</span> <span class='ocrx_word' id='word_1_345' title='bbox 1065 4537 1156 4619; x_wconf 93' lang='lat' dir='ltr'>quod</span> <span class='ocrx_word' id='word_1_346' title='bbox 1175 4535 1251 4600; x_wconf 85' lang='lat' dir='ltr'>finis</span> <span class='ocrx_word' id='word_1_347' title='bbox 1271 4538 1421 4601; x_wconf 91' lang='lat' dir='ltr'>creatio·</span> 
     </span>
     <span class='ocr_line' id='line_1_42' title="bbox 291 4627 1423 4714; baseline 0.004 -25"><span class='ocrx_word' id='word_1_348' title='bbox 291 4627 347 4690; x_wconf 90' lang='lat' dir='ltr'>nis</span> <span class='ocrx_word' id='word_1_349' title='bbox 370 4628 414 4692; x_wconf 92' lang='lat' dir='ltr'>sit</span> <span class='ocrx_word' id='word_1_350' title='bbox 438 4631 570 4694; x_wconf 90' lang='lat' dir='ltr'>caelum</span> <span class='ocrx_word' id='word_1_351' title='bbox 600 4651 644 4693; x_wconf 90' lang='lat' dir='ltr'>ex</span> <span class='ocrx_word' id='word_1_352' title='bbox 669 4630 819 4694; x_wconf 91' lang='lat' dir='ltr'>humano</span> <span class='ocrx_word' id='word_1_353' title='bbox 842 4651 980 4714; x_wconf 90' lang='lat' dir='ltr'>genere.</span> <span class='ocrx_word' id='word_1_354' title='bbox 1027 4628 1129 4714; x_wconf 88' lang='lat' dir='ltr'>Quod</span> <span class='ocrx_word' id='word_1_355' title='bbox 1153 4631 1211 4696; x_wconf 91' lang='lat' dir='ltr'>ille</span> <span class='ocrx_word' id='word_1_356' title='bbox 1234 4632 1423 4696; x_wconf 87' lang='lat' dir='ltr'>creationis</span> 
     </span>
     <span class='ocr_line' id='line_1_43' title="bbox 291 4717 1424 4810; baseline 0.006 -26"><span class='ocrx_word' id='word_1_357' title='bbox 291 4717 372 4785; x_wconf 90' lang='lat' dir='ltr'>finis</span> <span class='ocrx_word' id='word_1_358' title='bbox 391 4721 503 4800; x_wconf 80' lang='lat' dir='ltr'>suerit,</span> <span class='ocrx_word' id='word_1_359' title='bbox 520 4725 657 4809; x_wconf 90' lang='lat' dir='ltr'>quidem</span> <span class='ocrx_word' id='word_1_360' title='bbox 677 4744 778 4805; x_wconf 87' lang='lat' dir='ltr'>supra</span> <span class='ocrx_word' id='word_1_361' title='bbox 797 4745 828 4789; x_wconf 92' lang='lat' dir='ltr'>n.</span> <span class='ocrx_word' id='word_1_362' title='bbox 849 4740 890 4809; x_wconf 87' lang='lat'>27</span> <span class='ocrx_word' id='word_1_363' title='bbox 908 4727 953 4791; x_wconf 90' lang='lat' dir='ltr'>ad</span> <span class='ocrx_word' id='word_1_364' title='bbox 973 4739 1028 4810; x_wconf 85' lang='grc'>45,</span> <span class='ocrx_word' id='word_1_365' title='bbox 1049 4727 1327 4792; x_wconf 87' lang='lat' dir='ltr'>demonstratum</span> <span class='ocrx_word' id='word_1_366' title='bbox 1345 4735 1424 4810; x_wconf 82' lang='lat' dir='ltr'>est;</span> 
     </span>
    </p>
   </div>
   <div class='ocr_carea' id='block_1_6' title="bbox 0 0 1716 5380">
    <p class='ocr_par' dir='ltr' id='par_1_6' title="bbox 0 0 1716 5380">
     <span class='ocr_line' id='line_1_44' title="bbox 0 0 1716 5380; baseline 0 0"><span class='ocrx_word' id='word_1_367' title='bbox 0 0 1716 5380; x_wconf 95' lang='lat' dir='ltr'> </span> 
     </span>
    </p>
   </div>
  </div>
 </body>
</html>
