3418 5368
342 641 402 709 162
691 650 896 703 sumnum
918 651 1114 703 nuuuucn

339 827 479 916 quidem
503 846 581 891 usus
600 832 636 890 et
659 823 762 901 bona,
787 821 848 890 sed
871 845 892 888 a
915 842 952 888 se
975 833 1011 888 et
1035 843 1103 888 non
1127 844 1148 888 a
1170 823 1332 901 Domino,
1357 823 1406 891 ita
1430 845 1471 890 se

339 925 434 1008 ipsos
450 928 637 1005 posuerunt
653 918 733 984 loco
748 918 898 983 Domini.
944 927 1016 995 [10.]
1042 917 1159 982 Simile
1174 927 1228 983 est
1245 937 1322 983 cum
1339 919 1472 985 divitiis

340 1029 376 1083 et
396 1016 530 1100 opibus,
547 1035 634 1099 quae
650 1014 754 1078 etiam
774 1014 949 1079 naturales
967 1023 1002 1077 et
1022 1013 1260 1098 temporariae,
1279 1024 1352 1080 tum
1368 1017 1467 1100 spiri-

340 1114 454 1178 tuales
473 1121 509 1176 et
527 1120 690 1176 aeternae
710 1120 800 1175 sunt.
846 1110 995 1174 Divitiae
1019 1120 1054 1173 et
1078 1130 1161 1193 opes
1184 1120 1265 1174 sunt
1289 1111 1467 1176 naturales

340 1220 377 1274 et
407 1209 637 1291 temporariae
665 1208 754 1292 apud
781 1207 860 1271 illos
888 1207 943 1290 qui
973 1206 1072 1270 unice
1098 1206 1176 1270 illas
1203 1216 1238 1270 et
1269 1227 1305 1270 se
1335 1207 1369 1271 in
1398 1206 1467 1270 illis

339 1303 512 1389 spedtant,
537 1313 574 1368 et
596 1303 630 1367 in
653 1303 706 1367 his
730 1303 863 1366 duobus
886 1321 989 1365 omne
1019 1320 1116 1365 sunm
1139 1301 1265 1385 volupe
1289 1312 1325 1366 et
1344 1302 1466 1384 jucun·

340 1402 445 1480 dum;
479 1409 516 1463 at
540 1400 683 1463 eaedem
707 1407 787 1463 sunt
810 1397 1004 1482 spirituales
1028 1407 1063 1461 et
1087 1405 1249 1462 aeternae
1272 1398 1363 1482 apud
1388 1397 1466 1462 illos

339 1497 397 1582 qui
420 1492 580 1579 spedtant
604 1515 683 1560 usus
705 1495 816 1559 bonos
835 1494 868 1558 in
888 1492 965 1568 illis,
986 1501 1022 1557 et
1045 1493 1079 1555 in
1103 1493 1156 1556 his
1178 1494 1322 1557 interius
1339 1493 1466 1576 volupe

340 1603 378 1656 et
397 1590 604 1675 jucundum;
638 1591 728 1674 apud
751 1591 815 1655 hos
838 1589 943 1653 etiam
968 1588 1121 1652 exterius
1139 1588 1266 1673 volupe
1289 1600 1325 1653 et
1344 1589 1466 1672 jucun·

340 1685 423 1752 dum
446 1686 484 1751 fit
512 1684 700 1769 spirituale,
725 1707 765 1749 ac
796 1685 1039 1768 temporarium
1063 1680 1101 1747 fit
1124 1694 1323 1749 aeternum:
1362 1705 1467 1768 quare
1567 1713 1568 1716 ¹

341 1783 448 1847 etiam
472 1783 507 1846 hi
530 1791 609 1865 post
640 1790 785 1845 mortem
815 1781 849 1844 in
883 1779 981 1844 caelo
1004 1787 1095 1855 sunt,
1120 1787 1155 1843 et
1186 1780 1232 1843 ibi
1258 1781 1292 1843 in
1316 1779 1467 1863 palatiis,

342 1897 486 1962 quorum
509 1878 638 1941 formae
662 1876 828 1940 utensiles
852 1875 1036 1958 splendent
1054 1894 1099 1937 ex
1118 1895 1201 1938 auro
1221 1883 1257 1939 et
1275 1895 1321 1939 ex
1345 1875 1469 1958 lapidi·

342 1973 405 2037 bus
428 1972 587 2057 pretiosis
603 1994 610 2051 ;
645 1992 733 2054 quae
752 1982 869 2035 tamen
888 1991 958 2034 non
977 1969 1078 2034 aliter
1096 1967 1256 2051 spetiant
1278 1989 1381 2054 quam
1404 1992 1467 2034 ex·

340 2076 441 2133 terna
470 2067 691 2151 splendentia
720 2086 760 2130 ac
787 2066 999 2149 pellucentia
1023 2065 1066 2128 ab
1092 2065 1247 2140 internis,
1272 2085 1360 2149 quae
1386 2075 1467 2131 sunt

342 2185 433 2239 usus,
449 2185 494 2227 ex
515 2163 635 2247 quibus
653 2161 721 2225 illis
740 2171 819 2225 sunt
836 2162 909 2244 ipsa
924 2160 1084 2243 voluptas
1103 2168 1139 2224 et
1154 2159 1362 2242 jucunditas,
1379 2182 1467 2244 quae

341 2260 374 2322 in
399 2280 436 2322 se
459 2268 539 2322 sunt
563 2257 722 2321 faustitas
745 2267 781 2320 et
803 2255 946 2320 felicitas
970 2255 1065 2319 caeli.
1112 2254 1192 2319 Sors
1216 2257 1390 2320 contraria
1413 2266 1469 2321 est

341 2355 419 2430 illis,
439 2357 494 2438 qui
514 2351 759 2438 sped'taverunt
780 2353 918 2416 divitias
937 2361 974 2416 et
992 2373 1078 2435 opes
1096 2352 1207 2415 solum
1230 2361 1372 2435 propter
1389 2353 1469 2417 illas

340 2460 378 2514 et
402 2462 542 2534 propter
566 2470 614 2524 se,
634 2450 684 2512 ita
707 2460 849 2530 propter
870 2457 1018 2510 externa
1036 2456 1072 2511 et
1095 2467 1162 2515 non
1186 2448 1285 2511 simul
1309 2450 1468 2528 interna;

341 2545 390 2609 ita
406 2545 593 2608 secundum
610 2544 841 2625 apparentias,
855 2553 891 2607 et
910 2562 978 2605 non
998 2542 1185 2605 secundum
1204 2544 1376 2606 essentias
1391 2543 1468 2607 illa·

341 2659 434 2702 rum:
459 2639 507 2703 illi
523 2641 603 2702 dum
623 2650 756 2702 exuunt
775 2639 862 2713 illas,
880 2638 971 2721 quod
990 2637 1028 2702 lit
1048 2638 1128 2700 dum
1149 2638 1349 2714 moriuntur,
1367 2639 1468 2702 indu·

342 2744 403 2797 unt
427 2737 562 2798 interna
585 2735 739 2812 illarum;
773 2755 859 2816 quae
878 2735 955 2816 quia
980 2753 1048 2796 non
1071 2733 1260 2815 spiritualia
1283 2743 1376 2810 sunt,
1396 2755 1468 2798 non

341 2840 486 2912 possunt
509 2849 586 2892 esse
610 2830 673 2892 nisi
697 2848 798 2911 quam
822 2828 1018 2905 infernalia;
1056 2847 1136 2892 nam
1160 2829 1231 2892 sive
1261 2847 1364 2892 unum
1395 2831 1467 2894 sive

340 2923 488 2988 alterum
507 2924 608 2997 inest,
626 2944 695 2986 non
716 2933 832 3006 potest
850 2933 1029 3006 utrumque
1045 2923 1166 3002 simul;
1192 2924 1282 2988 unde
1300 2945 1363 3008 pro
1379 2925 1466 2989 divi·

340 3021 396 3084 tiis
415 3029 494 3083 sunt
517 3019 584 3082 illis
609 3029 798 3103 egestates,
818 3029 854 3082 et
874 3041 935 3103 pro
954 3019 1075 3102 opibus
1095 3020 1262 3084 miseriae.
1309 3024 1371 3085 [ΙΙ.]
1403 3021 1468 3084 Per

341 3136 421 3179 usus
451 3114 692 3198 intelliguntur
720 3134 787 3178 non
819 3114 930 3177 solum
958 3115 1153 3178 necessaria
1182 3116 1286 3191 vitae,
1311 3135 1398 3199 quae
1428 3137 1466 3180 se

340 3210 488 3275 referunt
519 3211 563 3273 ad
594 3208 732 3284 vietum,
757 3206 918 3273 amidtum
942 3219 977 3273 et
1004 3210 1253 3273 habitationem
1285 3230 1346 3292 pro
1369 3231 1406 3275 se
1430 3220 1465 3276 et

341 3307 421 3381 suis,
442 3307 503 3369 sed
526 3309 631 3370 etiam
654 3304 858 3387 intelligitur
882 3303 1008 3367 bonum
1033 3307 1175 3386 patriae,
1196 3306 1322 3369 bonum
1354 3308 1464 3371 socie·

340 3403 433 3476 tatis,
451 3411 487 3464 et
503 3402 631 3465 bonum
648 3401 809 3464 concivis.
850 3398 936 3462 Tale
953 3399 1080 3462 bonum
1097 3411 1150 3463 est
1168 3402 1372 3482 negotiatio,
1387 3421 1464 3466 cum

340 3495 400 3558 illa
419 3507 472 3559 est
496 3515 592 3559 amor
614 3495 736 3570 finalis,
758 3515 797 3558 ac
822 3495 967 3576 pecunia
989 3514 1086 3557 amor
1109 3496 1241 3558 medius
1265 3497 1464 3573 inserviens,

340 3590 446 3653 modo
462 3592 661 3670 negotiator
677 3591 954 3661 defraudationes
974 3600 1009 3653 et
1030 3589 1139 3654 malas
1155 3600 1247 3654 artes
1266 3599 1303 3654 ut
1320 3601 1467 3675 peccata

339 3684 426 3766 fugit
451 3694 487 3747 et
511 3696 696 3749 aversatur.
744 3684 859 3749 Aliter
882 3703 958 3747 cum
982 3686 1127 3767 pecunia
1149 3695 1202 3748 est
1226 3705 1323 3749 amor
1341 3683 1466 3764 finalis,

338 3801 380 3844 ac
400 3781 594 3863 negotiatio
610 3801 707 3844 amor
722 3781 854 3843 medius
873 3781 1081 3859 inserviens;
1106 3799 1184 3842 nam
1200 3778 1266 3864 hoc
1283 3789 1338 3845 est
1354 3782 1466 3846 avari·

338 3877 397 3951 tia,
418 3896 506 3960 quae
525 3886 579 3940 est
598 3877 698 3940 radix
718 3875 885 3940 malorum
907 3873 965 3957 (de
984 3895 1051 3962 qua
1069 3875 1227 3941 videatur
1240 3874 1318 3940 Luc.
1335 3877 1394 3942 xii.
1414 3890 1469 3960 15,

338 3980 376 4036 et
395 3970 562 4054 parabola
579 3971 623 4038 de
641 3971 712 4048 illa,
731 3991 818 4036 vers.
842 3968 970 4056 16-21).
