3424 5368
483 668 534 720 DE
557 664 696 719 1³1va
717 663 1073 718 momolenus-u.
1092 666 1165 738 217.
1313 668 1387 741 ,155

250 843 330 928 quis
341 862 411 908 non
424 841 529 917 videt,
541 839 633 925 quod
646 859 805 923 persona,
817 835 888 922 ejus
899 836 1030 904 {unitio
1042 847 1078 905 et
1088 837 1212 919 honor,
1226 839 1271 907 sit
1283 861 1389 927 prop·

252 949 309 1003 ter
324 958 407 1011 rem,
427 956 529 1020 quam
545 935 776 1013 administrat,
793 945 829 1000 et
846 955 915 1000 non
931 936 1104 1000 vicissim?
1149 934 1234 1020 Quis
1251 958 1320 1001 non
1336 937 1388 1003 vi·

250 1035 327 1110 det,
345 1034 436 1118 quod
453 1032 560 1114 judex
579 1033 625 1097 sit
644 1042 786 1116 propter
801 1029 983 1115 justitiam,
1001 1032 1226 1115 magistratus
1245 1043 1386 1117 propter

250 1151 327 1195 rem
351 1147 579 1202 communem,
600 1138 636 1191 et
655 1149 717 1191 rex
738 1138 879 1210 propter
898 1147 1053 1210 regnum,
1071 1139 1108 1194 et
1127 1150 1196 1194 non
1212 1128 1386 1194 vicissim?

257 1224 371 1308 Quare
399 1226 504 1288 etiam
531 1225 672 1307 quisque
697 1223 730 1285 in
756 1223 930 1305 dignitate
959 1233 995 1288 et
1025 1223 1168 1300 honore,
1196 1225 1385 1290 secundum

254 1321 352 1404 leges
375 1322 483 1403 regni,
509 1332 563 1384 est
588 1320 775 1383 secundum
799 1321 847 1384 rei
874 1321 1097 1403 dignitatem,
1122 1321 1156 1384 in
1179 1319 1273 1402 cujus
1288 1319 1385 1384 sunc-

250 1420 351 1482 tione
371 1429 446 1482 est:
470 1427 506 1481 et
525 1416 617 1500 quod
636 1416 821 1480 discrimen
845 1417 890 1481 sit
913 1418 1002 1483 sicut
1024 1419 1115 1481 inter
1137 1415 1326 1500 principale
1349 1424 1386 1480 et

250 1513 543 1578 instrumentale?
588 1512 652 1577 llle
672 1513 728 1596 qui
750 1512 918 1578 honorem
938 1515 985 1577 rei
1004 1515 1069 1577 sibi
1087 1534 1147 1578 seu
1165 1534 1247 1577 suae
1265 1534 1385 1596 perso·

255 1631 320 1674 nae
344 1611 476 1684 tribuit,
496 1620 640 1692 apparet
668 1610 701 1672 in
729 1610 859 1673 mundo
886 1609 1065 1693 spirituali,
1085 1610 1167 1672 dum
1190 1609 1224 1672 id
1247 1630 1385 1691 reprae-

251 1717 423 1780 sentatur,
444 1707 533 1769 sicut
551 1704 657 1768 homo
675 1707 831 1769 inversus
855 1725 1010 1787 corpore,
1032 1705 1176 1790 pedibus
1195 1724 1329 1769 sursum
1348 1713 1385 1771 et

249 1804 368 1885 capite
392 1803 561 1864 deorsum.
609 1813 666 1873 [4.]
698 1799 878 1865 Secundo:
909 1800 1006 1880 Quod
1028 1801 1212 1883 digm'tates
1236 1811 1268 1864 et
1293 1811 1383 1883 opes,

250 1899 387 1980 quando
409 1906 488 1961 sunt
510 1896 757 1973 benedil'lrimes,
778 1897 850 1960 sint
868 1897 1068 1978 spirituales
1091 1918 1131 1961 ac
1151 1907 1327 1971 aeternae,·
1353 1905 1387 1960 et

249 1994 345 2076 quod
356 1993 487 2076 quando
499 2001 578 2056 sunt
592 1992 850 2069 malediilrhnes,
864 1993 935 2056 sint
950 1993 1176 2074 temporariae
1188 2003 1221 2057 et
1234 1992 1385 2066 caducae,

254 2087 457 2172 Dignitates
474 2099 510 2152 et
526 2109 610 2170 opes
629 2089 662 2152 in
679 2087 778 2152 caelo
794 2097 875 2152 sunt
895 2090 982 2153 sicut
998 2089 1032 2153 in
1049 2089 1189 2165 mundo,
1208 2108 1288 2153 nam
1304 2096 1385 2154 sunt

249 2185 300 2248 ibi
330 2186 508 2267 regimina,
536 2195 572 2249 et
603 2186 682 2249 inde
713 2184 1031 2249 administrationes
1057 2194 1095 2250 et
1122 2182 1324 2260 lundiiones,
1348 2193 1385 2250 et

249 2301 389 2364 quoque
416 2291 496 2345 sunt
523 2282 793 2364 negotiationes,
819 2291 856 2346 ct
883 2281 963 2345 inde
992 2303 1087 2366 opes,
1112 2281 1273 2364 quoniam
1303 2288 1385 2345 sunt

248 2379 441 2441 societates
457 2387 493 2443 et
512 2389 643 2441 coetus.
688 2377 895 2441 Universum
912 2377 1045 2442 caelum
1062 2373 1262 2441 distinctum
1279 2377 1385 2440 estin

253 2471 335 2536 bina
350 2493 469 2555 regna,
489 2493 633 2556 quorum
653 2492 756 2536 unum
776 2483 921 2538 vocatur
943 2493 1085 2556 regnum
1109 2472 1276 2547 caeleste,
1293 2471 1383 2535 alte·

248 2587 326 2631 rum
346 2588 490 2651 regnum
510 2567 710 2651 spirituale;
734 2577 770 2632 et
791 2570 1042 2651 unumquodvis
1065 2587 1209 2650 regnum
1232 2568 1266 2630 in
1285 2568 1384 2631 innu-

254 2682 365 2726 meras
388 2666 589 2742 societates,
614 2663 761 2746 majores
790 2673 827 2728 et
851 2665 1010 2738 minores,
1035 2685 1122 2746 quae
1145 2682 1266 2727 omnes
1289 2673 1325 2727 et
1348 2664 1383 2727 in

247 2759 375 2842 quibus
391 2780 512 2824 omnes
527 2761 716 2824 secundum
732 2758 944 2825 differentias
956 2760 1081 2823 amoris
1098 2769 1134 2823 et
1150 2759 1230 2822 inde
1246 2759 1383 2841 sapien·

250 2857 335 2930 tiae,
355 2857 536 2921 ordinatae
558 2866 659 2935 sunt;
691 2856 881 2921 societates
897 2856 994 2938 regni
1010 2856 1173 2919 caelestis
1192 2855 1383 2919 secundum

248 2951 462 3017 differentias
485 2953 610 3016 amoris
634 2951 805 3027 caelestis,
830 2953 887 3035 qui
910 2962 964 3016 est
988 2971 1085 3014 amor
1108 2952 1141 3014 in
1172 2949 1382 3029 Dominum;

247 3057 290 3112 et
310 3049 498 3112 societates
513 3050 610 3130 regni
627 3048 814 3132 spiritualis
831 3049 1020 3112 secundum
1033 3045 1243 3111 differentias
1256 3046 1383 3110 amoris

248 3143 451 3227 spiritualis,
469 3144 525 3227 qui
548 3153 603 3208 est
626 3164 722 3208 amor
745 3165 829 3227 erga
848 3144 1053 3226 proximum.
1100 3140 1190 3226 Quia
1213 3141 1302 3206 tales
1325 3162 1382 3205 so·

251 3240 402 3304 cietates
421 3249 513 3315 sunt,
533 3250 569 3304 et
593 3260 714 3305 omnes
734 3243 791 3324 qui
813 3241 847 3304 in
872 3240 939 3303 illis
957 3249 1048 3314 sunt,
1067 3237 1204 3302 suerunt
1222 3238 1382 3301 homines

249 3335 288 3399 in
305 3337 443 3412 mundo,
461 3346 497 3402 et
517 3337 596 3400 inde
612 3336 702 3419 apud
721 3357 759 3399 se
775 3337 929 3400 retinent
946 3355 1081 3400 amores
1097 3355 1183 3416 quos
1202 3334 1236 3396 in
1253 3333 1383 3396 mundo

249 3430 459 3509 habuerunt,
480 3452 557 3497 cum
580 3429 772 3496 differentia
791 3433 883 3516 quod
906 3431 955 3495 illi
979 3442 1061 3496 tunc
1083 3429 1281 3512 spirituales
1299 3429 1381 3505 sint,

249 3539 292 3592 et
311 3529 402 3612 quod
421 3531 516 3612 ipsae
535 3529 725 3610 dignitates
745 3539 781 3593 et
805 3549 889 3611 opes
908 3529 977 3592 sint
997 3525 1192 3612 spirituales
1214 3528 1248 3590 in
1272 3546 1382 3609 regno

250 3625 430 3706 spirituali,
460 3645 500 3688 ac
528 3624 697 3688 caelestes
726 3627 760 3689 in
791 3646 900 3709 regno
931 3624 1094 3702 caelesti;
1129 3634 1384 3707 consequenter

249 3721 347 3804 ·quod
371 3719 440 3783 illis
457 3719 650 3802 dignitates
672 3729 709 3785 et
732 3741 816 3804 opes
839 3740 922 3804 prae
944 3720 1020 3784 aliis
1043 3721 1124 3796 sint,
1145 3720 1266 3804 quibus
1286 3739 1384 3785 amor

247 3825 290 3880 et
310 3815 480 3898 sapientia
499 3835 580 3898 prae
599 3816 675 3880 aliis
694 3827 786 3893 sunt,
806 3817 862 3900 qui
881 3827 973 3892 sunt,
993 3817 1115 3900 quibus
1135 3816 1326 3899 dignitates
1345 3825 1383 3882 et

248 3934 338 3996 opes
357 3913 492 3978 suerunt
516 3912 776 3979 benedittiones
806 3915 840 3978 in
870 3915 1008 3979 mundo.
1055 3919 1113 3981 [5.]
1141 3912 1198 3977 Ex
1221 3911 1275 3977 his
1298 3932 1382 3977 con·

254 4019 348 4072 stare
375 4018 502 4090 potest,
526 4009 646 4093 quales
673 4021 753 4074 sunt
781 4010 974 4092 dignitates
997 4021 1034 4075 et
1063 4031 1147 4092 opes
1175 4009 1381 4094 spirituales,

248 4106 346 4188 quod
367 4105 436 4168 sint
455 4106 503 4170 rei
522 4117 558 4171 et
579 4126 648 4171 non
666 4127 844 4190 personae.
891 4107 1041 4171 Persona
1056 4107 1194 4190 quidem
1214 4103 1328 4190 ‘'lquae
1348 4107 1382 4170 in

248 4201 429 4282 dignitate
449 4201 495 4265 ibi
513 4212 579 4276 est,
599 4202 633 4266 in
652 4201 911 4286 magnificentia
929 4213 966 4266 et
985 4203 1095 4284 gloria
1115 4211 1178 4276 est,
1198 4200 1309 4284 qualis
1328 4207 1383 4264 est

248 4315 374 4379 regum
390 4299 425 4360 in
442 4298 562 4375 terris;
586 4300 647 4363 sed
664 4321 770 4383 usque
787 4320 854 4364 non
872 4297 1032 4381 spetiant
1048 4299 1158 4382 ipsam
1175 4298 1383 4380 dignitatem

250 4403 293 4457 ut
313 4393 453 4476 aliquid,
467 4394 529 4458 sed
546 4415 636 4470 usus,
653 4395 687 4458 in
706 4415 849 4479 quorum
865 4395 1165 4459 administratione
1182 4404 1218 4458 et
1236 4389 1383 4457 lundiio·

251 4507 299 4552 ne
327 4497 419 4552 sunt.
465 4487 651 4570 Recipiunt
673 4490 812 4573 quidem
841 4490 1003 4566 honores,
1027 4490 1169 4573 quisque
1201 4508 1283 4552 suae
1306 4487 1383 4570 dig·

250 4585 388 4660 nitatis,
409 4594 446 4649 at
466 4585 530 4668 ipsi
549 4605 618 4649 non
638 4586 793 4651 tribuunt
813 4587 876 4650 sibi
895 4585 985 4662 illos,
1002 4587 1065 4650 sed
1084 4586 1166 4669 ipsis
1185 4584 1322 4662 usibus;
1346 4591 1384 4650 et

249 4681 335 4765 quia
353 4699 476 4746 omnes
495 4701 575 4745 usus
598 4691 679 4748 sunt
708 4701 729 4747 a
759 4681 922 4761 Domino,
941 4682 1099 4748 tribuunt
1122 4681 1200 4748 illos
1220 4680 1386 4759 Domino,
