3418 5368
282 667 343 716 202
547 729 551 738 η
633 665 837 717 SAPIENTIA
861 667 1057 721 ANGELICA

281 835 424 902 multam
441 847 575 921 partem
592 837 815 921 apparentiae
834 839 916 914 veri,
936 839 968 903 in
985 841 1106 925 quibus
1123 851 1241 907 tamen
1258 842 1408 924 genuina

280 954 363 998 vera
387 933 498 998 latent
521 933 675 1012 inclusa;
704 943 740 998 et
763 935 843 1017 quia
865 931 1022 999 dofirina
1044 936 1213 1002 ecclesiae
1236 957 1281 1000 ex
1304 957 1407 1001 sensu

281 1029 419 1094 litterae
450 1027 569 1106 Verbi,
598 1029 655 1113 qui
684 1027 765 1093 talis
794 1039 861 1105 est,
890 1030 1077 1094 haurienda
1103 1041 1168 1106 est,
1197 1053 1266 1097 non
1293 1034 1406 1117 potuit

281 1125 382 1189 aliter
397 1145 498 1209 quarn
515 1126 548 1189 in
565 1123 714 1189 ecclesia
729 1125 882 1190 existere
902 1123 992 1200 lites,
1010 1127 1268 1192 controversiae
1284 1139 1320 1191 et
1336 1128 1404 1192 dis-

282 1221 470 1297 sensiones,
491 1220 658 1303 imprimis
681 1220 794 1304 quoad
819 1217 1033 1286 intelleilum
1057 1219 1177 1296 Verbi,
1199 1242 1266 1287 non
1291 1234 1405 1288 autem

281 1316 395 1401 quoad
414 1317 524 1401 ipsum
544 1314 710 1390 Verbum,
731 1326 766 1378 et
785 1315 898 1400 quoad
922 1317 1033 1400 ipsum
1057 1316 1220 1382 Divinum
1241 1317 1406 1399 Domini;

282 1413 389 1478 ubivis
407 1413 497 1476 enim
514 1413 714 1494 agnoscitur
730 1410 821 1495 quod
837 1410 992 1476 Verbum
1012 1413 1057 1476 sit
1076 1409 1244 1487 sanetum,
1261 1422 1298 1477 et
1313 1414 1405 1498 quod

282 1508 432 1572 Domino
455 1509 499 1571 sit
519 1506 693 1582 Divinum,
713 1515 750 1571 et
771 1505 857 1571 haec
878 1506 945 1571 duo
965 1518 1045 1573 sunt
1068 1508 1269 1574 essentialia
1291 1509 1404 1574 eccle·

281 1605 370 1668 siae:
396 1625 499 1689 quare
523 1605 629 1668 etiarn
652 1604 708 1689 qui
733 1602 895 1667 Divinum
920 1603 1058 1668 Domini
1082 1616 1225 1688 negant,
1245 1607 1302 1688 qui
1325 1616 1406 1671 sunt

281 1702 337 1786 qui
356 1712 522 1764 vocantur
545 1698 729 1774 Sociniani,
751 1699 796 1763 ab
815 1699 963 1764 ecclesia
985 1703 1280 1789 excommunicati
1300 1712 1379 1765 sunt
1396 1723 1405 1779 ;

281 1807 317 1861 et
347 1797 402 1880 qui
437 1804 568 1878 negant
602 1793 825 1860 sanititatem
858 1794 977 1872 Verbi,
1010 1815 1078 1860 non
1108 1816 1170 1881 pro
1200 1795 1407 1860 Christianis

281 1901 493 1973 reputantur.
540 1890 606 1955 His
628 1891 787 1972 adjiciam
806 1891 945 1976 aliquod
969 1891 1192 1956 memorabile
1211 1892 1253 1955 de
1273 1890 1403 1967 Verbo,

163 2035 166 2042 .
281 2007 325 2050 ex
350 2006 419 2068 quo
442 1996 561 2069 potest
579 1985 751 2062 concludi,
768 1988 861 2070 quod
880 1985 1034 2052 Verbum
1058 1989 1201 2054 interius
1224 1989 1269 2051 sit
1294 1987 1406 2069 ipsum

282 2081 444 2145 Divinum
466 2080 607 2158 Verum,
636 2103 677 2146 ac
708 2082 829 2148 intime
856 2081 1047 2148 Dominus:
1083 2096 1140 2159 [4.]
1172 2084 1254 2147 dum
1284 2082 1408 2166 aliquis

282 2169 419 2260 spiritus
444 2179 555 2260 aperit
581 2177 747 2254 Verbum,
774 2189 811 2242 et
836 2199 879 2242 eo
908 2177 1007 2244 fricat
1034 2177 1154 2243 faciem
1182 2189 1241 2243 aut
1271 2188 1405 2243 vestem

282 2292 389 2348 suam,
418 2281 500 2337 tunc
523 2272 627 2336 iacies
646 2283 706 2338 aut
729 2274 839 2338 vestis
864 2273 936 2356 ejus
959 2295 1006 2340 ex
1032 2271 1108 2338 sola
1131 2273 1310 2337 fricatione
1333 2284 1406 2336 tam

282 2369 427 2432 candide
451 2369 544 2433 lucet
567 2371 655 2433 sicut
679 2369 760 2433 luna
782 2379 842 2434 aut
862 2372 951 2435 sicut
974 2369 1090 2446 stella,
1115 2378 1151 2434 et
1174 2370 1240 2434 lroc
1265 2369 1299 2433 in
1323 2387 1406 2432 con·

281 2464 401 2549 spedlu
427 2468 579 2532 omnium
609 2488 695 2550 quos
725 2465 891 2547 offendit;
924 2468 990 2532 hoc
1022 2477 1183 2542 testatur,
1214 2467 1306 2550 quod
1337 2486 1406 2530 non

281 2564 382 2626 detur
407 2563 546 2646 aliquod
573 2562 724 2628 sanctius
745 2563 780 2626 in
800 2563 939 2638 mundo,
965 2583 1067 2646 quam
1093 2561 1255 2626 Verbum.
1302 2560 1406 2645 Quod

281 2656 434 2722 Verbum
471 2678 532 2740 per
568 2679 678 2723 meras
716 2659 1043 2741 correspondentias
1078 2660 1313 2741 conscriptum
1348 2659 1405 2734 sit,

281 2756 438 2820 videatur
470 2757 506 2820 in
537 2753 702 2819 Doiirina
730 2754 848 2818 Novae
875 2753 1127 2838 Hierosolymae
1155 2755 1195 2818 a'e
1225 2754 1408 2835 Scriptura

282 2851 390 2916 Sacra
404 2851 451 2934 (n.
468 2851 575 2934 5—26).
614 2851 716 2935 Quod
733 2850 890 2916 doctrina
905 2853 1073 2916 ecclesiae
1090 2873 1250 2916 exsensu
1266 2852 1408 2916 litterae

282 2946 390 3012 Verbi
414 2947 603 3012 haurienda
624 2949 682 3023 sit,
707 2959 742 3012 et
763 2969 823 3030 per
845 2948 940 3011 illum
964 2948 1200 3013 confirmanda
1222 2947 1270 3028 (n.
1292 2949 1405 3029 50-61,

281 3041 354 3126 ibi).
402 3043 503 3127 Quod
522 3045 684 3108 haereses
702 3065 748 3108 ex
768 3065 870 3108 sensu
890 3044 1028 3109 litterae
1048 3043 1154 3108 Verbi
1175 3045 1306 3126 captari
1326 3064 1405 3126 pos·

281 3141 362 3217 sint,
383 3141 445 3206 sed
464 3141 556 3223 quod
576 3139 777 3205 confirmare
797 3141 874 3204 illas
893 3142 1098 3206 damnosum
1119 3139 1190 3205 ¹¹¹sit
1209 3138 1256 3221 (n.
1273 3139 1404 3222 91-97).

282 3234 384 3318 Quod
414 3236 562 3301 ecclesia
580 3239 625 3302 sit
648 3258 696 3300 ex
719 3234 848 3311 Verbo,
873 3247 908 3300 et
933 3239 1026 3320 quod
1053 3236 1134 3300 talis
1161 3237 1215 3309 sit,
1242 3234 1352 3318 qualis
1374 3235 1406 3300 ei

281 3329 478 3397 intelledlus
494 3331 601 3397 Verbi
617 3345 672 3397 est
691 3332 738 3415 (n.
757 3332 887 3415 76-79).

344 3442 437 3515 257.
469 3427 542 3512 (iv.)
577 3428 674 3508 Quod
692 3451 782 3492 mere
799 3429 969 3493 naturalis
991 3427 1087 3492 homo
1105 3437 1221 3492 contra
1243 3425 1407 3492 Divinam

280 3522 536 3588 Providentiam
558 3545 594 3588 se
613 3525 784 3608 confirmet
804 3545 847 3586 ex
867 3545 913 3598 eo,
933 3524 1025 3607 quod
1042 3524 1078 3586 in
1097 3522 1257 3605 pluribus
1277 3522 1404 3603 regnat,

281 3619 340 3682 ubi
352 3618 468 3700 religio
482 3617 684 3684 Christiana
699 3629 832 3701 recepta
844 3631 905 3694 est,
923 3619 993 3684 sint
1007 3620 1068 3702 qui
1079 3617 1242 3683 Divinam
1252 3623 1402 3699 potesta-

281 3726 345 3778 tem
364 3714 432 3777 sibi
444 3714 624 3789 vindicant,
641 3725 673 3778 et
690 3714 806 3779 volunt
820 3715 885 3778 coli
900 3715 985 3779 sicut
1002 3714 1055 3778 dii
1062 3737 1077 3789 ,·
1099 3724 1132 3778 et
1149 3713 1239 3796 quod
1253 3713 1406 3776 invocent

279 3809 427 3873 homines
446 3809 776 3874 mortuae-Dicunt
797 3810 933 3893 quidem
953 3809 1045 3894 quod
1066 3808 1226 3873 Divinam
1245 3816 1402 3891 potesta·

281 3918 352 3970 tem
375 3906 438 3970 sibi
462 3927 531 3969 non
554 3907 803 3988 arrogaverint,
829 3916 864 3971 et
886 3907 978 3990 quod
1007 3903 1107 3990 [non]
1132 3905 1241 3969 velint
1270 3903 1338 3968 coli
1365 3910 1402 3967 ut

280 4005 349 4083 dii;
381 4003 443 4067 sed
469 4024 575 4086 usque
597 4003 716 4067 dicunt
739 4002 831 4086 quod
854 4003 987 4085 aperire
1013 4012 1049 4066 et
1080 4001 1241 4066 claudere
1268 3999 1404 4082 possint

280 4098 424 4173 caelum,
444 4099 624 4164 remittere
643 4108 679 4162 et
697 4099 846 4164 retinere
870 4109 1027 4180 peccata,
1047 4098 1191 4183 proinde
1214 4096 1348 4160 salvare
1365 4103 1402 4160 et

280 4196 512 4259 condemnare
530 4194 700 4268 homines,
718 4204 754 4258 et
775 4194 842 4258 hoc
861 4204 916 4259 est
940 4194 1051 4277 ipsum
1071 4192 1254 4271 Divinum;
1278 4190 1405 4255 Divina

279 4291 369 4355 enim
388 4289 607 4356 Providentia
623 4311 691 4355 non
708 4290 799 4354 aliud
819 4311 881 4374 pro
899 4288 966 4354 fine
985 4290 1103 4365 habet,
1121 4308 1223 4374 quam
1239 4287 1402 4352 reforma·

279 4387 410 4450 tionem
430 4397 466 4451 et
489 4389 569 4452 inde
588 4386 840 4463 salvationem;
864 4385 951 4449 haec
974 4394 1030 4449 est
1052 4385 1124 4465 ejus
1143 4383 1299 4468 operatio
1318 4402 1402 4448 con·

279 4483 375 4546 tinua
390 4483 480 4565 apud
497 4483 780 4566 unumquemvis;
804 4501 843 4545 ac
864 4480 1012 4545 salvatio
1027 4501 1097 4545 non
1113 4490 1232 4562 potest
1251 4478 1321 4544 fieri
1340 4477 1407 4543 nisi

280 4595 379 4659 quam
399 4597 459 4660 per
477 4579 691 4660 agnitionem
711 4577 827 4641 Divini
847 4575 999 4652 Domini,
1021 4587 1056 4640 et
1075 4595 1136 4658 per
1155 4573 1404 4641 confidentiam

279 4669 372 4755 quod
393 4670 472 4754 Ipse
495 4671 611 4748 iaciat,
632 4674 713 4736 dum
737 4673 843 4737 homo
866 4672 1056 4736 secundum
1080 4681 1267 4755 praecepta
1292 4669 1408 4754 Ipsius
