3418 5370
512 691 564 744 na
586 691 725 743 mvnvs
748 689 1104 742 Pnovmannn-n.
1123 673 1196 743 286.
1354 690 1418 762 233

284 961 398 1049 Qvon
429 963 575 1030 Drvrna
605 963 877 1029 Pnovmr-:nvra
903 977 1033 1042 anona
1063 976 1124 1029 srr
1152 976 1255 1030 anun
1285 974 1417 1030 nanos

652 1073 762 1138 Qunu
785 1073 887 1124 neno
911 1072 1045 1124 nonos.

346 1242 443 1327 285.
474 1243 580 1328 Apud
599 1243 862 1328 unumquemvis
878 1243 1055 1308 hominem
1072 1252 1145 1309 tam
1164 1244 1294 1310 bonum
1312 1265 1415 1330 quam

282 1341 411 1405 malum
442 1351 523 1404 sunt
554 1341 654 1404 binae
685 1339 881 1418 facultates,
914 1359 1057 1424 quarum
1096 1361 1165 1406 una
1196 1341 1278 1406 facit
1312 1341 1415 1406 intel-

283 1433 420 1510 lthum,
442 1445 478 1501 et
502 1437 613 1500 altera
632 1434 862 1500 voluntatem.
911 1435 1078 1500 Facultas
1102 1457 1191 1520 quae
1209 1436 1292 1500 facit
1310 1435 1415 1500 intel·

282 1529 421 1608 lestum,
451 1543 507 1597 est
538 1533 630 1617 quod
665 1533 775 1616 possit
809 1532 1006 1617 intelligere
1041 1542 1078 1599 et
1113 1534 1293 1616 cogitare;
1327 1531 1414 1599 haec

281 1627 362 1692 inde
382 1638 527 1693 vocatur
545 1628 786 1692 rationalitas:
811 1638 847 1692 et
871 1627 1021 1694 facultas
1044 1649 1133 1713 quae
1152 1628 1234 1692 facit
1252 1627 1414 1692 volunta·

282 1733 365 1800 tem,
386 1733 441 1789 est
464 1726 556 1809 quod
580 1725 687 1790 libere
711 1724 772 1788 illa
794 1726 917 1808 possit,
938 1745 1063 1809 nempe
1089 1725 1257 1808 cogitare,
1277 1732 1313 1787 et
1333 1724 1415 1790 inde

282 1841 417 1905 quoque
434 1821 527 1905 loqui
546 1830 582 1885 et
601 1820 724 1896 facere,
743 1821 848 1884 modo
867 1841 936 1885 non
957 1823 1002 1884 sit
1020 1830 1144 1885 contra
1164 1821 1335 1884 rationem
1354 1839 1415 1885 seu

281 1917 573 1995 rationalitatem;
608 1916 714 1980 libere
744 1917 836 1980 enim
865 1937 981 1998 agere,
1010 1925 1065 1980 est
1093 1916 1230 2002 quoties
1259 1915 1346 1992 vult,
1378 1926 1414 1980 et

281 2012 371 2077 sicut
386 2013 471 2078 vult.
518 2011 691 2096 Quoniam
707 2012 773 2076 hae
790 2013 891 2076 binae
908 2010 1095 2076 facultates
1115 2019 1305 2095 perpetuae
1321 2020 1413 2088 sunt,

283 2117 319 2172 et
346 2111 530 2174 continuae
556 2129 577 2172 a
600 2107 716 2192 primis
740 2108 784 2171 ad
808 2108 931 2172 ultima
957 2108 992 2172 in
1016 2108 1176 2172 omnibus
1203 2117 1239 2172 et
1271 2107 1415 2191 singulis

282 2223 370 2288 quae
393 2205 499 2268 homo
522 2205 657 2286 cogitat
676 2213 713 2268 et
735 2204 819 2287 agit,
845 2214 881 2267 et
905 2195 985 2268 illae
1010 2222 1080 2267 non
1101 2204 1218 2268 insunt
1240 2202 1371 2268 homini
1393 2224 1415 2268 a

283 2319 330 2374 se,
348 2301 409 2363 sed
427 2309 506 2364 sunt
521 2300 612 2382 apud
628 2299 804 2362 hominem
820 2320 841 2362 a
858 2298 1020 2375 Domino,
1035 2301 1189 2384 sequitur
1205 2299 1298 2383 quod
1314 2320 1413 2383 prae·

282 2396 396 2460 sentia
415 2395 556 2459 Domini
575 2414 652 2459 cum
676 2396 710 2458 in
731 2394 799 2458 illis
818 2397 924 2458 etiam
948 2396 993 2459 sit
1013 2396 1048 2458 in
1072 2395 1228 2478 singulis,
1248 2397 1356 2460 immo
1378 2397 1413 2460 in

281 2491 561 2573 singularissimis
594 2490 744 2554 hominis
776 2487 976 2554 intelledtus
1005 2500 1042 2554 et
1071 2491 1306 2574 cogitationis,
1338 2501 1413 2555 tum

281 2587 474 2651 voluntatis
492 2597 529 2652 et
548 2583 748 2663 aflthionis,
768 2595 804 2649 et
828 2586 908 2650 inde
927 2587 961 2649 in
986 2586 1268 2668 singularissimis
1292 2585 1412 2670 loque·

281 2680 336 2746 lae
355 2692 391 2747 et
408 2679 563 2746 astionis.
609 2681 767 2746 Remove
785 2680 864 2744 illas
886 2679 1072 2745 facultates
1091 2680 1136 2744 ab
1155 2680 1270 2764 aliquo
1293 2681 1412 2764 singu·

281 2777 461 2853 latissimo,
479 2787 515 2842 et
532 2795 602 2841 non
619 2775 750 2859 poteris
766 2775 801 2839 id
817 2777 974 2858 cogitare
993 2796 1056 2840 nec
1073 2776 1167 2860 loqui
1186 2777 1276 2840 sicut
1295 2776 1412 2842 homo.

282 2879 341 2941 [a]
379 2872 482 2955 Quod
501 2873 607 2936 homo
624 2891 684 2954 per
700 2872 800 2935 binas
816 2872 894 2936 illas
911 2871 1100 2937 facultates
1117 2873 1163 2936 sit
1180 2871 1299 2948 homo,
1318 2873 1413 2957 possi

280 2969 438 3050 cogitare
457 2978 493 3032 et
516 2967 621 3052 loqui,
641 2968 817 3050 percipere
840 2967 932 3031 bona
951 2987 991 3031 ac
1011 2966 1208 3050 intelligere
1226 2989 1320 3044 vera,
1341 2989 1412 3034 non

281 3064 386 3128 modo
402 3064 515 3128 civilia
530 3073 567 3128 et
582 3063 736 3138 moralia,
753 3063 815 3126 sed
835 3065 939 3126 etiam
958 3063 1162 3145 spiritualia,
1179 3083 1219 3128 ac
1236 3065 1413 3130 reformari

281 3167 317 3222 et
332 3161 539 3243 regenerari,
556 3158 675 3233 verbo,
692 3158 786 3242 quod
805 3160 916 3240 possit
935 3157 1097 3240 conjungi
1118 3157 1280 3234 Domino,
1298 3171 1335 3225 et
1350 3181 1412 3243 per

280 3251 315 3315 id
330 3256 445 3320 vivere
464 3255 498 3318 in
514 3265 706 3329 aeternum,
724 3254 815 3337 prius
832 3273 892 3336 per
911 3254 1022 3317 multa
1041 3263 1221 3317 ostensum
1237 3264 1312 3333 est;
1337 3264 1411 3320 tum

279 3350 398 3424 etiam,
418 3350 512 3433 quod
531 3350 632 3414 binae
655 3349 736 3412 illae
755 3347 940 3413 facultates
960 3349 1029 3413 sint
1047 3367 1116 3412 non
1136 3349 1242 3412 modo
1261 3349 1411 3415 homini·

281 3443 344 3508 bus
362 3433 481 3520 bonis,
512 3445 573 3508 sed
603 3445 709 3510 etiam
726 3443 837 3507 malis.
883 3443 984 3508 Nunc
1011 3443 1091 3528 quia
1116 3443 1196 3508 illae
1225 3442 1410 3511 facultate·

279 3540 371 3628 apud
400 3540 576 3604 hominem
605 3561 626 3603 a
656 3538 808 3602 Domino
838 3548 930 3614 sunt,
956 3549 993 3604 et
1023 3559 1094 3603 non
1123 3538 1254 3603 homini
1284 3560 1410 3624 appro-

280 3637 413 3717 priatae
438 3646 476 3700 ut
509 3635 592 3717 ejus,
619 3634 797 3716 (Divinum
826 3637 918 3698 enim
948 3655 1017 3700 non
1048 3645 1168 3720 potest
1198 3639 1410 3720 appropriari

279 3731 410 3797 homini
429 3742 467 3795 ut
486 3731 568 3812 ejus,
589 3730 651 3795 sed
671 3740 791 3812 potest
810 3729 950 3814 adjungi
973 3732 1034 3809 illi,
1054 3743 1090 3797 et
1110 3732 1223 3814 perid
1243 3753 1410 3815 apparere

280 3829 368 3893 sicut
388 3825 488 3911 ejus.)
509 3837 544 3892 et
563 3827 643 3911 quia
661 3827 695 3890 id
721 3825 883 3889 Divinum
903 3828 994 3910 apud
1016 3828 1192 3892 hominem
1216 3837 1269 3891 est
1288 3829 1321 3891 in
1339 3831 1408 3892 sin-

277 3924 504 4006 gularissimis
532 3922 614 4004 ejus,
638 3923 791 4006 sequitur
813 3922 906 4005 quod
931 3921 1100 3986 Dominus
1126 3931 1227 4005 regat
1255 3923 1408 4006 singula·

279 4019 423 4094 tissima,
443 4029 517 4082 tam
536 4017 628 4099 apud
647 4018 824 4081 hominem
842 4017 981 4093 malurn,
999 4036 1100 4101 quam
1120 4019 1212 4100 apud
1230 4017 1407 4084 hominem

279 4111 428 4193 bonum;
453 4133 493 4178 ac
509 4115 665 4196 regimen
683 4112 822 4176 Domini
840 4123 896 4176 est
912 4113 1003 4197 quod
1020 4123 1165 4177 vocatur
1183 4112 1310 4178 Divina
1325 4114 1408 4179 Pro·

279 4210 442 4274 videntia.

343 4303 442 4370 286.
467 4303 566 4368 Nunc
579 4304 657 4387 quia
674 4303 732 4367 lex
750 4302 896 4367 Divinae
914 4303 1155 4369 Providentiae
1168 4314 1235 4382 est,
1249 4315 1286 4370 ut
1302 4305 1408 4371 homo

278 4400 390 4481 possit
421 4420 466 4463 ex
497 4399 607 4463 libero
636 4400 827 4463 secundum
858 4400 1037 4474 rationem,
1062 4399 1129 4463 hoc
1157 4410 1224 4476 est,
1249 4421 1295 4463 ex
1318 4400 1408 4464 binis

275 4493 346 4557 illis
364 4493 598 4570 facultatibus,
616 4493 779 4559 libertate
796 4503 832 4558 et
848 4494 1091 4570 rationalitate,
1109 4503 1305 4578 agere-et
1320 4516 1405 4579 quo·

276 4609 345 4672 que
364 4588 423 4654 lex
444 4589 590 4652 Divinae
610 4589 852 4654 Providentiae
871 4598 938 4664 est,
955 4590 1046 4673 quod
1065 4590 1099 4653 id
1123 4589 1216 4673 quod
1239 4591 1324 4672 agit,
1344 4609 1406 4674 ap·

277 4693 401 4770 pareat
417 4685 548 4748 homini
564 4685 653 4749 sicut
670 4685 714 4748 ab
729 4687 815 4769 ipso,
829 4694 865 4750 et
881 4684 962 4750 inde
978 4686 1066 4751 sicut
1081 4685 1317 4769 ipsius—tum
1335 4684 1406 4766 lex,
