3358 5384
495 679 545 728 nn
569 678 706 729 orvmo
729 678 875 744 anona,
897 680 991 732 enus
1013 680 1117 730 1.-u.
1141 667 1185 730 16.
1379 687 1398 754 7

276 851 372 915 vitae
396 859 475 933 post
495 859 642 914 mortem
666 850 710 913 sit
734 849 863 914 homini
883 851 1068 915 secundum
1089 851 1199 914 ideam
1222 852 1285 916 Dei
1308 855 1397 937 apud

279 967 317 1009 se
346 944 566 1021 affirmatam,
595 955 693 1027 patet
721 946 902 1010 manifeste
931 947 975 1010 ab
1006 947 1076 1029 ejus
1106 949 1279 1032 opposito,
1306 951 1397 1032 quod

279 1041 420 1124 negatio
443 1040 507 1105 Dei
530 1040 633 1104 saciat
654 1040 831 1118 infernum,
856 1051 892 1106 et
916 1042 949 1105 in
973 1040 1235 1107 Christianismo
1257 1047 1398 1127 negatio

279 1134 481 1201 Divinitatis
500 1136 649 1199 Domini.

279 1409 392 1493 Quoo
415 1409 511 1475 Essa
533 1424 583 1474 ur
605 1409 803 1476 Exrsrnnn
825 1425 868 1474 ru
891 1411 976 1476 Duo
1000 1411 1162 1478 Hamus
1192 1427 1397 1480 orsrrucrn

720 1520 831 1572 uuum
855 1521 951 1571 snm.

339 1710 406 1778 14.
435 1692 505 1758 Ubi
528 1703 582 1757 est
602 1693 701 1768 Esse,
721 1693 767 1756 ibi
791 1703 844 1756 est
869 1693 1055 1772 Existere;
1087 1715 1155 1757 non
1175 1695 1274 1758 datur
1293 1715 1396 1761 unum

277 1789 405 1869 absque
417 1787 548 1851 altero:
573 1786 660 1851 Esse
677 1789 767 1851 enim
787 1808 847 1869 per
866 1787 1029 1851 Existere
1047 1798 1107 1862 est,
1125 1798 1161 1851 et
1181 1808 1249 1852 non
1269 1789 1397 1872 absque

277 1905 327 1947 eo.
371 1882 447 1946 Hoc
467 1882 634 1947 rationale
654 1882 928 1965 comprehendit,
954 1885 1033 1946 dum
1053 1885 1198 1965 cogitat,
1219 1904 1299 1947 num
1324 1887 1397 1949 dari

277 1989 378 2060 queat
400 1978 536 2060 aliquod
561 1979 649 2041 Esse
671 1980 761 2060 quod
787 1998 854 2041 non
878 1978 1004 2050 exastit,
1030 1988 1065 2040 et
1093 1999 1172 2042 num
1197 1980 1268 2042 dari
1292 1991 1396 2062 queat
1473 1984 1475 1990 ’

276 2073 439 2136 Existere
459 2075 521 2136 nisi
544 2073 587 2136 ab
610 2073 717 2151 Esse;
746 2081 781 2136 et
803 2074 880 2154 quia
905 2092 1007 2134 unum
1032 2092 1108 2135 cum
1132 2074 1243 2136 altero
1267 2084 1302 2138 et
1326 2096 1394 2139 non

276 2169 403 2250 absque
420 2167 530 2231 altero
543 2170 655 2243 datur,
670 2170 821 2250 sequitur
837 2169 927 2250 quod
942 2187 1044 2230 unum
1062 2170 1141 2243 sint,
1156 2170 1217 2231 sed
1234 2167 1395 2234 distincte

276 2283 389 2325 unum.
435 2262 522 2327 Sunt
551 2261 711 2327 distincte
742 2283 856 2336 unum,
888 2265 975 2326 sicut
1006 2283 1103 2325 amor
1136 2273 1171 2326 et
1205 2267 1393 2346 sapientia:

275 2378 370 2421 amor
385 2360 490 2421 etiam
507 2368 560 2421 est
577 2357 675 2432 Esse,
693 2368 729 2421 et
745 2358 913 2440 sapientia
929 2367 983 2420 est
999 2356 1170 2432 Existere,
1188 2378 1284 2421 amor
1303 2361 1394 2422 enim

275 2473 343 2515 non
363 2453 462 2516 datur
481 2455 543 2515 nisi
566 2455 599 2515 in
623 2454 803 2534 sapientia,
825 2472 887 2516 nec
911 2453 1082 2533 sapientia
1101 2454 1164 2515 nisi
1188 2474 1233 2515 ex
1257 2472 1393 2532 amore3

275 2569 376 2630 quare
396 2568 472 2612 cum
492 2568 588 2612 amor
610 2550 644 2612 in
663 2549 832 2630 sapientia
851 2558 915 2623 est,
935 2557 1017 2611 tunc
1036 2547 1162 2610 existit.
1209 2547 1306 2612 Haec
1327 2551 1394 2614 duo

274 2643 346 2706 tale
369 2664 472 2706 unum
492 2655 582 2718 sunt,
603 2655 640 2707 ut
664 2645 801 2725 quidem
825 2643 991 2724 distingui
1011 2643 1226 2724 cogitatione
1246 2644 1392 2726 possint,

274 2739 333 2800 sed
364 2758 432 2801 non
456 2736 553 2802 actu:
589 2749 624 2803 et
655 2741 733 2822 quia
761 2739 926 2821 distingui
950 2747 1096 2820 possunt
1120 2739 1335 2819 cogitatione
1358 2749 1394 2803 et

275 2853 341 2897 non
359 2831 447 2909 actu,
462 2834 540 2898 ideo
556 2835 680 2898 dicitur
692 2833 853 2899 distinete
866 2854 980 2898 unum.
1025 2832 1112 2897 Esse
1129 2843 1165 2896 et
1182 2833 1344 2897 Existere
1359 2835 1394 2897 in

274 2928 350 2992 Deo
379 2927 528 2993 Homine
550 2931 652 2993 etiam
672 2927 834 2993 distincte
853 2949 957 2992 unum
987 2939 1066 2993 sunt
1096 2929 1183 2991 sicut
1214 2930 1328 2992 anima
1358 2939 1393 2994 et

275 3045 416 3108 corpus:
442 3026 555 3089 anima
574 3045 642 3087 non
662 3026 763 3087 datur
782 3025 910 3107 absque
930 3045 991 3087 suo
1010 3044 1165 3103 corpore,
1187 3043 1250 3086 nec
1270 3044 1393 3107 corpus

274 3120 403 3203 absque
424 3141 484 3183 sua
503 3122 626 3185 anima.
672 3120 796 3183 Divina
816 3121 943 3183 Anima
962 3119 1026 3182 Dei
1051 3118 1210 3182 Hominis
1230 3129 1284 3183 est
1307 3139 1394 3202 quae

273 3216 474 3297 intelligitur
497 3236 557 3297 per
576 3217 735 3279 Divinum
757 3214 864 3292 Esse;
892 3234 931 3277 ac
956 3214 1119 3277 Divinum
1139 3213 1281 3296 Corpus,
1302 3214 1412 3295 quod.

272 3309 477 3392 intelligitur
501 3331 559 3392 per
584 3310 744 3373 Divinum
768 3308 941 3373 Existere.
989 3308 1090 3389 Quod
1110 3309 1222 3370 anima
1243 3311 1393 3371 existere

271 3400 381 3479 possit
397 3400 526 3482 absque
542 3419 695 3480 corpore,
711 3419 749 3461 ac
767 3399 920 3479 cogitare
938 3407 973 3460 et
990 3419 1119 3479 sapere,
1134 3407 1187 3461 est
1204 3419 1297 3461 error
1313 3419 1390 3480 pro·

271 3491 378 3558 fluens
395 3516 439 3558 ex
455 3493 621 3570 fallaciis;
646 3496 756 3556 omnis
773 3495 863 3556 enim
881 3494 995 3556 anima
1008 3493 1155 3555 hominis
1174 3495 1207 3555 in
1225 3494 1390 3575 spirituali

273 3607 414 3670 corpore
438 3599 502 3663 est,
528 3598 708 3671 postquam
731 3588 840 3669 rejicit
865 3589 1007 3669 exuvias
1030 3587 1227 3650 materiales
1251 3609 1334 3670 quas
1357 3591 1390 3652 in

272 3687 400 3747 mundo
419 3685 635 3747 circumtulit.

334 3796 401 3864 15.
431 3779 532 3861 Quod
550 3779 638 3842 Esse
657 3799 724 3841 non
744 3781 788 3842 sit
808 3778 896 3843 Esse
912 3779 976 3842 nisi
994 3779 1129 3855 existat,
1148 3788 1203 3843 est
1226 3779 1304 3861 quia
1323 3798 1391 3844 non

272 3877 361 3958 prius
378 3885 431 3937 est
450 3877 483 3938 in
500 3875 617 3948 sorma,
635 3885 671 3938 et
689 3876 716 3936 si
736 3894 805 3937 non
822 3884 875 3938 est
894 3875 927 3938 in
947 3874 1055 3937 forma
1070 3894 1139 3938 non
1156 3874 1263 3938 habet
1278 3874 1391 3957 quale,

272 3982 306 4034 et
327 3973 417 4054 quod
437 3991 506 4033 non
526 3970 631 4034 habet
651 3969 751 4052 quale
771 3990 840 4033 non
860 3980 914 4034 est
935 3969 1071 4052 aliquid.
1117 3969 1206 4035 lllud
1231 3970 1322 4052 quod
1346 3991 1392 4034 ex

273 4067 359 4130 Esse
371 4065 497 4140 extbtit,
511 4085 613 4129 unum
629 4065 711 4128 facit
729 4085 805 4129 curn
819 4065 906 4128 Esse
923 4086 983 4148 per
998 4065 1032 4129 id
1049 4065 1138 4147 quod
1157 4067 1202 4130 sit
1218 4085 1264 4129 ex
1280 4065 1368 4129 Esse
1382 4085 1391 4145 ;

273 4165 351 4225 inde
374 4173 428 4226 est
452 4163 561 4225 unitio
584 4163 616 4224 in
641 4181 756 4237 unum,
776 4173 812 4224 et
836 4162 915 4225 inde
935 4170 988 4225 est
1008 4163 1098 4244 quod
1118 4181 1221 4226 unum
1240 4163 1286 4226 sit
1302 4161 1390 4224 alte·

272 4259 338 4320 rius
355 4269 473 4320 mutuo
490 4269 524 4320 et
544 4258 703 4331 vicissim,
722 4267 795 4319 tum
815 4258 905 4338 quod
923 4277 1026 4320 unum
1043 4259 1086 4320 sit
1107 4277 1209 4320 omne
1232 4258 1264 4319 in
1281 4256 1391 4320 omni·

272 4353 335 4416 bus
354 4353 494 4415 alterius
514 4353 601 4415 sicut
620 4353 653 4414 in
673 4373 719 4414 se.

335 4451 405 4515 16.
436 4448 492 4510 Ex
515 4449 567 4510 his
588 4457 748 4510 constare
767 4456 896 4529 potest,
915 4448 1004 4529 quod
1026 4448 1119 4511 Deus
1138 4449 1182 4511 sit
1207 4447 1333 4521 Homo,
1355 4436 1391 4510 et

273 4543 363 4624 quod
383 4544 491 4624 perid
511 4545 554 4605 sit
570 4541 663 4605 Deus
681 4541 867 4620 Existens;
893 4563 961 4605 non
979 4543 1145 4605 Existens
1164 4563 1184 4605 a
1204 4541 1258 4616 Se,
1276 4541 1337 4606 sed
1356 4539 1389 4604 ln

275 4635 328 4702 Se.
374 4637 440 4719 Qui
458 4640 492 4701 in
513 4637 555 4702 Se
575 4639 707 4713 existit,
727 4638 785 4701 ille
805 4647 859 4701 est
879 4637 972 4701 Deus
992 4659 1011 4700 a
1030 4658 1098 4718 quo
1117 4639 1243 4702 omnia.
