3358 5384
460 663 510 712 na
534 662 670 714 nivruo
694 662 840 726 nuoaa,
860 663 955 714 unas
978 663 1082 714 1.-u.
1099 652 1149 734 69.
1333 671 1372 737 27

243 837 316 902 ficit
339 831 568 910 intellecturn
589 836 744 900 elevatur
767 837 800 899 in
826 837 967 899 tertium
991 838 1146 920 gradum,
1169 849 1203 901 et
1230 849 1311 902 tunc
1335 838 1373 904 fit

244 935 435 1000 rationalis.
481 933 567 998 Tres
583 934 710 1016 gradus
726 955 889 998 ascensus
908 936 942 998 in
963 935 1091 998 mundo
1108 937 1275 1018 spirituali
1295 947 1374 1002 sunt

243 1037 278 1099 in
294 1034 354 1098 illo
366 1053 468 1114 supra
484 1043 554 1096 tres
570 1033 697 1114 gradus
713 1032 899 1109 naturales,
914 1053 976 1097 nec
994 1047 1161 1115 apparent
1179 1038 1373 1117 priusquam

242 1135 340 1196 exuit
357 1151 481 1213 corpus
501 1141 683 1194 terrestre:
710 1151 786 1194 curn
810 1131 875 1194 hoc
896 1133 1004 1207 exuit,
1026 1133 1177 1214 aperitur
1196 1134 1226 1196 ci
1245 1135 1375 1215 primus

242 1231 369 1312 gradus
388 1229 582 1310 spiritualis,
604 1241 725 1311 postea
745 1229 925 1306 secundus
946 1241 982 1293 et
1001 1230 1138 1293 demum
1159 1233 1292 1304 tertius,
1310 1231 1373 1294 sed

241 1328 353 1391 solum
378 1327 468 1408 apud
487 1326 566 1392 illos
590 1328 645 1410 qui
665 1326 750 1391 liunt
774 1327 889 1410 angeli
908 1329 1002 1392 tertii
1022 1329 1129 1406 caeli;
1159 1329 1193 1391 hi
1217 1341 1295 1392 sunt
1315 1331 1373 1412 qui

243 1426 362 1488 vident
387 1425 518 1488 Deum:
549 1425 667 1507 angeli
690 1426 832 1489 secundi
856 1434 891 1489 et
915 1425 1027 1489 ultimi
1051 1427 1138 1489 caeli
1162 1425 1258 1502 fiunt,
1279 1425 1372 1510 apud

239 1544 327 1605 quos
351 1522 521 1586 secundus
545 1534 580 1586 et
605 1523 743 1587 ultimus
771 1525 898 1606 gradus
922 1526 1042 1604 aperiri
1073 1536 1201 1607 potest.
1248 1523 1374 1589 Omnis

241 1621 369 1704 gradus
393 1621 578 1702 spiritualis
608 1621 698 1703 apud
728 1621 903 1685 hominem
934 1624 1085 1704 aperitur
1108 1624 1296 1686 secundum
1316 1645 1368 1687 re-

242 1720 439 1801 ceptionem
456 1718 571 1782 Divini
586 1718 725 1783 Amoris
742 1730 778 1783 et
790 1719 935 1783 Divinae
953 1719 1149 1800 Sapientiae
1162 1743 1182 1784 a
1196 1721 1347 1784 Domino
1360 1743 1369 1800 ;

242 1819 297 1899 qui
321 1815 448 1898 aliquid
472 1819 652 1898 recipiunt,
672 1819 814 1881 veniunt
837 1819 871 1880 in
894 1819 1039 1900 gradum
1064 1817 1277 1898 spiritualem
1301 1819 1368 1900 pri-

242 1935 334 1978 murn
347 1935 408 1977 seu
424 1914 582 1978 ultimum
599 1936 607 1993 ;
632 1916 688 1998 qui
704 1914 791 1997 plus,
809 1915 842 1977 in
859 1917 1003 1998 gradum
1016 1916 1227 1999 spiritualem
1245 1936 1367 1980 secun-

242 2014 321 2075 dum
341 2033 401 2075 seu
425 2012 596 2091 medium;
625 2021 661 2076 et
679 2013 735 2095 qui
752 2014 908 2089 multum,
927 2017 960 2077 in
980 2015 1124 2096 gradum
1145 2016 1283 2077 tertium
1308 2035 1367 2078 seu

241 2130 458 2192 supremum
489 2111 544 2193 qui
568 2121 684 2174 autem
708 2110 792 2174 nihil
818 2132 935 2175 eorum
961 2113 1141 2193 recipiunt,
1166 2121 1309 2176 manent
1333 2113 1367 2175 in

239 2209 402 2290 gradibus
426 2208 650 2284 naturalibus
670 2219 707 2272 et
725 2229 746 2272 a
765 2211 927 2290 gradibus
952 2210 1183 2292 spiritualibus
1203 2230 1272 2273 non
1296 2220 1367 2274 tra·

238 2308 326 2370 hunt
351 2307 438 2388 plus,
457 2326 558 2390 quarn
584 2307 676 2390 quod
701 2311 837 2389 possint
859 2309 1013 2389 cogitare
1039 2317 1074 2372 et
1099 2308 1178 2372 inde
1203 2308 1305 2390 loqui,
1326 2328 1368 2372 ac

238 2403 329 2468 velle
349 2415 384 2468 et
404 2405 483 2468 inde
500 2425 614 2486 agere,
635 2405 695 2469 sed
716 2425 785 2469 non
804 2405 1053 2487 intelligenter.

302 2501 376 2567 68.
407 2501 460 2564 De
488 2503 682 2566 elevatione
718 2504 919 2566 interiorum
946 2504 1095 2568 hominis
1125 2524 1211 2587 quae
1240 2501 1369 2567 mentis

238 2597 308 2679 ejus
334 2609 425 2672 sunt,
450 2599 516 2663 hoc
540 2602 644 2663 etiarn
668 2601 844 2664 sciendum
868 2611 932 2664 est.
978 2598 1081 2665 Omni
1105 2611 1223 2665 creato
1246 2623 1266 2664 a
1289 2599 1370 2665 Deo

237 2699 328 2760 inest
358 2693 496 2760 reafitio
542 2695 613 2761 Soli
637 2696 742 2761 Vitae
773 2707 827 2761 est
857 2696 959 2772 attio,
980 2708 1016 2763 et
1039 2696 1169 2763 readlio
1192 2699 1370 2762 excitatur

236 2814 297 2876 per
316 2791 486 2860 adilonem
508 2794 622 2859 Vitae.
669 2795 734 2858 Illa
753 2794 882 2860 readtio
905 2805 1049 2878 apparet
1069 2798 1156 2860 sicut
1180 2799 1224 2860 sit
1244 2797 1366 2866 creati,

236 2912 283 2956 ex
310 2912 353 2957 eo
382 2894 472 2975 quod
501 2895 632 2956 existat
659 2913 736 2957 curn
763 2896 895 2976 agitur:
931 2897 980 2958 ita
1002 2897 1035 2957 in
1059 2895 1197 2958 homine
1221 2905 1367 2976 apparet

235 2991 325 3053 sicut
352 2991 397 3052 sit
422 2989 504 3071 ejus,
525 2993 603 3072 quia
627 3010 696 3054 non
729 2993 836 3055 sentit
860 2991 960 3055 aliter
983 3013 1084 3075 quarn
1109 2993 1199 3074 quod
1224 2994 1296 3055 vita
1319 2994 1364 3056 sit

235 3085 318 3168 ejus,
340 3107 417 3151 cum
436 3100 553 3154 tamen
577 3089 684 3152 homo
704 3100 758 3152 est
777 3089 889 3153 solum
913 3092 1078 3172 recipiens
1097 3093 1199 3154 vitae.
1247 3090 1303 3153 Ex
1322 3111 1364 3154 ea

234 3201 339 3246 causa
358 3194 423 3256 est,
441 3183 532 3266 quod
549 3184 653 3247 homo
669 3205 714 3246 ex
731 3185 822 3248 malo
839 3206 900 3248 suo
917 3185 1124 3249 hereditario
1143 3195 1262 3268 reagat
1280 3206 1362 3248 con·

235 3289 289 3342 tra
319 3280 449 3344 Deum:
482 3283 542 3344 sed
568 3284 655 3344 sicut
679 3283 791 3345 credit
819 3283 910 3365 quod
938 3285 1050 3346 omnis
1076 3284 1148 3346 vita
1178 3283 1248 3363 ejus
1276 3285 1321 3346 sit
1342 3304 1363 3346 a

235 3377 321 3452 Deo,
343 3390 379 3442 et
398 3380 644 3443 omnebonum
663 3381 756 3444 vitae
781 3382 825 3443 ab
847 3379 983 3445 adlione
1008 3381 1083 3454 Dei,
1104 3393 1139 3444 et
1163 3401 1265 3444 omne
1288 3401 1361 3444 ma-

234 3474 305 3538 lurn
325 3477 417 3540 vitae
441 3497 461 3539 a
483 3475 655 3540 readtione
679 3477 838 3554 hominis,
862 3481 911 3543 ita
933 3475 1062 3542 readtio
1086 3477 1123 3542 fit
1146 3477 1300 3553 abbonis,
1321 3499 1361 3542 ac

233 3572 339 3638 homo
355 3575 428 3655 agit
445 3594 522 3637 curn
540 3574 616 3638 Deo
632 3577 720 3639 sicut
740 3598 759 3639 a
778 3597 825 3640 se.
871 3575 1122 3658 Aequilibrium
1139 3579 1290 3640 omniurn
1307 3588 1360 3641 est

233 3671 278 3734 ab
297 3668 432 3734 abbione
451 3683 486 3735 et
506 3673 604 3735 simul
624 3672 809 3748 readiione
827 3682 863 3738 et
885 3675 920 3737 in
943 3674 1144 3757 aequilibrio
1163 3677 1227 3739 erit
1246 3696 1359 3739 omne.

235 3767 332 3832 Haec
364 3767 457 3833 dieta
483 3779 574 3846 sunt,
599 3791 642 3833 ne
673 3771 777 3835 homo
803 3771 923 3836 credat
951 3772 1041 3854 quod
1070 3773 1143 3854 ipse
1173 3774 1216 3835 ad
1247 3772 1358 3836 Deum

233 3866 401 3931 ascendat
419 3887 439 3930 a
458 3887 515 3947 se;
539 3868 599 3932 sed
619 3889 638 3931 a
658 3867 817 3933 Domino.

230 4177 348 4262 Quor>
372 4179 886 4246 D1V1uuu1nreanrouu1n
910 4195 1045 4248 snam
1068 4196 1247 4250 uu1vans1
1271 4197 1356 4251 aas·

674 4291 748 4357 Qus
771 4293 914 4345 srnrro.

295 4466 372 4546 69.
403 4463 490 4530 Sunt
517 4466 586 4530 duo
613 4475 755 4530 naturae
785 4453 930 4548 propria,
956 4466 1112 4548 Spatium
1139 4477 1175 4532 et
1204 4465 1346 4549 Tempus

230 4563 288 4628 Ex
308 4564 360 4626 his
376 4563 480 4626 homo
500 4565 532 4626 in
554 4563 698 4627 naturali
718 4565 846 4627 mundo
865 4564 990 4629 format
1009 4565 1103 4629 ideas
1122 4586 1203 4630 suae
1222 4567 1354 4648 cogita·

229 4663 346 4736 tionis,
367 4673 402 4726 et
426 4663 505 4726 inde
525 4660 758 4741 intellthum;
786 4663 813 4726 si
837 4671 955 4726 manet
978 4664 1011 4726 in
1032 4663 1097 4727 illis
1117 4664 1212 4739 ideis,
1230 4673 1266 4728 et
1286 4684 1355 4728 non
