3418 5368
493 650 544 700 DE
567 650 705 702 ntvlna
727 651 1082 705 Pkovlnnnntaaen.
1102 657 1174 725 250.
1337 663 1395 732 191

191 897 193 900 ,
267 823 384 889 tiones
415 822 580 904 Divinas;
614 831 651 890 et
680 825 844 911 quamdiu
875 848 923 893 ex
950 827 1018 893 illis
1046 849 1116 894 non
1142 829 1249 914 spirat
1280 831 1395 912 altius,

266 922 406 1004 cogitat
430 920 543 986 Deum
563 942 651 1000 esse,
671 932 709 988 et
731 944 868 1009 quoque
891 924 976 990 colit
995 925 1135 1009 Ipsum3
1162 931 1224 994 sed
1247 930 1397 997 incultu

268 1015 369 1093 latet,
387 1018 480 1102 quod
496 1019 569 1100 ipse
586 1030 667 1084 tunc
685 1020 808 1098 nescit,
822 1029 860 1084 ut
874 1041 895 1085 a
912 1020 988 1085 Deo
1000 1024 1168 1089 evehatur
1182 1025 1227 1088 ad
1244 1026 1397 1110 dignita·

267 1123 324 1174 tes
339 1111 451 1178 adhuc
469 1115 673 1196 superiores,
691 1123 727 1178 et
745 1116 790 1178 ad
805 1135 892 1200 opes
907 1116 1018 1182 adhuc
1032 1118 1217 1203 ampliores
1231 1141 1240 1200 ;
1262 1130 1300 1186 et
1316 1121 1344 1185 si
1362 1122 1397 1186 in

267 1206 347 1272 illas
370 1209 476 1284 venit,
497 1209 570 1273 abit
594 1208 707 1273 cultus
730 1209 802 1294 ejus
824 1212 869 1277 ad
892 1213 1067 1278 exteriora
1085 1215 1198 1297 magis
1216 1225 1251 1280 et
1274 1217 1396 1300 magis,

269 1323 377 1387 usque
401 1305 482 1367 dum
509 1303 667 1381 elabitur,
691 1315 728 1370 et
751 1307 896 1372 tandem
919 1316 957 1372 ut
981 1307 1094 1373 Deum
1118 1308 1338 1394 t¹¹vllipendat
1360 1322 1398 1376 et

269 1409 399 1481 neget;
429 1399 541 1465 simile
559 1400 654 1478 facit,
673 1402 701 1466 si
724 1423 745 1466 a
767 1404 940 1486 dignitate
959 1413 995 1468 et
1015 1404 1203 1488 opulentia,
1223 1407 1397 1492 inquibus

268 1513 439 1559 corsuum
452 1497 579 1580 posuit,
591 1496 805 1579 dejiceretur.
842 1497 935 1582 Quid
950 1509 1031 1564 tunc
1045 1501 1237 1584 dignitates
1250 1511 1286 1566 et
1300 1524 1396 1585 opes,

270 1590 334 1654 nisi
350 1590 558 1654 offendicula
573 1591 697 1655 malis?
743 1599 800 1660 [2.]
825 1593 904 1658 Νοη
921 1605 1037 1659 autem
1053 1595 1164 1672 bonis,
1178 1598 1257 1680 quia
1272 1598 1306 1661 hi
1326 1617 1396 1662 non

269 1704 329 1749 cor
348 1689 381 1750 in
400 1685 468 1750 illis
487 1697 634 1768 ponunt,
651 1687 712 1751 sed
732 1688 766 1750 in
786 1689 902 1752 usibus
917 1710 977 1754 seu
996 1690 1108 1767 bonis,
1129 1692 1172 1754 ad
1191 1713 1278 1776 quae
1298 1714 1397 1775 prae·¹

268 1782 395 1844 standa
414 1782 607 1864 dignitates
634 1792 670 1846 et
698 1803 782 1866 opes
805 1784 994 1849 inserviunt
1018 1807 1080 1866 pro
1103 1788 1234 1851 mediis.
1280 1785 1396 1870 Quare

269 1896 332 1958 per
349 1878 441 1959 quod
459 1878 554 1960 impii
573 1877 616 1940 ad
635 1877 786 1941 honores
804 1889 841 1942 et
859 1900 945 1963 opes
961 1893 1239 1963 promoveantur,
1257 1893 1293 1947 et
1312 1882 1396 1949 fiant

270 1982 455 2053 magnates
471 1983 506 2036 et
523 1975 700 2057 primates,
717 1994 787 2037 non
805 1975 892 2039 alius
908 1986 1027 2060 potest
1043 1998 1080 2042 se
1096 1989 1218 2041 contra
1235 1979 1395 2044 Divinam

271 2066 529 2132 Providentiam
557 2068 771 2145 confirmare,
792 2092 894 2154 quarn
924 2073 981 2157 qui
1010 2073 1124 2137 cultor
1147 2075 1197 2138 sui
1225 2084 1260 2138 et
1284 2074 1397 2140 cultor

271 2173 415 2228 naturae
434 2173 496 2227 est.
542 2163 735 2241 Praeterea,
755 2168 835 2251 quid
855 2168 1008 2250 dignitas
1024 2169 1131 2251 major
1149 2179 1185 2233 et
1204 2171 1337 2234 minor?
1359 2180 1396 2234 et

268 2259 351 2342 quid
382 2259 561 2343 opulentia
589 2261 696 2342 major
723 2272 759 2325 et
790 2264 921 2327 minor?
974 2264 1065 2327 Num
1095 2265 1187 2328 aliud
1218 2267 1309 2329 inse
1340 2276 1394 2330 est

269 2373 373 2436 quam
397 2355 573 2438 quoddam
596 2357 860 2438 imaginarium?
911 2357 1003 2423 Num
1032 2357 1176 2424 faustior
1203 2371 1239 2425 et
1267 2359 1396 2423 felicior

269 2469 479 2534 unusquam
502 2450 591 2515 alter
614 2453 693 2516 est?
738 2452 874 2516 Numne
898 2455 1051 2542 dignitas
1070 2456 1162 2536 apud
1181 2466 1392 2536 magnatem,

269 2546 378 2609 immo
400 2547 492 2630 apud
515 2567 633 2628 regern
656 2558 693 2611 et
711 2549 957 2630 imperatorem
980 2559 1060 2632 post
1084 2570 1233 2613 annuum
1258 2562 1395 2632 tempus

270 2640 448 2722 spettatur
468 2642 569 2706 aliter
587 2663 689 2727 quarn
706 2645 795 2707 sicut
812 2663 995 2708 commune
1014 2646 1199 2727 quoddam,
1217 2647 1308 2728 quod
1326 2666 1394 2708 non

269 2739 417 2820 amplius
444 2739 573 2820 gaudio
603 2739 739 2802 exaltat
769 2760 827 2803 cor
855 2739 938 2821 ejus,
963 2749 999 2804 et
1028 2740 1249 2823 quodetiam
1276 2751 1395 2822 potest

269 2835 361 2915 apud
384 2834 481 2898 illum
506 2834 697 2899 vilescere?
743 2835 834 2899 Num
857 2835 907 2899 illi
936 2856 982 2898 ex
1013 2837 1081 2898 suis
1110 2837 1337 2919 dignitatibus
1359 2838 1393 2899 in

270 2930 389 3012 majori
408 2931 517 3013 gradu
536 2930 712 2995 felicitatis
730 2941 822 3007 sunt,
842 2951 944 3016 quam
964 2932 1069 3016 quiin
1090 2933 1222 3008 minori,
1240 2933 1344 2995 immo
1360 2933 1395 2996 in

216 3093 218 3100 ,
271 3027 412 3090 minima
435 3027 609 3110 dignitate
633 3037 736 3106 sunt;
763 3028 852 3091 sicut
875 3037 955 3092 sunt
982 3027 1099 3091 coloni
1123 3037 1159 3091 et
1186 3048 1322 3110 quoque
1344 3028 1394 3092 fa·

268 3122 353 3186 muli
375 3121 537 3186 illorum?
583 3122 731 3186 Possunt
750 3121 786 3186 hi
804 3123 838 3186 in
858 3121 975 3203 majori
994 3123 1103 3204 gradu
1122 3123 1299 3186 felicitatis
1317 3143 1395 3189 esse

268 3237 346 3281 curn
365 3219 453 3282 bene
471 3219 540 3282 illis
559 3228 626 3293 est,
643 3229 679 3283 et
700 3219 857 3282 contenti
879 3227 960 3282 sunt
983 3238 1044 3281 sua
1066 3227 1170 3283 sorte.
1216 3216 1301 3301 Quis
1318 3217 1395 3302 plus

268 3315 372 3377 corde
385 3315 557 3398 inquietus
571 3325 637 3388 est,
650 3315 726 3398 quis
737 3313 873 3394 saepius
889 3314 1097 3395 indignatur,
1111 3324 1148 3376 et
1164 3315 1240 3396 quis
1255 3316 1394 3396 gravius

268 3409 435 3485 irascitur,
453 3429 555 3494 quam
577 3429 674 3473 amor
692 3409 765 3472 sui?
811 3407 888 3472 Hoc
908 3407 945 3472 fit
964 3411 1100 3492 quoties
1118 3429 1187 3472 non
1204 3411 1393 3476 secundum

266 3505 381 3568 cordis
404 3507 454 3568 sui
481 3503 736 3570 exaltationem
760 3504 961 3578 honoratur,
986 3514 1021 3567 et
1049 3507 1185 3586 quoties
1211 3505 1339 3588 aliquid
1362 3507 1393 3570 ei

265 3601 311 3662 ad
331 3610 451 3664 nutum
475 3610 509 3663 et
528 3611 648 3664 votum
669 3620 737 3664 non
761 3601 926 3664 succedit.
972 3597 1061 3682 Quid
1081 3619 1165 3682 ergo
1184 3601 1345 3684 dignitas,
1365 3603 1393 3666 si

266 3715 336 3759 non
357 3697 401 3759 sit
422 3696 471 3759 rei
490 3706 549 3760 aut
570 3718 660 3769 usus,
682 3697 745 3760 nisi
768 3695 870 3759 idea?
916 3694 1006 3757 Num
1026 3695 1106 3758 talis
1126 3695 1203 3760 idea
1223 3707 1338 3779 potest
1356 3699 1392 3761 in

265 3791 334 3854 alia
364 3793 577 3874 cogitatione
607 3813 684 3856 esse
714 3811 815 3876 quam
845 3793 878 3854 in
909 3792 1124 3872 cogitatione
1151 3792 1194 3856 de
1224 3813 1261 3855 se
1288 3793 1392 3858 etde

265 3887 406 3960 mundo,
424 3909 463 3952 ac
483 3888 559 3970 ipsa
578 3888 610 3951 in
631 3909 669 3952 se
685 3889 776 3971 quod
796 3888 942 3951 mundus
962 3887 1007 3950 sit
1023 3905 1137 3962 omne,
1155 3907 1194 3950 ac
1212 3898 1392 3953 aeternum
1410 3915 1412 3920 ’

264 3985 310 4048 sit
328 3981 434 4048 nihil?
472 3995 530 4060 [3.]
554 3982 653 4048 Nunc
667 3983 794 4066 aliquid
812 3985 946 4046 dicetur
958 3984 1001 4046 de
1019 3983 1144 4046 Divina
1160 3982 1390 4060 Providentia,

262 4099 323 4144 cur
350 4080 532 4163 permittit,
558 4081 649 4162 quod
673 4081 766 4160 impii
790 4079 893 4143 corde
920 4078 1110 4142 evehantur
1133 4079 1176 4141 ad
1201 4079 1392 4161 dignitates

261 4187 300 4240 et
331 4177 504 4242 lucrentur
534 4195 628 4257 opes.
676 4175 776 4258 Impii
807 4195 866 4238 seu
897 4173 976 4238 mali
1002 4195 1110 4258 aeque
1137 4185 1282 4255 possunt
1310 4195 1391 4238 usus

261 4285 441 4356 praestare
460 4274 548 4336 sicut
564 4275 607 4354 pii
626 4295 686 4338 seu
703 4275 795 4348 boni,
816 4274 921 4337 immo
940 4293 985 4336 ex
1002 4272 1133 4336 fortiori
1149 4273 1239 4354 igne,
1257 4293 1336 4336 nam
1352 4293 1390 4337 se

260 4368 422 4453 spefiant
440 4371 474 4432 in
491 4368 616 4445 usibus,
630 4392 670 4435 ac
686 4370 835 4434 honores
852 4381 889 4433 ut
907 4391 1005 4447 usus;
1026 4390 1130 4453 quare
1146 4369 1180 4431 in
1196 4390 1264 4453 quo
1280 4368 1390 4452 gradu
1456 4427 1459 4434 .

261 4486 358 4530 amor
374 4467 426 4530 sui
442 4463 589 4539 scandit,
602 4466 635 4529 in
655 4487 698 4530 eo
712 4465 913 4530 accenditur
929 4465 1035 4529 libido
1050 4465 1196 4529 faciendi
1213 4485 1292 4529 usus
1308 4485 1390 4529 suae

261 4561 394 4643 gloriae
411 4579 526 4625 causa.
571 4559 667 4624 Talis
683 4561 772 4643 ignis
790 4581 858 4624 non
873 4561 974 4624 datur
990 4562 1080 4644 apud
1100 4561 1175 4644 pios
1192 4582 1252 4624 seu
1266 4561 1388 4638 bonos,

260 4657 325 4721 nisi
352 4655 565 4722 fomentatus
592 4657 637 4721 sit
666 4657 784 4721 subter
814 4657 858 4720 ab
886 4656 1027 4722 honore.
1074 4656 1190 4742 Quare
1220 4658 1389 4724 Dominus
