3422 5380
494 597 542 646 DE
567 597 703 649 Dlvlnta
727 597 1081 649 PROVIDENTIA.·-N.
1101 599 1172 666 294.
1335 599 1398 666 239

269 789 473 852 permanere
490 778 617 852 potest,
635 790 737 853 quam
753 791 831 836 cum
851 771 1019 836 Dominus
1039 781 1093 836 est
1112 790 1215 836 omne
1235 770 1267 834 in
1285 771 1396 833 omni-

273 863 346 938 bus,
360 875 396 928 et
413 864 463 928 illi
479 864 562 929 nihil
575 868 609 928 in
627 875 716 930 toto.
751 866 881 930 Dicunt
897 868 1009 930 adhuc
1029 886 1181 942 causam,
1196 866 1288 950 quod
1302 867 1397 949 cogi·

270 969 348 1022 tare
361 970 397 1022 et
410 958 500 1023 velle
513 981 558 1023 ex
576 981 624 1035 se,
639 963 683 1024 sit
697 963 807 1044 ipsum
821 961 984 1026 Divinum
1000 983 1007 1040 ς
1031 981 1071 1025 ac
1088 963 1245 1043 cogitare
1258 971 1294 1025 et
1307 961 1399 1026 velle

267 1073 318 1116 ex
336 1052 425 1128 Deo,
440 1055 483 1118 sit
500 1054 610 1138 ipsum
628 1055 835 1136 humanum;
860 1079 899 1121 ac
918 1059 1028 1140 ipsum
1046 1055 1209 1120 Divinum
1230 1076 1298 1119 non
1317 1067 1397 1139 pot-

267 1157 327 1212 est
346 1151 557 1233 appropriari
575 1151 677 1214 alicui
697 1151 838 1228 homini,
862 1153 910 1216 sic
935 1153 1026 1215 enim
1050 1151 1157 1214 homo
1178 1151 1267 1214 foret
1291 1151 1397 1218 Deus.

273 1243 368 1308 Tene
392 1247 469 1321 hoc,
490 1256 526 1310 et
549 1247 593 1310 ab
616 1247 762 1330 angelis,
786 1250 815 1312 si
837 1250 901 1326 vis,
922 1247 1190 1322 confirmaberis,
1212 1247 1292 1310 dum
1317 1258 1399 1330 post

266 1339 405 1404 obitum
424 1341 459 1404 in
478 1343 643 1406 mundum
661 1344 875 1426 spiritualem
893 1345 1000 1410 venis.

335 1448 435 1518 294.
466 1434 604 1501 Βὶᾶυιῃ
634 1449 689 1502 est
720 1459 822 1522 supra
846 1439 894 1520 (n.
919 1437 1009 1522 289),
1033 1438 1125 1522 quod
1152 1455 1230 1502 cum
1257 1437 1398 1519 quidam

268 1528 421 1594 convidti
441 1542 532 1608 sunt,
552 1533 644 1616 quod
668 1534 781 1598 nullus
800 1537 936 1617 cogitet
960 1555 1006 1598 ex
1030 1556 1078 1609 se,
1099 1534 1160 1596 sed
1184 1553 1231 1596 ex
1253 1531 1341 1600 aliis.
1361 1543 1399 1599 et

267 1627 365 1709 quod
385 1644 505 1690 omnes
524 1627 581 1692 alii
601 1649 669 1692 non
692 1651 738 1692 ex
763 1649 811 1705 se,
829 1631 890 1694 sed
914 1651 959 1694 ex
983 1629 1113 1692 influxu
1136 1649 1197 1711 per
1219 1628 1353 1694 caelum
1378 1650 1399 1692 a

272 1720 435 1794 Domino,
460 1723 494 1785 in
518 1723 746 1788 admiratione
770 1726 936 1801 dixerint,
960 1724 1053 1808 quod
1077 1725 1124 1787 sic
1149 1723 1275 1788 nonin
1299 1723 1399 1806 culpa

269 1817 343 1881 sint
367 1818 457 1900 quod
481 1819 608 1882 malum
632 1820 783 1899 iaciant3
818 1829 904 1896 tum,
929 1820 1020 1904 quod
1046 1821 1095 1883 sic
1119 1820 1286 1895 videatur,
1306 1819 1399 1902 quod

271 1911 401 1976 malum
427 1915 472 1978 sit
502 1935 522 1976 a
549 1915 719 1983 Domino:
751 1926 788 1979 ut
812 1927 859 1990 et,
879 1917 970 2000 quod
996 1935 1065 1979 non
1089 1915 1398 1998 comprehendant,

268 2008 366 2090 quod
385 2006 554 2072 Dominus
572 2011 665 2074 solus
685 2013 795 2092 possit
815 2011 939 2086 facere,
960 2021 997 2075 ut
1021 2031 1142 2074 omnes
1163 2021 1235 2074 tam
1255 2013 1399 2076 diversi-

269 2103 376 2166 mode
406 2105 575 2186 cogitent.
619 2105 720 2169 Nunc
743 2107 823 2189 quia
845 2106 931 2170 haec
962 2108 1028 2169 tria
1058 2126 1128 2169 non
1159 2117 1304 2188 possunt
1329 2127 1399 2171 non

268 2197 411 2262 influere
427 2200 460 2262 in
477 2201 711 2280 cogitationes
724 2202 814 2284 apud
831 2202 920 2276 illos,
932 2203 989 2284 qui
1001 2201 1112 2266 solum
1126 2205 1285 2284 cogitant
1297 2202 1400 2266 effec-

268 2301 329 2358 tus
344 2295 389 2357 ab
407 2292 593 2370 effectibus,
611 2305 647 2360 et
667 2315 736 2359 non
752 2293 892 2360 effectus
911 2316 931 2359 a
950 2298 1071 2368 causis,
1090 2316 1270 2360 necessum
1289 2307 1344 2359 est
1363 2307 1400 2362 ut

269 2388 333 2453 illa
354 2399 583 2465 assumantur,
603 2400 639 2455 et
663 2413 708 2454 ex
734 2393 847 2455 causis
870 2392 1090 2471 detegantur.
1138 2397 1195 2458 [λ]
1226 2390 1397 2458 Primum:

272 2483 373 2564 Quod
385 2485 435 2549 sic
449 2506 512 2548 non
530 2485 565 2548 in
583 2486 680 2567 culpa
689 2486 819 2565 forent,
836 2486 928 2569 quod
939 2485 1065 2548 malum
1072 2483 1236 2565 faciant;
1259 2487 1288 2548 si
1306 2487 1398 2549 enim

268 2599 375 2644 omne
397 2583 489 2664 quod
518 2581 624 2645 homo
654 2583 799 2664 cogitat,
820 2583 865 2645 ab
894 2581 970 2645 aliis
1000 2580 1120 2656 influit,
1144 2581 1281 2644 videtur
1310 2580 1399 2646 sicut

268 2678 318 2742 sit
341 2679 431 2761 apud
458 2677 538 2742 illos
564 2698 585 2740 a
613 2677 756 2762 quibus;
784 2679 844 2742 sed
869 2699 975 2761 usque
998 2677 1074 2761 ipsa
1096 2676 1198 2759 culpa
1224 2686 1279 2741 est
1306 2676 1398 2760 apud

268 2771 379 2846 illum,
397 2773 453 2857 qui
469 2774 602 2856 recipit,
621 2792 700 2837 nam
720 2775 843 2854 recipit
861 2783 898 2838 ut
918 2793 1027 2847 suum,
1045 2793 1108 2837 nec
1129 2773 1196 2836 scit
1214 2772 1319 2847 aliud,
1337 2791 1398 2836 ne·

268 2889 338 2951 que
361 2869 435 2933 vult
459 2871 546 2933 scire
566 2870 678 2932 aliud:
711 2871 853 2954 quisque
876 2872 966 2934 enim
990 2870 1064 2934 vult
1095 2889 1175 2932 suus
1199 2889 1286 2944 esse,
1311 2877 1347 2931 et
1377 2887 1399 2932 a

269 2973 383 3027 semet
398 2964 487 3038 duci,
504 2965 669 3046 imprimis
688 2984 708 3027 a
727 2975 838 3028 semet
854 2967 1009 3046 cogitare
1029 2973 1065 3028 et
1084 2963 1197 3040 velle;
1221 2963 1286 3027 hoc
1305 2963 1397 3026 enim

269 3069 328 3123 est
354 3060 463 3140 ipsum
491 3058 647 3134 liberum,
665 3059 756 3142 quod
783 3070 926 3141 apparet
949 3061 1037 3122 sicut
1061 3059 1244 3142 proprium,
1265 3059 1299 3120 in
1330 3079 1398 3141 quo

269 3156 385 3219 omnis
403 3155 508 3219 homo
527 3164 581 3218 est
597 3176 604 3233 ;
624 3175 730 3238 quare
747 3155 776 3218 si
794 3155 898 3217 sciret
917 3153 1008 3236 quod
1032 3153 1065 3216 id
1090 3153 1182 3234 quod
1202 3154 1337 3232 cogitat
1361 3161 1397 3216 et

269 3251 358 3326 vult,
379 3250 423 3315 ab
444 3250 514 3314 alio
531 3249 662 3325 influat,
682 3249 857 3312 videretur
876 3248 938 3312 sibi
961 3247 1050 3310 sicut
1068 3244 1203 3309 vinctus
1227 3257 1262 3308 et
1286 3247 1397 3326 capti·

269 3366 346 3420 vus,
367 3367 436 3410 non
455 3345 602 3428 amplius
622 3345 672 3408 sui
687 3343 792 3425 juris;
822 3353 859 3408 et
878 3344 927 3406 sic
947 3342 1075 3424 periret
1092 3360 1194 3405 omne
1211 3339 1397 3421 jucundum

271 3443 365 3507 vitae
381 3442 462 3525 ejus,
479 3453 515 3506 et
532 3442 673 3506 tandem
690 3441 801 3524 ipsum
817 3439 1014 3503 humanum.
1061 3443 1119 3504 [3.]
1152 3434 1254 3518 Quod
1271 3436 1320 3498 ita
1339 3436 1396 3513 sit,

270 3539 342 3602 vidi
365 3540 501 3621 saepius
524 3536 774 3600 confirmatum.
821 3535 951 3598 Datum
974 3541 1028 3596 est
1058 3532 1263 3616 quibusdam
1287 3530 1397 3612 perci-

271 3654 354 3719 pere
373 3643 407 3698 et
425 3634 555 3698 sentire
571 3633 663 3715 quod
684 3631 891 3694 ducerentur
908 3629 952 3692 ab
971 3629 1069 3706 aliis;
1094 3638 1176 3691 tunc
1193 3634 1398 3690 exarserunt

269 3731 331 3804 ira,
353 3739 390 3793 ut
412 3726 491 3793 iacti
511 3729 580 3792 sint
598 3729 686 3791 sicut
704 3727 856 3808 impotes
874 3725 1023 3804 mentis;
1051 3733 1087 3788 et
1111 3724 1284 3795 dixerunt,
1305 3720 1397 3803 quod

271 3827 387 3908 potius
404 3824 537 3888 vellent
566 3819 670 3886 vincti
699 3822 810 3885 teneri
840 3821 873 3884 in
897 3821 1040 3896 inferno,
1060 3837 1162 3903 quam
1193 3837 1263 3880 non
1293 3814 1398 3880 licere

268 3921 429 4002 cogitare
452 3921 540 3983 sicut
563 3917 696 3992 volunt,
716 3926 753 3981 et
781 3915 873 3980 velle
897 3916 986 3979 sicut
1011 3917 1182 3998 cogitant.
1229 3911 1307 3974 Hoc
1327 3929 1398 3972 non

269 4015 386 4088 licere,
406 4014 579 4078 vocabant
598 4012 696 4094 ligari
714 4012 827 4094 quoad
846 4012 955 4094 ipsam
974 4009 1094 4082 vitam,
1114 4007 1207 4090 quod
1227 4004 1341 4070 durius
1361 4014 1398 4069 et

268 4108 521 4174 intolerabilius
543 4116 598 4172 est
622 4125 724 4189 quam
749 4105 849 4188 ligari
871 4105 985 4189 quoad
1008 4123 1143 4186 corpus.
1189 4101 1268 4164 Non
1294 4099 1397 4164 licere

271 4205 366 4290 loqui
384 4214 420 4269 et
438 4205 550 4268 facere
565 4203 655 4266 sicut
671 4203 831 4282 cogitant
847 4212 882 4264 et
902 4200 1034 4274 volunt,
1052 4199 1117 4262 hoc
1137 4219 1207 4262 non
1224 4195 1397 4260 vocabant

270 4301 383 4384 ligari,
404 4302 484 4385 quia
501 4298 689 4382 jucundum
713 4297 806 4360 vitae
829 4295 938 4361 civilis
961 4305 997 4360 et
1023 4293 1174 4370 moralis,
1194 4285 1289 4377 'quod
1313 4311 1396 4356 con·

269 4399 366 4463 sistit
389 4399 424 4462 in
446 4395 622 4481 loquendo
640 4404 676 4459 et
698 4394 868 4469 faciendo,
892 4394 927 4457 id
951 4394 1099 4458 refrenat
1123 4401 1159 4456 et
1181 4389 1282 4455 simul
1301 4389 1399 4474 quasi

268 4492 370 4560 lenit.
416 4500 474 4560 [4.]
505 4492 605 4556 Nune
624 4491 703 4574 quia
721 4489 828 4552 homo
847 4509 916 4551 non
935 4488 1010 4553 vult
1030 4489 1126 4563 scire,
1148 4487 1239 4570 quod
1262 4487 1305 4552 ab
1323 4484 1399 4549 aliis

269 4590 419 4656 ducatur
446 4587 490 4652 ad
518 4587 755 4669 cogitandum,
775 4585 837 4648 sed
866 4584 942 4648 vult
965 4586 1119 4666 cogitare
1149 4603 1169 4646 a
1199 4605 1247 4660 se,
1268 4597 1305 4656 et
1333 4581 1401 4646 hoc
