<?xml version="1.0" encoding="UTF-8"?>
<!DOCTYPE html PUBLIC "-//W3C//DTD XHTML 1.0 Transitional//EN"
    "http://www.w3.org/TR/xhtml1/DTD/xhtml1-transitional.dtd">
<html xmlns="http://www.w3.org/1999/xhtml" xml:lang="en" lang="en">
 <head>
  <title>
</title>
<meta http-equiv="Content-Type" content="text/html;charset=utf-8" />
  <meta name='ocr-system' content='tesseract 3.04.00' />
  <meta name='ocr-capabilities' content='ocr_page ocr_carea ocr_par ocr_line ocrx_word'/>
</head>
<body>
  <div class='ocr_page' id='page_1' title='image "./sapientaangelic01swedgoog_0407.png"; bbox 0 0 3424 5368; ppageno 0'>
   <div class='ocr_carea' id='block_1_1' title="bbox 332 654 1102 734">
    <p class='ocr_par' dir='ltr' id='par_1_1' title="bbox 332 654 1102 734">
     <span class='ocr_line' id='line_1_1' title="bbox 332 654 1102 734; baseline -0.003 -20"><span class='ocrx_word' id='word_1_1' title='bbox 332 654 391 734; x_wconf 82' lang='lat'><strong>158</strong></span> <span class='ocrx_word' id='word_1_2' title='bbox 680 659 883 712; x_wconf 83' lang='lat' dir='ltr'><strong>SAPIENTIA</strong></span> <span class='ocrx_word' id='word_1_3' title='bbox 906 659 1102 712; x_wconf 77' lang='lat' dir='ltr'>ANGEL1CA</span> 
     </span>
    </p>
   </div>
   <div class='ocr_carea' id='block_1_2' title="bbox 282 833 1461 4647">
    <p class='ocr_par' dir='ltr' id='par_1_2' title="bbox 282 833 1461 4647">
     <span class='ocr_line' id='line_1_2' title="bbox 326 833 1452 924; baseline 0.004 -22"><span class='ocrx_word' id='word_1_4' title='bbox 326 835 409 902; x_wconf 86' lang='lat' dir='ltr'><strong>talis</strong></span> <span class='ocrx_word' id='word_1_5' title='bbox 425 855 537 900; x_wconf 89' lang='lat' dir='ltr'><strong>sermo</strong></span> <span class='ocrx_word' id='word_1_6' title='bbox 552 845 606 901; x_wconf 91' lang='lat' dir='ltr'><strong>est</strong></span> <span class='ocrx_word' id='word_1_7' title='bbox 623 833 779 899; x_wconf 87' lang='lat' dir='ltr'><strong>omnibus</strong></span> <span class='ocrx_word' id='word_1_8' title='bbox 798 834 832 898; x_wconf 94' lang='lat' dir='ltr'><strong>in</strong></span> <span class='ocrx_word' id='word_1_9' title='bbox 848 834 953 899; x_wconf 88' lang='lat' dir='ltr'><strong>tertio</strong></span> <span class='ocrx_word' id='word_1_10' title='bbox 968 833 1086 916; x_wconf 88' lang='lat' dir='ltr'><strong>caelo;</strong></span> <span class='ocrx_word' id='word_1_11' title='bbox 1109 834 1159 900; x_wconf 96' lang='lat' dir='ltr'><strong>illi</strong></span> <span class='ocrx_word' id='word_1_12' title='bbox 1176 837 1268 903; x_wconf 90' lang='lat' dir='ltr'><strong>enim</strong></span> <span class='ocrx_word' id='word_1_13' title='bbox 1285 860 1452 924; x_wconf 85' lang='lat' dir='ltr'><strong>nusquam</strong></span> 
     </span>
     <span class='ocr_line' id='line_1_3' title="bbox 326 930 1453 1005; baseline 0.004 -8"><span class='ocrx_word' id='word_1_14' title='bbox 326 933 579 998; x_wconf 84' lang='lat' dir='ltr'><strong>ratiocinantur</strong></span> <span class='ocrx_word' id='word_1_15' title='bbox 603 932 646 995; x_wconf 95' lang='lat' dir='ltr'><strong>de</strong></span> <span class='ocrx_word' id='word_1_16' title='bbox 670 930 769 995; x_wconf 91' lang='lat' dir='ltr'><strong>rebus</strong></span> <span class='ocrx_word' id='word_1_17' title='bbox 793 930 939 1005; x_wconf 92' lang='lat' dir='ltr'><strong>Divinis,</strong></span> <span class='ocrx_word' id='word_1_18' title='bbox 964 949 1044 994; x_wconf 93' lang='lat' dir='ltr'><strong>num</strong></span> <span class='ocrx_word' id='word_1_19' title='bbox 1068 932 1117 996; x_wconf 88' lang='lat' dir='ltr'><strong>ita</strong></span> <span class='ocrx_word' id='word_1_20' title='bbox 1148 933 1192 998; x_wconf 92' lang='lat' dir='ltr'><strong>sit</strong></span> <span class='ocrx_word' id='word_1_21' title='bbox 1222 933 1277 998; x_wconf 89' lang='lat' dir='ltr'><strong>vel</strong></span> <span class='ocrx_word' id='word_1_22' title='bbox 1309 957 1377 1000; x_wconf 93' lang='lat' dir='ltr'><strong>non</strong></span> <span class='ocrx_word' id='word_1_23' title='bbox 1405 937 1453 1002; x_wconf 89' lang='lat' dir='ltr'><strong>ita</strong></span> 
     </span>
     <span class='ocr_line' id='line_1_4' title="bbox 326 1027 1452 1113; baseline 0.004 -21"><span class='ocrx_word' id='word_1_24' title='bbox 326 1030 385 1105; x_wconf 90' lang='lat' dir='ltr'><strong>sit,</strong></span> <span class='ocrx_word' id='word_1_25' title='bbox 406 1030 466 1092; x_wconf 90' lang='lat' dir='ltr'><strong>sed</strong></span> <span class='ocrx_word' id='word_1_26' title='bbox 491 1030 524 1091; x_wconf 92' lang='lat' dir='ltr'><strong>in</strong></span> <span class='ocrx_word' id='word_1_27' title='bbox 548 1048 584 1090; x_wconf 88' lang='lat' dir='ltr'><strong>se</strong></span> <span class='ocrx_word' id='word_1_28' title='bbox 609 1049 628 1089; x_wconf 88' lang='lat' dir='ltr'><strong>a</strong></span> <span class='ocrx_word' id='word_1_29' title='bbox 652 1027 802 1090; x_wconf 92' lang='lat' dir='ltr'><strong>Domino</strong></span> <span class='ocrx_word' id='word_1_30' title='bbox 826 1027 957 1102; x_wconf 92' lang='lat' dir='ltr'><strong>vident,</strong></span> <span class='ocrx_word' id='word_1_31' title='bbox 978 1027 1068 1109; x_wconf 93' lang='lat' dir='ltr'><strong>quod</strong></span> <span class='ocrx_word' id='word_1_32' title='bbox 1088 1028 1138 1091; x_wconf 89' lang='lat' dir='ltr'><strong>ita</strong></span> <span class='ocrx_word' id='word_1_33' title='bbox 1157 1028 1201 1092; x_wconf 92' lang='lat' dir='ltr'><strong>sit</strong></span> <span class='ocrx_word' id='word_1_34' title='bbox 1220 1029 1276 1094; x_wconf 89' lang='lat' dir='ltr'><strong>vel</strong></span> <span class='ocrx_word' id='word_1_35' title='bbox 1296 1051 1364 1095; x_wconf 92' lang='lat' dir='ltr'><strong>non</strong></span> <span class='ocrx_word' id='word_1_36' title='bbox 1382 1033 1431 1097; x_wconf 86' lang='lat' dir='ltr'><strong>ita</strong></span> <span class='ocrx_word' id='word_1_37' title='bbox 1443 1055 1452 1113; x_wconf 88' lang='lat'>;</span> 
     </span>
     <span class='ocr_line' id='line_1_5' title="bbox 326 1121 1451 1208; baseline 0.004 -20"><span class='ocrx_word' id='word_1_38' title='bbox 326 1146 432 1208; x_wconf 88' lang='lat' dir='ltr'><strong>quare</strong></span> <span class='ocrx_word' id='word_1_39' title='bbox 456 1124 652 1188; x_wconf 87' lang='lat' dir='ltr'><strong>ratiocinari</strong></span> <span class='ocrx_word' id='word_1_40' title='bbox 676 1124 718 1186; x_wconf 93' lang='lat' dir='ltr'><strong>de</strong></span> <span class='ocrx_word' id='word_1_41' title='bbox 742 1123 842 1185; x_wconf 91' lang='lat' dir='ltr'><strong>rebus</strong></span> <span class='ocrx_word' id='word_1_42' title='bbox 866 1121 998 1185; x_wconf 91' lang='lat' dir='ltr'><strong>Divinis</strong></span> <span class='ocrx_word' id='word_1_43' title='bbox 1022 1142 1101 1186; x_wconf 92' lang='lat' dir='ltr'><strong>num</strong></span> <span class='ocrx_word' id='word_1_44' title='bbox 1125 1124 1175 1186; x_wconf 89' lang='lat' dir='ltr'><strong>ita</strong></span> <span class='ocrx_word' id='word_1_45' title='bbox 1198 1125 1267 1190; x_wconf 92' lang='lat' dir='ltr'><strong>sint</strong></span> <span class='ocrx_word' id='word_1_46' title='bbox 1290 1126 1346 1191; x_wconf 90' lang='lat' dir='ltr'><strong>vel</strong></span> <span class='ocrx_word' id='word_1_47' title='bbox 1370 1148 1451 1204; x_wconf 88' lang='lat' dir='ltr'><strong>non,</strong></span> 
     </span>
     <span class='ocr_line' id='line_1_6' title="bbox 326 1216 1452 1304; baseline 0.001 -18"><span class='ocrx_word' id='word_1_48' title='bbox 326 1233 382 1286; x_wconf 91' lang='lat' dir='ltr'><strong>est</strong></span> <span class='ocrx_word' id='word_1_49' title='bbox 413 1223 491 1304; x_wconf 89' lang='lat' dir='ltr'><strong>quia</strong></span> <span class='ocrx_word' id='word_1_50' title='bbox 514 1221 738 1284; x_wconf 84' lang='lat' dir='ltr'><strong>ratiocinator</strong></span> <span class='ocrx_word' id='word_1_51' title='bbox 763 1237 831 1280; x_wconf 91' lang='lat' dir='ltr'><strong>non</strong></span> <span class='ocrx_word' id='word_1_52' title='bbox 855 1217 949 1280; x_wconf 90' lang='lat' dir='ltr'><strong>videt</strong></span> <span class='ocrx_word' id='word_1_53' title='bbox 980 1216 1038 1281; x_wconf 88' lang='lat' dir='ltr'><strong>illa</strong></span> <span class='ocrx_word' id='word_1_54' title='bbox 1068 1217 1271 1296; x_wconf 90' lang='lat' dir='ltr'><strong>aDomino,</strong></span> <span class='ocrx_word' id='word_1_55' title='bbox 1297 1223 1357 1286; x_wconf 92' lang='lat' dir='ltr'><strong>sed</strong></span> <span class='ocrx_word' id='word_1_56' title='bbox 1377 1222 1452 1287; x_wconf 89' lang='lat' dir='ltr'><strong>vult</strong></span> 
     </span>
     <span class='ocr_line' id='line_1_7' title="bbox 326 1313 1452 1396; baseline 0.003 -16"><span class='ocrx_word' id='word_1_57' title='bbox 326 1319 443 1381; x_wconf 86' lang='lat' dir='ltr'><strong>videre</strong></span> <span class='ocrx_word' id='word_1_58' title='bbox 464 1339 483 1379; x_wconf 87' lang='lat' dir='ltr'><strong>a</strong></span> <span class='ocrx_word' id='word_1_59' title='bbox 502 1326 632 1393; x_wconf 83' lang='lat' dir='ltr'><strong>semet3</strong></span> <span class='ocrx_word' id='word_1_60' title='bbox 657 1325 692 1378; x_wconf 88' lang='lat' dir='ltr'><strong>et</strong></span> <span class='ocrx_word' id='word_1_61' title='bbox 711 1313 802 1396; x_wconf 92' lang='lat' dir='ltr'><strong>quod</strong></span> <span class='ocrx_word' id='word_1_62' title='bbox 822 1313 927 1376; x_wconf 94' lang='lat' dir='ltr'><strong>homo</strong></span> <span class='ocrx_word' id='word_1_63' title='bbox 946 1333 966 1376; x_wconf 87' lang='lat' dir='ltr'><strong>a</strong></span> <span class='ocrx_word' id='word_1_64' title='bbox 982 1325 1093 1377; x_wconf 88' lang='lat' dir='ltr'><strong>semet</strong></span> <span class='ocrx_word' id='word_1_65' title='bbox 1113 1315 1219 1391; x_wconf 88' lang='lat' dir='ltr'><strong>videt,</strong></span> <span class='ocrx_word' id='word_1_66' title='bbox 1240 1328 1293 1382; x_wconf 90' lang='lat' dir='ltr'><strong>est</strong></span> <span class='ocrx_word' id='word_1_67' title='bbox 1312 1319 1452 1384; x_wconf 85' lang='lat' dir='ltr'><strong>malurn.</strong></span> 
     </span>
     <span class='ocr_line' id='line_1_8' title="bbox 327 1409 1452 1496; baseline 0.004 -20"><span class='ocrx_word' id='word_1_68' title='bbox 327 1411 396 1477; x_wconf 84' lang='lat' dir='ltr'><strong>Sed</strong></span> <span class='ocrx_word' id='word_1_69' title='bbox 422 1433 527 1495; x_wconf 93' lang='lat' dir='ltr'><strong>usque</strong></span> <span class='ocrx_word' id='word_1_70' title='bbox 551 1411 624 1474; x_wconf 92' lang='lat' dir='ltr'><strong>vult</strong></span> <span class='ocrx_word' id='word_1_71' title='bbox 647 1409 817 1473; x_wconf 88' lang='lat' dir='ltr'><strong>Dominus</strong></span> <span class='ocrx_word' id='word_1_72' title='bbox 841 1428 910 1470; x_wconf 91' lang='lat' dir='ltr'><strong>non</strong></span> <span class='ocrx_word' id='word_1_73' title='bbox 934 1410 1038 1472; x_wconf 92' lang='lat' dir='ltr'><strong>modo</strong></span> <span class='ocrx_word' id='word_1_74' title='bbox 1063 1421 1098 1473; x_wconf 92' lang='lat' dir='ltr'><strong>ut</strong></span> <span class='ocrx_word' id='word_1_75' title='bbox 1130 1410 1234 1475; x_wconf 89' lang='lat' dir='ltr'><strong>homo</strong></span> <span class='ocrx_word' id='word_1_76' title='bbox 1257 1415 1391 1496; x_wconf 88' lang='lat' dir='ltr'><strong>cogitet</strong></span> <span class='ocrx_word' id='word_1_77' title='bbox 1416 1427 1452 1481; x_wconf 92' lang='lat' dir='ltr'><strong>et</strong></span> 
     </span>
     <span class='ocr_line' id='line_1_9' title="bbox 327 1503 1451 1590; baseline 0.004 -19"><span class='ocrx_word' id='word_1_78' title='bbox 327 1508 488 1590; x_wconf 86' lang='lat' dir='ltr'><strong>loquatur</strong></span> <span class='ocrx_word' id='word_1_79' title='bbox 508 1508 551 1570; x_wconf 92' lang='lat' dir='ltr'><strong>de</strong></span> <span class='ocrx_word' id='word_1_80' title='bbox 570 1506 670 1570; x_wconf 90' lang='lat' dir='ltr'><strong>rebus</strong></span> <span class='ocrx_word' id='word_1_81' title='bbox 690 1503 835 1578; x_wconf 86' lang='lat' dir='ltr'><strong>Divinis,</strong></span> <span class='ocrx_word' id='word_1_82' title='bbox 853 1504 914 1566; x_wconf 92' lang='lat' dir='ltr'><strong>sed</strong></span> <span class='ocrx_word' id='word_1_83' title='bbox 938 1505 1043 1568; x_wconf 90' lang='lat' dir='ltr'><strong>etiam</strong></span> <span class='ocrx_word' id='word_1_84' title='bbox 1063 1506 1283 1570; x_wconf 87' lang='lat' dir='ltr'><strong>ratiocinetur</strong></span> <span class='ocrx_word' id='word_1_85' title='bbox 1306 1510 1349 1574; x_wconf 89' lang='lat' dir='ltr'><strong>de</strong></span> <span class='ocrx_word' id='word_1_86' title='bbox 1372 1510 1451 1586; x_wconf 90' lang='lat' dir='ltr'><strong>illis,</strong></span> 
     </span>
     <span class='ocr_line' id='line_1_10' title="bbox 326 1598 1451 1687; baseline 0.002 -20"><span class='ocrx_word' id='word_1_87' title='bbox 326 1605 373 1668; x_wconf 95' lang='lat' dir='ltr'><strong>ob</strong></span> <span class='ocrx_word' id='word_1_88' title='bbox 392 1603 494 1666; x_wconf 85' lang='lat' dir='ltr'><strong>finem</strong></span> <span class='ocrx_word' id='word_1_89' title='bbox 516 1612 551 1666; x_wconf 92' lang='lat' dir='ltr'><strong>ut</strong></span> <span class='ocrx_word' id='word_1_90' title='bbox 575 1601 691 1664; x_wconf 90' lang='lat' dir='ltr'><strong>videat</strong></span> <span class='ocrx_word' id='word_1_91' title='bbox 711 1599 802 1684; x_wconf 93' lang='lat' dir='ltr'><strong>quod</strong></span> <span class='ocrx_word' id='word_1_92' title='bbox 822 1600 872 1662; x_wconf 86' lang='lat' dir='ltr'><strong>ita</strong></span> <span class='ocrx_word' id='word_1_93' title='bbox 894 1601 939 1663; x_wconf 90' lang='lat' dir='ltr'><strong>sit</strong></span> <span class='ocrx_word' id='word_1_94' title='bbox 962 1598 1017 1662; x_wconf 94' lang='lat' dir='ltr'><strong>vel</strong></span> <span class='ocrx_word' id='word_1_95' title='bbox 1038 1621 1106 1663; x_wconf 95' lang='lat' dir='ltr'><strong>non</strong></span> <span class='ocrx_word' id='word_1_96' title='bbox 1126 1603 1194 1680; x_wconf 87' lang='lat' dir='ltr'><strong>ita;</strong></span> <span class='ocrx_word' id='word_1_97' title='bbox 1217 1623 1257 1666; x_wconf 92' lang='lat' dir='ltr'><strong>ac</strong></span> <span class='ocrx_word' id='word_1_98' title='bbox 1278 1603 1337 1667; x_wconf 87' lang='lat' dir='ltr'><strong>illa</strong></span> <span class='ocrx_word' id='word_1_99' title='bbox 1356 1608 1451 1687; x_wconf 92' lang='lat' dir='ltr'><strong>cogi·</strong></span> 
     </span>
     <span class='ocr_line' id='line_1_11' title="bbox 326 1696 1452 1780; baseline 0.003 -17"><span class='ocrx_word' id='word_1_100' title='bbox 326 1703 427 1774; x_wconf 88' lang='lat' dir='ltr'><strong>tatio,</strong></span> <span class='ocrx_word' id='word_1_101' title='bbox 454 1696 590 1780; x_wconf 89' lang='lat' dir='ltr'><strong>loquela</strong></span> <span class='ocrx_word' id='word_1_102' title='bbox 614 1707 672 1760; x_wconf 90' lang='lat' dir='ltr'><strong>aut</strong></span> <span class='ocrx_word' id='word_1_103' title='bbox 695 1696 925 1770; x_wconf 87' lang='lat' dir='ltr'><strong>ratiocinatio,</strong></span> <span class='ocrx_word' id='word_1_104' title='bbox 950 1696 1054 1759; x_wconf 91' lang='lat' dir='ltr'><strong>modo</strong></span> <span class='ocrx_word' id='word_1_105' title='bbox 1082 1716 1143 1778; x_wconf 92' lang='lat' dir='ltr'><strong>pro</strong></span> <span class='ocrx_word' id='word_1_106' title='bbox 1170 1696 1235 1761; x_wconf 82' lang='lat' dir='ltr'><strong>line</strong></span> <span class='ocrx_word' id='word_1_107' title='bbox 1259 1699 1388 1765; x_wconf 92' lang='lat' dir='ltr'><strong>habeat</strong></span> <span class='ocrx_word' id='word_1_108' title='bbox 1414 1711 1452 1765; x_wconf 90' lang='lat' dir='ltr'><strong>ut</strong></span> 
     </span>
     <span class='ocr_line' id='line_1_12' title="bbox 327 1791 1451 1876; baseline 0.003 -19"><span class='ocrx_word' id='word_1_109' title='bbox 327 1797 444 1858; x_wconf 91' lang='lat' dir='ltr'><strong>videat</strong></span> <span class='ocrx_word' id='word_1_110' title='bbox 465 1795 660 1866; x_wconf 85' lang='lat' dir='ltr'><strong>veritatem,</strong></span> <span class='ocrx_word' id='word_1_111' title='bbox 682 1792 748 1854; x_wconf 93' lang='lat' dir='ltr'><strong>dici</strong></span> <span class='ocrx_word' id='word_1_112' title='bbox 772 1800 891 1874; x_wconf 89' lang='lat' dir='ltr'><strong>potest</strong></span> <span class='ocrx_word' id='word_1_113' title='bbox 914 1811 990 1854; x_wconf 89' lang='lat' dir='ltr'><strong>esse</strong></span> <span class='ocrx_word' id='word_1_114' title='bbox 1013 1811 1033 1853; x_wconf 90' lang='lat' dir='ltr'><strong>a</strong></span> <span class='ocrx_word' id='word_1_115' title='bbox 1057 1791 1207 1856; x_wconf 91' lang='lat' dir='ltr'><strong>Domino</strong></span> <span class='ocrx_word' id='word_1_116' title='bbox 1226 1794 1316 1876; x_wconf 91' lang='lat' dir='ltr'><strong>apud</strong></span> <span class='ocrx_word' id='word_1_117' title='bbox 1340 1795 1451 1860; x_wconf 91' lang='lat' dir='ltr'><strong>homi·</strong></span> 
     </span>
     <span class='ocr_line' id='line_1_13' title="bbox 328 1887 1461 1969; baseline 0.004 -16"><span class='ocrx_word' id='word_1_118' title='bbox 328 1911 419 1964; x_wconf 90' lang='lat' dir='ltr'><strong>nem,</strong></span> <span class='ocrx_word' id='word_1_119' title='bbox 444 1890 505 1952; x_wconf 92' lang='lat' dir='ltr'><strong>sed</strong></span> <span class='ocrx_word' id='word_1_120' title='bbox 529 1899 583 1951; x_wconf 91' lang='lat' dir='ltr'><strong>est</strong></span> <span class='ocrx_word' id='word_1_121' title='bbox 614 1888 658 1950; x_wconf 89' lang='lat' dir='ltr'><strong>ab</strong></span> <span class='ocrx_word' id='word_1_122' title='bbox 684 1887 833 1961; x_wconf 91' lang='lat' dir='ltr'><strong>homine,</strong></span> <span class='ocrx_word' id='word_1_123' title='bbox 859 1887 1067 1969; x_wconf 88' lang='lat' dir='ltr'><strong>usquedum</strong></span> <span class='ocrx_word' id='word_1_124' title='bbox 1092 1888 1272 1952; x_wconf 86' lang='lat' dir='ltr'><strong>veritatem</strong></span> <span class='ocrx_word' id='word_1_125' title='bbox 1296 1891 1392 1955; x_wconf 92' lang='lat' dir='ltr'><strong>videt</strong></span> <span class='ocrx_word' id='word_1_126' title='bbox 1415 1902 1461 1956; x_wconf 89' lang='lat' dir='ltr'><strong>et·</strong></span> 
     </span>
     <span class='ocr_line' id='line_1_14' title="bbox 326 1981 1451 2068; baseline 0.001 -19"><span class='ocrx_word' id='word_1_127' title='bbox 326 1987 422 2050; x_wconf 91' lang='lat' dir='ltr'><strong>illam</strong></span> <span class='ocrx_word' id='word_1_128' title='bbox 442 1985 613 2066; x_wconf 90' lang='lat' dir='ltr'><strong>agnoscit.</strong></span> <span class='ocrx_word' id='word_1_129' title='bbox 661 1983 799 2046; x_wconf 91' lang='lat' dir='ltr'><strong>Interea</strong></span> <span class='ocrx_word' id='word_1_130' title='bbox 818 1991 873 2046; x_wconf 87' lang='lat' dir='ltr'><strong>est</strong></span> <span class='ocrx_word' id='word_1_131' title='bbox 895 1981 1006 2045; x_wconf 90' lang='lat' dir='ltr'><strong>solum</strong></span> <span class='ocrx_word' id='word_1_132' title='bbox 1030 2003 1051 2046; x_wconf 86' lang='lat' dir='ltr'><strong>a</strong></span> <span class='ocrx_word' id='word_1_133' title='bbox 1074 1983 1234 2059; x_wconf 90' lang='lat' dir='ltr'><strong>Domino,</strong></span> <span class='ocrx_word' id='word_1_134' title='bbox 1256 1987 1346 2067; x_wconf 93' lang='lat' dir='ltr'><strong>quod</strong></span> <span class='ocrx_word' id='word_1_135' title='bbox 1372 2007 1451 2068; x_wconf 90' lang='lat' dir='ltr'><strong>pos-</strong></span> 
     </span>
     <span class='ocr_line' id='line_1_15' title="bbox 325 2078 1452 2164; baseline 0.003 -19"><span class='ocrx_word' id='word_1_136' title='bbox 325 2084 374 2146; x_wconf 86' lang='lat' dir='ltr'><strong>sit</strong></span> <span class='ocrx_word' id='word_1_137' title='bbox 390 2081 556 2164; x_wconf 92' lang='lat' dir='ltr'><strong>cogitare,</strong></span> <span class='ocrx_word' id='word_1_138' title='bbox 574 2079 665 2160; x_wconf 92' lang='lat' dir='ltr'><strong>loqui</strong></span> <span class='ocrx_word' id='word_1_139' title='bbox 681 2089 717 2141; x_wconf 92' lang='lat' dir='ltr'><strong>et</strong></span> <span class='ocrx_word' id='word_1_140' title='bbox 733 2079 931 2141; x_wconf 88' lang='lat' dir='ltr'><strong>ratiocinari</strong></span> <span class='ocrx_word' id='word_1_141' title='bbox 946 2099 953 2156; x_wconf 91' lang='grc'><strong>;</strong></span> <span class='ocrx_word' id='word_1_142' title='bbox 977 2078 1043 2141; x_wconf 92' lang='lat' dir='ltr'><strong>hoc</strong></span> <span class='ocrx_word' id='word_1_143' title='bbox 1060 2079 1150 2142; x_wconf 89' lang='lat' dir='ltr'><strong>enim</strong></span> <span class='ocrx_word' id='word_1_144' title='bbox 1168 2089 1284 2162; x_wconf 91' lang='lat' dir='ltr'><strong>potest</strong></span> <span class='ocrx_word' id='word_1_145' title='bbox 1301 2103 1347 2144; x_wconf 89' lang='lat' dir='ltr'><strong>ex</strong></span> <span class='ocrx_word' id='word_1_146' title='bbox 1364 2083 1452 2148; x_wconf 90' lang='lat' dir='ltr'><strong>binis</strong></span> 
     </span>
     <span class='ocr_line' id='line_1_16' title="bbox 325 2174 1451 2261; baseline 0.001 -18"><span class='ocrx_word' id='word_1_147' title='bbox 325 2177 561 2250; x_wconf 85' lang='lat' dir='ltr'><strong>facultatibus,</strong></span> <span class='ocrx_word' id='word_1_148' title='bbox 586 2195 673 2257; x_wconf 89' lang='lat' dir='ltr'><strong>quae</strong></span> <span class='ocrx_word' id='word_1_149' title='bbox 696 2184 865 2237; x_wconf 89' lang='lat' dir='ltr'><strong>vocantur</strong></span> <span class='ocrx_word' id='word_1_150' title='bbox 888 2174 1029 2238; x_wconf 88' lang='lat' dir='ltr'><strong>libertas</strong></span> <span class='ocrx_word' id='word_1_151' title='bbox 1052 2184 1087 2238; x_wconf 91' lang='lat' dir='ltr'><strong>et</strong></span> <span class='ocrx_word' id='word_1_152' title='bbox 1110 2175 1339 2252; x_wconf 86' lang='lat' dir='ltr'><strong>rationalitas,</strong></span> <span class='ocrx_word' id='word_1_153' title='bbox 1364 2200 1451 2261; x_wconf 86' lang='lat' dir='ltr'><strong>quae</strong></span> 
     </span>
     <span class='ocr_line' id='line_1_17' title="bbox 282 2269 1450 2352; baseline 0.001 -13"><span class='ocrx_word' id='word_1_154' title='bbox 282 2305 287 2314; x_wconf 91' lang='lat'>·</span> <span class='ocrx_word' id='word_1_155' title='bbox 325 2274 474 2339; x_wconf 79' lang='lat' dir='ltr'><strong>facultas</strong></span> <span class='ocrx_word' id='word_1_156' title='bbox 495 2282 574 2334; x_wconf 92' lang='lat' dir='ltr'><strong>sunt</strong></span> <span class='ocrx_word' id='word_1_157' title='bbox 594 2270 723 2333; x_wconf 91' lang='lat' dir='ltr'><strong>homini</strong></span> <span class='ocrx_word' id='word_1_158' title='bbox 747 2291 767 2333; x_wconf 94' lang='lat' dir='ltr'><strong>a</strong></span> <span class='ocrx_word' id='word_1_159' title='bbox 790 2269 867 2333; x_wconf 91' lang='lat' dir='ltr'><strong>solo</strong></span> <span class='ocrx_word' id='word_1_160' title='bbox 887 2269 1047 2333; x_wconf 92' lang='lat' dir='ltr'><strong>Domino.</strong></span> <span class='ocrx_word' id='word_1_161' title='bbox 1094 2274 1151 2336; x_wconf 87' lang='grc'><strong>[4.]</strong></span> <span class='ocrx_word' id='word_1_162' title='bbox 1182 2269 1323 2335; x_wconf 87' lang='lat' dir='ltr'><strong>Tertio:</strong></span> <span class='ocrx_word' id='word_1_163' title='bbox 1351 2271 1450 2352; x_wconf 80' lang='lat' dir='ltr'><strong>Quod</strong></span> 
     </span>
     <span class='ocr_line' id='line_1_18' title="bbox 325 2363 1453 2451; baseline 0 -17"><span class='ocrx_word' id='word_1_164' title='bbox 325 2367 535 2451; x_wconf 82' lang='lat' dir='ltr'><strong>temporaria</strong></span> <span class='ocrx_word' id='word_1_165' title='bbox 547 2375 703 2447; x_wconf 82' lang='lat' dir='ltr'><strong>separent</strong></span> <span class='ocrx_word' id='word_1_166' title='bbox 714 2375 850 2427; x_wconf 84' lang='lat' dir='ltr'><strong>aeterna</strong></span> <span class='ocrx_word' id='word_1_167' title='bbox 865 2385 887 2426; x_wconf 87' lang='lat' dir='ltr'><strong>a</strong></span> <span class='ocrx_word' id='word_1_168' title='bbox 902 2385 946 2438; x_wconf 84' lang='lat' dir='ltr'><strong>se,</strong></span> <span class='ocrx_word' id='word_1_169' title='bbox 956 2373 988 2427; x_wconf 84' lang='lat' dir='ltr'><strong>et</strong></span> <span class='ocrx_word' id='word_1_170' title='bbox 1002 2363 1093 2447; x_wconf 85' lang='lat' dir='ltr'><strong>quod</strong></span> <span class='ocrx_word' id='word_1_171' title='bbox 1103 2373 1239 2428; x_wconf 84' lang='lat' dir='ltr'><strong>aeterna</strong></span> <span class='ocrx_word' id='word_1_172' title='bbox 1250 2368 1453 2451; x_wconf 63' lang='lat' dir='ltr'><strong>conjungant</strong></span> 
     </span>
     <span class='ocr_line' id='line_1_19' title="bbox 326 2460 1452 2546; baseline 0 -17"><span class='ocrx_word' id='word_1_173' title='bbox 326 2463 534 2546; x_wconf 82' lang='lat' dir='ltr'><strong>temporaria</strong></span> <span class='ocrx_word' id='word_1_174' title='bbox 548 2461 623 2525; x_wconf 82' lang='lat' dir='ltr'><strong>sibi.</strong></span> <span class='ocrx_word' id='word_1_175' title='bbox 670 2461 732 2524; x_wconf 92' lang='lat' dir='ltr'><strong>Per</strong></span> <span class='ocrx_word' id='word_1_176' title='bbox 747 2460 839 2542; x_wconf 93' lang='lat' dir='ltr'><strong>quod</strong></span> <span class='ocrx_word' id='word_1_177' title='bbox 863 2460 1070 2542; x_wconf 86' lang='lat' dir='ltr'><strong>temporaria</strong></span> <span class='ocrx_word' id='word_1_178' title='bbox 1088 2471 1251 2543; x_wconf 84' lang='lat' dir='ltr'><strong>separent</strong></span> <span class='ocrx_word' id='word_1_179' title='bbox 1270 2473 1414 2528; x_wconf 88' lang='lat' dir='ltr'><strong>aeterna</strong></span> <span class='ocrx_word' id='word_1_180' title='bbox 1431 2487 1452 2529; x_wconf 95' lang='lat' dir='ltr'><strong>a</strong></span> 
     </span>
     <span class='ocr_line' id='line_1_20' title="bbox 325 2555 1450 2642; baseline 0.001 -18"><span class='ocrx_word' id='word_1_181' title='bbox 325 2583 375 2632; x_wconf 85' lang='lat' dir='ltr'><strong>se,</strong></span> <span class='ocrx_word' id='word_1_182' title='bbox 390 2559 594 2640; x_wconf 87' lang='lat' dir='ltr'><strong>intelligitur</strong></span> <span class='ocrx_word' id='word_1_183' title='bbox 606 2556 697 2640; x_wconf 92' lang='lat' dir='ltr'><strong>quod</strong></span> <span class='ocrx_word' id='word_1_184' title='bbox 714 2556 820 2619; x_wconf 91' lang='lat' dir='ltr'><strong>homo</strong></span> <span class='ocrx_word' id='word_1_185' title='bbox 836 2558 892 2638; x_wconf 93' lang='lat' dir='ltr'><strong>qui</strong></span> <span class='ocrx_word' id='word_1_186' title='bbox 908 2555 1133 2640; x_wconf 91' lang='lat' dir='ltr'><strong>temporarius</strong></span> <span class='ocrx_word' id='word_1_187' title='bbox 1145 2565 1198 2620; x_wconf 90' lang='lat' dir='ltr'><strong>est</strong></span> <span class='ocrx_word' id='word_1_188' title='bbox 1213 2579 1258 2620; x_wconf 87' lang='lat' dir='ltr'><strong>ex</strong></span> <span class='ocrx_word' id='word_1_189' title='bbox 1275 2568 1450 2642; x_wconf 87' lang='lat' dir='ltr'><strong>tempora·</strong></span> 
     </span>
     <span class='ocr_line' id='line_1_21' title="bbox 324 2649 1449 2738; baseline 0.002 -18"><span class='ocrx_word' id='word_1_190' title='bbox 324 2657 383 2720; x_wconf 89' lang='lat' dir='ltr'><strong>riis</strong></span> <span class='ocrx_word' id='word_1_191' title='bbox 399 2657 432 2718; x_wconf 94' lang='lat' dir='ltr'><strong>in</strong></span> <span class='ocrx_word' id='word_1_192' title='bbox 450 2675 505 2717; x_wconf 91' lang='lat' dir='ltr'><strong>se:</strong></span> <span class='ocrx_word' id='word_1_193' title='bbox 531 2663 566 2716; x_wconf 93' lang='lat' dir='ltr'><strong>et</strong></span> <span class='ocrx_word' id='word_1_194' title='bbox 584 2673 645 2734; x_wconf 91' lang='lat' dir='ltr'><strong>per</strong></span> <span class='ocrx_word' id='word_1_195' title='bbox 659 2651 751 2734; x_wconf 92' lang='lat' dir='ltr'><strong>quod</strong></span> <span class='ocrx_word' id='word_1_196' title='bbox 768 2661 910 2715; x_wconf 87' lang='lat' dir='ltr'><strong>aeterna</strong></span> <span class='ocrx_word' id='word_1_197' title='bbox 921 2649 1134 2732; x_wconf 88' lang='lat' dir='ltr'><strong>conjungant</strong></span> <span class='ocrx_word' id='word_1_198' title='bbox 1151 2656 1359 2738; x_wconf 89' lang='lat' dir='ltr'><strong>temporaria</strong></span> <span class='ocrx_word' id='word_1_199' title='bbox 1375 2657 1449 2734; x_wconf 91' lang='lat' dir='ltr'><strong>sibi,</strong></span> 
     </span>
     <span class='ocr_line' id='line_1_22' title="bbox 324 2746 1449 2832; baseline 0.003 -17"><span class='ocrx_word' id='word_1_200' title='bbox 324 2750 534 2832; x_wconf 87' lang='lat' dir='ltr'><strong>intelligitur</strong></span> <span class='ocrx_word' id='word_1_201' title='bbox 552 2747 644 2830; x_wconf 92' lang='lat' dir='ltr'><strong>quod</strong></span> <span class='ocrx_word' id='word_1_202' title='bbox 664 2746 833 2810; x_wconf 90' lang='lat' dir='ltr'><strong>Dominus</strong></span> <span class='ocrx_word' id='word_1_203' title='bbox 853 2748 908 2829; x_wconf 92' lang='lat' dir='ltr'><strong>qui</strong></span> <span class='ocrx_word' id='word_1_204' title='bbox 928 2756 1089 2810; x_wconf 86' lang='lat' dir='ltr'><strong>aeternus</strong></span> <span class='ocrx_word' id='word_1_205' title='bbox 1108 2756 1228 2811; x_wconf 87' lang='lat' dir='ltr'><strong>estex</strong></span> <span class='ocrx_word' id='word_1_206' title='bbox 1247 2753 1397 2816; x_wconf 89' lang='lat' dir='ltr'><strong>aeternis</strong></span> <span class='ocrx_word' id='word_1_207' title='bbox 1416 2754 1449 2818; x_wconf 96' lang='lat' dir='ltr'><strong>in</strong></span> 
     </span>
     <span class='ocr_line' id='line_1_23' title="bbox 325 2839 1449 2927; baseline 0.003 -16"><span class='ocrx_word' id='word_1_208' title='bbox 325 2845 382 2920; x_wconf 84' lang='lat' dir='ltr'><strong>Se,</strong></span> <span class='ocrx_word' id='word_1_209' title='bbox 404 2855 441 2909; x_wconf 93' lang='lat' dir='ltr'><strong>ut</strong></span> <span class='ocrx_word' id='word_1_210' title='bbox 461 2839 708 2927; x_wconf 65' lang='lat' dir='ltr'><strong>supradictum</strong></span> <span class='ocrx_word' id='word_1_211' title='bbox 728 2851 793 2904; x_wconf 89' lang='lat' dir='ltr'><strong>est.</strong></span> <span class='ocrx_word' id='word_1_212' title='bbox 839 2841 879 2905; x_wconf 94' lang='lat' dir='ltr'><strong>ln</strong></span> <span class='ocrx_word' id='word_1_213' title='bbox 898 2842 1184 2925; x_wconf 89' lang='lat' dir='ltr'><strong>praecedentibus</strong></span> <span class='ocrx_word' id='word_1_214' title='bbox 1199 2854 1375 2912; x_wconf 86' lang='lat' dir='ltr'><strong>ostensum</strong></span> <span class='ocrx_word' id='word_1_215' title='bbox 1395 2859 1449 2914; x_wconf 87' lang='lat' dir='ltr'><strong>est</strong></span> 
     </span>
     <span class='ocr_line' id='line_1_24' title="bbox 324 2935 1448 3026; baseline 0.005 -22"><span class='ocrx_word' id='word_1_216' title='bbox 324 2941 418 3026; x_wconf 93' lang='lat' dir='ltr'><strong>quod</strong></span> <span class='ocrx_word' id='word_1_217' title='bbox 438 2943 483 3003; x_wconf 90' lang='lat' dir='ltr'><strong>sit</strong></span> <span class='ocrx_word' id='word_1_218' title='bbox 503 2935 698 3020; x_wconf 66' lang='lat' dir='ltr'><strong>conjunciio</strong></span> <span class='ocrx_word' id='word_1_219' title='bbox 714 2937 854 3001; x_wconf 92' lang='lat' dir='ltr'><strong>Domini</strong></span> <span class='ocrx_word' id='word_1_220' title='bbox 871 2957 948 3000; x_wconf 90' lang='lat' dir='ltr'><strong>cum</strong></span> <span class='ocrx_word' id='word_1_221' title='bbox 967 2938 1118 3014; x_wconf 90' lang='lat' dir='ltr'><strong>homine,</strong></span> <span class='ocrx_word' id='word_1_222' title='bbox 1137 2948 1173 3002; x_wconf 89' lang='lat' dir='ltr'><strong>et</strong></span> <span class='ocrx_word' id='word_1_223' title='bbox 1193 2941 1368 3023; x_wconf 88' lang='lat' dir='ltr'><strong>reciproca</strong></span> <span class='ocrx_word' id='word_1_224' title='bbox 1385 2945 1448 3010; x_wconf 92' lang='lat' dir='ltr'><strong>ho·</strong></span> 
     </span>
     <span class='ocr_line' id='line_1_25' title="bbox 325 3033 1447 3116; baseline 0.004 -15"><span class='ocrx_word' id='word_1_225' title='bbox 325 3037 426 3102; x_wconf 91' lang='lat' dir='ltr'><strong>minis</strong></span> <span class='ocrx_word' id='word_1_226' title='bbox 445 3055 520 3098; x_wconf 90' lang='lat' dir='ltr'><strong>cum</strong></span> <span class='ocrx_word' id='word_1_227' title='bbox 542 3034 711 3112; x_wconf 90' lang='lat' dir='ltr'><strong>Domino;</strong></span> <span class='ocrx_word' id='word_1_228' title='bbox 736 3033 797 3096; x_wconf 92' lang='lat' dir='ltr'><strong>sed</strong></span> <span class='ocrx_word' id='word_1_229' title='bbox 817 3033 907 3116; x_wconf 92' lang='lat' dir='ltr'><strong>quod</strong></span> <span class='ocrx_word' id='word_1_230' title='bbox 926 3035 1101 3115; x_wconf 89' lang='lat' dir='ltr'><strong>reciproca</strong></span> <span class='ocrx_word' id='word_1_231' title='bbox 1116 3033 1262 3098; x_wconf 89' lang='lat' dir='ltr'><strong>hominis</strong></span> <span class='ocrx_word' id='word_1_232' title='bbox 1282 3057 1358 3101; x_wconf 92' lang='lat' dir='ltr'><strong>cum</strong></span> <span class='ocrx_word' id='word_1_233' title='bbox 1376 3039 1447 3105; x_wconf 92' lang='lat' dir='ltr'><strong>Do·</strong></span> 
     </span>
     <span class='ocr_line' id='line_1_26' title="bbox 325 3127 1447 3214; baseline 0.002 -17"><span class='ocrx_word' id='word_1_234' title='bbox 325 3135 420 3197; x_wconf 93' lang='lat' dir='ltr'><strong>mino</strong></span> <span class='ocrx_word' id='word_1_235' title='bbox 437 3153 505 3194; x_wconf 91' lang='lat' dir='ltr'><strong>non</strong></span> <span class='ocrx_word' id='word_1_236' title='bbox 525 3132 569 3194; x_wconf 88' lang='lat' dir='ltr'><strong>sit</strong></span> <span class='ocrx_word' id='word_1_237' title='bbox 588 3131 633 3193; x_wconf 88' lang='lat' dir='ltr'><strong>ab</strong></span> <span class='ocrx_word' id='word_1_238' title='bbox 648 3129 799 3204; x_wconf 91' lang='lat' dir='ltr'><strong>homine,</strong></span> <span class='ocrx_word' id='word_1_239' title='bbox 817 3129 879 3192; x_wconf 91' lang='lat' dir='ltr'><strong>sed</strong></span> <span class='ocrx_word' id='word_1_240' title='bbox 897 3150 918 3192; x_wconf 89' lang='lat' dir='ltr'><strong>a</strong></span> <span class='ocrx_word' id='word_1_241' title='bbox 936 3127 1106 3206; x_wconf 89' lang='lat' dir='ltr'><strong>Domino;</strong></span> <span class='ocrx_word' id='word_1_242' title='bbox 1131 3139 1202 3193; x_wconf 88' lang='lat' dir='ltr'><strong>tum</strong></span> <span class='ocrx_word' id='word_1_243' title='bbox 1218 3132 1309 3214; x_wconf 89' lang='lat' dir='ltr'><strong>quod</strong></span> <span class='ocrx_word' id='word_1_244' title='bbox 1326 3133 1447 3199; x_wconf 92' lang='lat' dir='ltr'><strong>volun·</strong></span> 
     </span>
     <span class='ocr_line' id='line_1_27' title="bbox 324 3223 1448 3308; baseline 0.002 -15"><span class='ocrx_word' id='word_1_245' title='bbox 324 3239 380 3294; x_wconf 90' lang='lat' dir='ltr'><strong>tas</strong></span> <span class='ocrx_word' id='word_1_246' title='bbox 399 3227 548 3292; x_wconf 92' lang='lat' dir='ltr'><strong>hominis</strong></span> <span class='ocrx_word' id='word_1_247' title='bbox 571 3228 603 3289; x_wconf 94' lang='lat' dir='ltr'><strong>in</strong></span> <span class='ocrx_word' id='word_1_248' title='bbox 627 3225 809 3288; x_wconf 87' lang='lat' dir='ltr'><strong>adversum</strong></span> <span class='ocrx_word' id='word_1_249' title='bbox 828 3235 886 3288; x_wconf 89' lang='lat' dir='ltr'><strong>eat</strong></span> <span class='ocrx_word' id='word_1_250' title='bbox 909 3243 986 3287; x_wconf 91' lang='lat' dir='ltr'><strong>cum</strong></span> <span class='ocrx_word' id='word_1_251' title='bbox 1003 3223 1186 3290; x_wconf 88' lang='lat' dir='ltr'><strong>voluntate</strong></span> <span class='ocrx_word' id='word_1_252' title='bbox 1205 3225 1364 3308; x_wconf 92' lang='lat' dir='ltr'><strong>Domini;</strong></span> <span class='ocrx_word' id='word_1_253' title='bbox 1388 3251 1448 3295; x_wconf 88' lang='lat' dir='ltr'><strong>seu</strong></span> 
     </span>
     <span class='ocr_line' id='line_1_28' title="bbox 323 3319 1448 3410; baseline 0.003 -22"><span class='ocrx_word' id='word_1_254' title='bbox 323 3325 416 3410; x_wconf 90' lang='lat' dir='ltr'><strong>quod</strong></span> <span class='ocrx_word' id='word_1_255' title='bbox 440 3323 541 3396; x_wconf 92' lang='lat' dir='ltr'><strong>idem,</strong></span> <span class='ocrx_word' id='word_1_256' title='bbox 563 3322 698 3406; x_wconf 90' lang='lat' dir='ltr'><strong>propria</strong></span> <span class='ocrx_word' id='word_1_257' title='bbox 719 3320 901 3403; x_wconf 91' lang='lat' dir='ltr'><strong>prudentia</strong></span> <span class='ocrx_word' id='word_1_258' title='bbox 919 3319 1067 3384; x_wconf 90' lang='lat' dir='ltr'><strong>hominis</strong></span> <span class='ocrx_word' id='word_1_259' title='bbox 1086 3338 1164 3384; x_wconf 91' lang='lat' dir='ltr'><strong>cum</strong></span> <span class='ocrx_word' id='word_1_260' title='bbox 1188 3320 1312 3386; x_wconf 87' lang='lat' dir='ltr'><strong>Divina</strong></span> <span class='ocrx_word' id='word_1_261' title='bbox 1332 3323 1448 3390; x_wconf 92' lang='lat' dir='ltr'><strong>Provi-</strong></span> 
     </span>
     <span class='ocr_line' id='line_1_29' title="bbox 322 3415 1447 3500; baseline 0.003 -16"><span class='ocrx_word' id='word_1_262' title='bbox 322 3421 444 3485; x_wconf 90' lang='lat' dir='ltr'><strong>dentia</strong></span> <span class='ocrx_word' id='word_1_263' title='bbox 476 3419 623 3482; x_wconf 92' lang='lat' dir='ltr'><strong>Domini.</strong></span> <span class='ocrx_word' id='word_1_264' title='bbox 669 3415 725 3478; x_wconf 89' lang='lat' dir='ltr'><strong>Ex</strong></span> <span class='ocrx_word' id='word_1_265' title='bbox 756 3415 822 3478; x_wconf 90' lang='lat' dir='ltr'><strong>illis</strong></span> <span class='ocrx_word' id='word_1_266' title='bbox 851 3415 918 3479; x_wconf 90' lang='lat' dir='ltr'><strong>hoc</strong></span> <span class='ocrx_word' id='word_1_267' title='bbox 949 3415 1111 3497; x_wconf 90' lang='lat' dir='ltr'><strong>sequitur,</strong></span> <span class='ocrx_word' id='word_1_268' title='bbox 1142 3417 1233 3500; x_wconf 92' lang='lat' dir='ltr'><strong>quod</strong></span> <span class='ocrx_word' id='word_1_269' title='bbox 1263 3416 1369 3484; x_wconf 91' lang='lat' dir='ltr'><strong>homo</strong></span> <span class='ocrx_word' id='word_1_270' title='bbox 1401 3445 1447 3487; x_wconf 90' lang='lat' dir='ltr'><strong>ex</strong></span> 
     </span>
     <span class='ocr_line' id='line_1_30' title="bbox 324 3509 1447 3600; baseline -0.001 -19"><span class='ocrx_word' id='word_1_271' title='bbox 324 3514 542 3598; x_wconf 87' lang='lat' dir='ltr'><strong>temporariis</strong></span> <span class='ocrx_word' id='word_1_272' title='bbox 566 3513 634 3576; x_wconf 93' lang='lat' dir='ltr'><strong>suis</strong></span> <span class='ocrx_word' id='word_1_273' title='bbox 660 3521 796 3593; x_wconf 89' lang='lat' dir='ltr'><strong>separet</strong></span> <span class='ocrx_word' id='word_1_274' title='bbox 821 3521 963 3575; x_wconf 90' lang='lat' dir='ltr'><strong>aeterna</strong></span> <span class='ocrx_word' id='word_1_275' title='bbox 986 3509 1124 3574; x_wconf 90' lang='lat' dir='ltr'><strong>Domini</strong></span> <span class='ocrx_word' id='word_1_276' title='bbox 1156 3531 1176 3575; x_wconf 89' lang='lat' dir='ltr'><strong>a</strong></span> <span class='ocrx_word' id='word_1_277' title='bbox 1198 3533 1246 3589; x_wconf 90' lang='lat' dir='ltr'><strong>se,</strong></span> <span class='ocrx_word' id='word_1_278' title='bbox 1270 3515 1332 3578; x_wconf 89' lang='lat' dir='ltr'><strong>sed</strong></span> <span class='ocrx_word' id='word_1_279' title='bbox 1355 3520 1447 3600; x_wconf 91' lang='lat' dir='ltr'><strong>quod</strong></span> 
     </span>
     <span class='ocr_line' id='line_1_31' title="bbox 324 3607 1447 3689; baseline 0.004 -14"><span class='ocrx_word' id='word_1_280' title='bbox 324 3611 495 3675; x_wconf 88' lang='lat' dir='ltr'><strong>Dominus</strong></span> <span class='ocrx_word' id='word_1_281' title='bbox 514 3607 702 3689; x_wconf 88' lang='lat' dir='ltr'><strong>conjungat</strong></span> <span class='ocrx_word' id='word_1_282' title='bbox 722 3616 865 3670; x_wconf 89' lang='lat' dir='ltr'><strong>aeterna</strong></span> <span class='ocrx_word' id='word_1_283' title='bbox 884 3627 944 3668; x_wconf 88' lang='lat' dir='ltr'><strong>sua</strong></span> <span class='ocrx_word' id='word_1_284' title='bbox 967 3607 1184 3689; x_wconf 87' lang='lat' dir='ltr'><strong>temporariis</strong></span> <span class='ocrx_word' id='word_1_285' title='bbox 1203 3607 1361 3687; x_wconf 90' lang='lat' dir='ltr'><strong>hominis,</strong></span> <span class='ocrx_word' id='word_1_286' title='bbox 1381 3611 1447 3679; x_wconf 88' lang='lat' dir='ltr'><strong>hoc</strong></span> 
     </span>
     <span class='ocr_line' id='line_1_32' title="bbox 323 3699 1448 3787; baseline 0.004 -18"><span class='ocrx_word' id='word_1_287' title='bbox 323 3717 391 3780; x_wconf 89' lang='lat' dir='ltr'><strong>est,</strong></span> <span class='ocrx_word' id='word_1_288' title='bbox 422 3703 466 3768; x_wconf 92' lang='lat' dir='ltr'><strong>Se</strong></span> <span class='ocrx_word' id='word_1_289' title='bbox 495 3703 626 3766; x_wconf 92' lang='lat' dir='ltr'><strong>homini</strong></span> <span class='ocrx_word' id='word_1_290' title='bbox 658 3711 693 3765; x_wconf 96' lang='lat' dir='ltr'><strong>et</strong></span> <span class='ocrx_word' id='word_1_291' title='bbox 729 3701 903 3764; x_wconf 92' lang='lat' dir='ltr'><strong>hominem</strong></span> <span class='ocrx_word' id='word_1_292' title='bbox 936 3699 1016 3764; x_wconf 90' lang='lat' dir='ltr'><strong>Sibi.</strong></span> <span class='ocrx_word' id='word_1_293' title='bbox 1061 3700 1114 3764; x_wconf 91' lang='lat' dir='ltr'><strong>De</strong></span> <span class='ocrx_word' id='word_1_294' title='bbox 1147 3701 1201 3765; x_wconf 89' lang='lat' dir='ltr'><strong>his</strong></span> <span class='ocrx_word' id='word_1_295' title='bbox 1228 3705 1306 3787; x_wconf 89' lang='lat' dir='ltr'><strong>quia</strong></span> <span class='ocrx_word' id='word_1_296' title='bbox 1331 3708 1448 3774; x_wconf 90' lang='lat' dir='ltr'><strong>multis</strong></span> 
     </span>
     <span class='ocr_line' id='line_1_33' title="bbox 324 3797 1447 3885; baseline 0.004 -20"><span class='ocrx_word' id='word_1_297' title='bbox 324 3798 439 3865; x_wconf 70' lang='lat' dir='ltr'><strong>actum</strong></span> <span class='ocrx_word' id='word_1_298' title='bbox 464 3810 517 3863; x_wconf 90' lang='lat' dir='ltr'><strong>est</strong></span> <span class='ocrx_word' id='word_1_299' title='bbox 546 3799 580 3862; x_wconf 92' lang='lat' dir='ltr'><strong>in</strong></span> <span class='ocrx_word' id='word_1_300' title='bbox 611 3797 907 3880; x_wconf 86' lang='lat' dir='ltr'><strong>praecedentibus,</strong></span> <span class='ocrx_word' id='word_1_301' title='bbox 933 3816 1000 3859; x_wconf 94' lang='lat' dir='ltr'><strong>non</strong></span> <span class='ocrx_word' id='word_1_302' title='bbox 1025 3816 1109 3878; x_wconf 91' lang='lat' dir='ltr'><strong>opus</strong></span> <span class='ocrx_word' id='word_1_303' title='bbox 1132 3808 1186 3862; x_wconf 92' lang='lat' dir='ltr'><strong>est</strong></span> <span class='ocrx_word' id='word_1_304' title='bbox 1214 3798 1273 3863; x_wconf 89' lang='lat' dir='ltr'><strong>illa</strong></span> <span class='ocrx_word' id='word_1_305' title='bbox 1295 3801 1447 3885; x_wconf 91' lang='lat' dir='ltr'><strong>pluribus</strong></span> 
     </span>
     <span class='ocr_line' id='line_1_34' title="bbox 324 3890 1447 3978; baseline 0.002 -18"><span class='ocrx_word' id='word_1_306' title='bbox 324 3893 539 3960; x_wconf 89' lang='lat' dir='ltr'><strong>confirmare.</strong></span> <span class='ocrx_word' id='word_1_307' title='bbox 585 3899 643 3957; x_wconf 78' lang='lat' dir='ltr'><strong>[tt-l</strong></span> <span class='ocrx_word' id='word_1_308' title='bbox 676 3891 828 3974; x_wconf 84' lang='lat' dir='ltr'><strong>Quarto:</strong></span> <span class='ocrx_word' id='word_1_309' title='bbox 852 3890 949 3970; x_wconf 84' lang='lat' dir='ltr'><strong>Quod</strong></span> <span class='ocrx_word' id='word_1_310' title='bbox 966 3890 1128 3955; x_wconf 70' lang='lat' dir='ltr'><strong>Domzitus</strong></span> <span class='ocrx_word' id='word_1_311' title='bbox 1146 3895 1325 3978; x_wconf 77' lang='lat' dir='ltr'><strong>cory&#39;ungat</strong></span> <span class='ocrx_word' id='word_1_312' title='bbox 1341 3897 1447 3962; x_wconf 80' lang='lat' dir='ltr'><strong>homi·</strong></span> 
     </span>
     <span class='ocr_line' id='line_1_35' title="bbox 325 3985 1447 4076; baseline 0.004 -22"><span class='ocrx_word' id='word_1_313' title='bbox 325 4013 398 4055; x_wconf 84' lang='lat' dir='ltr'><strong>nem</strong></span> <span class='ocrx_word' id='word_1_314' title='bbox 428 3990 506 4056; x_wconf 76' lang='lat' dir='ltr'><strong>Sibi</strong></span> <span class='ocrx_word' id='word_1_315' title='bbox 526 4000 592 4072; x_wconf 79' lang='lat' dir='ltr'><strong>per</strong></span> <span class='ocrx_word' id='word_1_316' title='bbox 617 3988 846 4070; x_wconf 73' lang='lat' dir='ltr'><strong>apparentiszs.</strong></span> <span class='ocrx_word' id='word_1_317' title='bbox 900 3985 1114 4069; x_wconf 88' lang='lat' dir='ltr'><strong>Apparentia</strong></span> <span class='ocrx_word' id='word_1_318' title='bbox 1138 3989 1229 4052; x_wconf 93' lang='lat' dir='ltr'><strong>enim</strong></span> <span class='ocrx_word' id='word_1_319' title='bbox 1264 4001 1328 4067; x_wconf 90' lang='lat' dir='ltr'><strong>est,</strong></span> <span class='ocrx_word' id='word_1_320' title='bbox 1356 3995 1447 4076; x_wconf 89' lang='lat' dir='ltr'><strong>quod</strong></span> 
     </span>
     <span class='ocr_line' id='line_1_36' title="bbox 323 4081 1449 4172; baseline 0.004 -22"><span class='ocrx_word' id='word_1_321' title='bbox 323 4085 430 4150; x_wconf 89' lang='lat' dir='ltr'><strong>homo</strong></span> <span class='ocrx_word' id='word_1_322' title='bbox 454 4107 499 4149; x_wconf 88' lang='lat' dir='ltr'><strong>ex</strong></span> <span class='ocrx_word' id='word_1_323' title='bbox 530 4107 567 4148; x_wconf 93' lang='lat' dir='ltr'><strong>se</strong></span> <span class='ocrx_word' id='word_1_324' title='bbox 590 4094 683 4147; x_wconf 87' lang='lat' dir='ltr'><strong>amet</strong></span> <span class='ocrx_word' id='word_1_325' title='bbox 707 4083 913 4164; x_wconf 89' lang='lat' dir='ltr'><strong>proximum,</strong></span> <span class='ocrx_word' id='word_1_326' title='bbox 937 4081 1041 4146; x_wconf 89' lang='lat' dir='ltr'><strong>saciat</strong></span> <span class='ocrx_word' id='word_1_327' title='bbox 1065 4083 1204 4160; x_wconf 92' lang='lat' dir='ltr'><strong>bonum,</strong></span> <span class='ocrx_word' id='word_1_328' title='bbox 1229 4096 1265 4149; x_wconf 94' lang='lat' dir='ltr'><strong>et</strong></span> <span class='ocrx_word' id='word_1_329' title='bbox 1288 4085 1449 4172; x_wconf 89' lang='lat' dir='ltr'><strong>loquatur</strong></span> 
     </span>
     <span class='ocr_line' id='line_1_37' title="bbox 324 4177 1447 4262; baseline 0.004 -17"><span class='ocrx_word' id='word_1_330' title='bbox 324 4201 453 4247; x_wconf 90' lang='lat' dir='ltr'><strong>verum.</strong></span> <span class='ocrx_word' id='word_1_331' title='bbox 501 4179 598 4244; x_wconf 88' lang='lat' dir='ltr'><strong>Haec</strong></span> <span class='ocrx_word' id='word_1_332' title='bbox 623 4180 685 4242; x_wconf 91' lang='lat' dir='ltr'><strong>nisi</strong></span> <span class='ocrx_word' id='word_1_333' title='bbox 708 4188 916 4260; x_wconf 88' lang='lat' dir='ltr'><strong>apparerent</strong></span> <span class='ocrx_word' id='word_1_334' title='bbox 938 4177 1069 4241; x_wconf 90' lang='lat' dir='ltr'><strong>homini</strong></span> <span class='ocrx_word' id='word_1_335' title='bbox 1092 4178 1180 4244; x_wconf 90' lang='lat' dir='ltr'><strong>sicut</strong></span> <span class='ocrx_word' id='word_1_336' title='bbox 1208 4181 1252 4245; x_wconf 87' lang='lat' dir='ltr'><strong>ab</strong></span> <span class='ocrx_word' id='word_1_337' title='bbox 1282 4182 1352 4262; x_wconf 91' lang='lat' dir='ltr'><strong>illo,</strong></span> <span class='ocrx_word' id='word_1_338' title='bbox 1379 4206 1447 4250; x_wconf 92' lang='lat' dir='ltr'><strong>non</strong></span> 
     </span>
     <span class='ocr_line' id='line_1_38' title="bbox 324 4272 1449 4360; baseline 0.004 -19"><span class='ocrx_word' id='word_1_339' title='bbox 324 4287 460 4341; x_wconf 85' lang='lat' dir='ltr'><strong>amaret</strong></span> <span class='ocrx_word' id='word_1_340' title='bbox 477 4277 684 4360; x_wconf 87' lang='lat' dir='ltr'><strong>proximum,</strong></span> <span class='ocrx_word' id='word_1_341' title='bbox 700 4273 829 4337; x_wconf 85' lang='lat' dir='ltr'><strong>faceret</strong></span> <span class='ocrx_word' id='word_1_342' title='bbox 845 4273 974 4337; x_wconf 93' lang='lat' dir='ltr'><strong>bonum</strong></span> <span class='ocrx_word' id='word_1_343' title='bbox 990 4283 1026 4337; x_wconf 91' lang='lat' dir='ltr'><strong>et</strong></span> <span class='ocrx_word' id='word_1_344' title='bbox 1043 4272 1241 4358; x_wconf 90' lang='lat' dir='ltr'><strong>loqueretur</strong></span> <span class='ocrx_word' id='word_1_345' title='bbox 1256 4297 1385 4357; x_wconf 89' lang='lat' dir='ltr'><strong>verum,</strong></span> <span class='ocrx_word' id='word_1_346' title='bbox 1402 4282 1449 4346; x_wconf 86' lang='lat' dir='ltr'><strong>ita</strong></span> 
     </span>
     <span class='ocr_line' id='line_1_39' title="bbox 325 4368 1448 4454; baseline 0.004 -17"><span class='ocrx_word' id='word_1_347' title='bbox 325 4393 396 4437; x_wconf 92' lang='lat' dir='ltr'><strong>non</strong></span> <span class='ocrx_word' id='word_1_348' title='bbox 429 4370 697 4454; x_wconf 85' lang='lat' dir='ltr'><strong>conjungeretur</strong></span> <span class='ocrx_word' id='word_1_349' title='bbox 730 4369 891 4434; x_wconf 91' lang='lat' dir='ltr'><strong>Domino.</strong></span> <span class='ocrx_word' id='word_1_350' title='bbox 937 4368 1005 4433; x_wconf 89' lang='lat' dir='ltr'><strong>Sed</strong></span> <span class='ocrx_word' id='word_1_351' title='bbox 1039 4369 1117 4454; x_wconf 88' lang='lat' dir='ltr'><strong>quia</strong></span> <span class='ocrx_word' id='word_1_352' title='bbox 1152 4391 1173 4434; x_wconf 88' lang='lat' dir='ltr'><strong>a</strong></span> <span class='ocrx_word' id='word_1_353' title='bbox 1210 4371 1361 4439; x_wconf 89' lang='lat' dir='ltr'><strong>Domino</strong></span> <span class='ocrx_word' id='word_1_354' title='bbox 1393 4387 1448 4443; x_wconf 85' lang='lat' dir='ltr'><strong>est</strong></span> 
     </span>
     <span class='ocr_line' id='line_1_40' title="bbox 324 4465 1448 4555; baseline 0.002 -23"><span class='ocrx_word' id='word_1_355' title='bbox 324 4486 435 4544; x_wconf 87' lang='lat' dir='ltr'><strong>amor,</strong></span> <span class='ocrx_word' id='word_1_356' title='bbox 458 4466 587 4531; x_wconf 93' lang='lat' dir='ltr'><strong>bonum</strong></span> <span class='ocrx_word' id='word_1_357' title='bbox 611 4477 647 4530; x_wconf 90' lang='lat' dir='ltr'><strong>et</strong></span> <span class='ocrx_word' id='word_1_358' title='bbox 676 4483 805 4539; x_wconf 90' lang='lat' dir='ltr'><strong>verum,</strong></span> <span class='ocrx_word' id='word_1_359' title='bbox 830 4474 929 4548; x_wconf 90' lang='lat' dir='ltr'><strong>patet</strong></span> <span class='ocrx_word' id='word_1_360' title='bbox 952 4465 1043 4549; x_wconf 92' lang='lat' dir='ltr'><strong>quod</strong></span> <span class='ocrx_word' id='word_1_361' title='bbox 1067 4465 1237 4531; x_wconf 92' lang='lat' dir='ltr'><strong>Dominus</strong></span> <span class='ocrx_word' id='word_1_362' title='bbox 1260 4489 1321 4550; x_wconf 89' lang='lat' dir='ltr'><strong>per</strong></span> <span class='ocrx_word' id='word_1_363' title='bbox 1343 4490 1448 4555; x_wconf 85' lang='lat' dir='ltr'><strong>appa·</strong></span> 
     </span>
     <span class='ocr_line' id='line_1_41' title="bbox 325 4557 1448 4647; baseline 0.004 -20"><span class='ocrx_word' id='word_1_364' title='bbox 325 4564 456 4627; x_wconf 90' lang='lat' dir='ltr'><strong>rentias</strong></span> <span class='ocrx_word' id='word_1_365' title='bbox 474 4561 662 4644; x_wconf 87' lang='lat' dir='ltr'><strong>conjungat</strong></span> <span class='ocrx_word' id='word_1_366' title='bbox 681 4561 857 4625; x_wconf 89' lang='lat' dir='ltr'><strong>hominem</strong></span> <span class='ocrx_word' id='word_1_367' title='bbox 877 4559 956 4624; x_wconf 89' lang='lat' dir='ltr'><strong>Sibi.</strong></span> <span class='ocrx_word' id='word_1_368' title='bbox 1002 4557 1070 4624; x_wconf 88' lang='lat' dir='ltr'><strong>Sed</strong></span> <span class='ocrx_word' id='word_1_369' title='bbox 1089 4559 1216 4627; x_wconf 89' lang='lat' dir='ltr'><strong>dehac</strong></span> <span class='ocrx_word' id='word_1_370' title='bbox 1236 4567 1448 4647; x_wconf 86' lang='lat' dir='ltr'><strong>apparentia,</strong></span> 
     </span>
    </p>
   </div>
   <div class='ocr_carea' id='block_1_3' title="bbox 324 4656 1452 4746">
    <p class='ocr_par' dir='ltr' id='par_1_3' title="bbox 324 4656 1452 4746">
     <span class='ocr_line' id='line_1_42' title="bbox 324 4656 1452 4746; baseline 0.005 -24"><span class='ocrx_word' id='word_1_371' title='bbox 324 4668 361 4722; x_wconf 90' lang='lat' dir='ltr'><strong>et</strong></span> <span class='ocrx_word' id='word_1_372' title='bbox 384 4659 427 4722; x_wconf 90' lang='lat' dir='ltr'><strong>de</strong></span> <span class='ocrx_word' id='word_1_373' title='bbox 450 4656 689 4740; x_wconf 74' lang='lat' dir='ltr'><strong>conjunctione</strong></span> <span class='ocrx_word' id='word_1_374' title='bbox 713 4656 852 4720; x_wconf 91' lang='lat' dir='ltr'><strong>Domini</strong></span> <span class='ocrx_word' id='word_1_375' title='bbox 876 4675 952 4719; x_wconf 93' lang='lat' dir='ltr'><strong>cum</strong></span> <span class='ocrx_word' id='word_1_376' title='bbox 976 4656 1127 4733; x_wconf 90' lang='lat' dir='ltr'><strong>homine,</strong></span> <span class='ocrx_word' id='word_1_377' title='bbox 1151 4667 1187 4722; x_wconf 94' lang='lat' dir='ltr'><strong>et</strong></span> <span class='ocrx_word' id='word_1_378' title='bbox 1210 4657 1254 4724; x_wconf 91' lang='lat' dir='ltr'><strong>de</strong></span> <span class='ocrx_word' id='word_1_379' title='bbox 1275 4661 1452 4746; x_wconf 88' lang='lat' dir='ltr'><strong>reciproca</strong></span> 
     </span>
    </p>
   </div>
   <div class='ocr_carea' id='block_1_4' title="bbox 0 0 1716 5368">
    <p class='ocr_par' dir='ltr' id='par_1_4' title="bbox 0 0 1716 5368">
     <span class='ocr_line' id='line_1_43' title="bbox 0 0 1716 5368; baseline 0 0"><span class='ocrx_word' id='word_1_380' title='bbox 0 0 1716 5368; x_wconf 95' lang='lat' dir='ltr'><strong> </strong></span> 
     </span>
    </p>
   </div>
  </div>
 </body>
</html>
