3424 5368
344 649 404 734 136
704 656 907 709 sensuam
931 653 1128 710 lucanica

337 833 393 900 vel
429 834 463 900 in
497 832 577 912 illis,
600 831 657 898 vel
691 829 776 897 fiunt
811 852 872 915 per
903 829 973 896 illa
1024 827 1077 898 Ut
1112 851 1174 916 pro
1206 830 1372 916 exemplo
1409 852 1466 896 so·

338 951 423 995 nus:
449 931 504 1014 qui
525 938 626 1012 putat
645 929 737 1013 quod
757 949 862 992 sonus
880 929 925 992 sit
941 927 1080 1012 aliquid,
1098 929 1161 992 nisi
1179 929 1213 992 in
1231 927 1293 992 illo
1311 930 1356 992 sit
1375 927 1467 1011 quod

337 1026 531 1109 distinguit,
564 1025 713 1104 fallitur;
749 1043 854 1088 sonus
884 1023 990 1088 etiam
1020 1024 1271 1106 correspondet
1295 1021 1467 1088 affectioni

337 1125 429 1207 apud
453 1123 650 1200 hominem;
681 1132 716 1185 et
741 1122 818 1202 quia
846 1121 880 1183 in
903 1119 964 1183 illo
987 1139 1124 1204 semper
1146 1129 1201 1184 est
1223 1119 1350 1204 aliquid
1374 1119 1467 1203 quod

338 1219 622 1302 distinguit,ideo
638 1239 684 1282 ex
700 1237 788 1280 sono
803 1215 950 1280 hominis
966 1215 1140 1301 loquentis
1156 1217 1380 1298 cognoscitur
1396 1215 1466 1298 ejus

338 1317 464 1380 amoris
487 1311 645 1392 affetum
676 1323 713 1376 et
736 1334 781 1376 ex
805 1312 998 1376 variatione
1022 1311 1104 1394 ejus,
1128 1331 1216 1394 quae
1239 1319 1294 1375 est
1317 1309 1466 1394 loquela,

338 1411 409 1494 ejus
432 1412 612 1494 cogitatio.
660 1409 746 1474 Inde
769 1420 835 1484 est,
856 1408 948 1491 quod
972 1407 1087 1491 angeli
1106 1408 1336 1490 sapientiores
1354 1407 1466 1470 solum

338 1529 383 1572 ex
407 1529 495 1572 sono
518 1507 694 1591 loquentis
713 1505 905 1589 percipiant
925 1524 1061 1568 amores
1079 1505 1172 1568 vitae
1195 1501 1278 1584 ejus,
1299 1521 1368 1566 una
1389 1521 1465 1565 cum

338 1604 541 1687 quibusdam
571 1600 818 1676 affectionibus,
847 1620 935 1683 quae
969 1609 1050 1663 sunt
1079 1599 1322 1662 derivationes.
1368 1596 1466 1660 Haec

338 1696 431 1762 dicta
452 1709 542 1774 sunt,
563 1707 601 1762 ut
625 1699 762 1774 sciatur,
783 1697 874 1780 quod
895 1715 964 1759 non
984 1694 1085 1759 detur
1102 1691 1240 1758 affeilio
1258 1694 1387 1777 absque
1406 1713 1466 1755 sua

339 1796 566 1876 cogitatione,
598 1814 661 1858 nec
693 1793 863 1876 cogitatio
896 1792 1028 1874 absque
1062 1811 1125 1853 sua
1156 1787 1348 1854 affeilione.
1398 1787 1467 1852 Sed

339 1890 436 1974 plura
465 1891 508 1954 de
532 1890 585 1954 his
608 1910 710 1973 supra
740 1891 773 1953 in
804 1889 868 1953 hac
893 1884 1140 1963 transactione,
1159 1896 1196 1951 et
1225 1885 1261 1950 in
1291 1883 1467 1966 Sapientia

338 1983 502 2068 Angelica
515 1984 556 2047 de
570 1984 694 2048 Divino
712 1985 840 2048 Amore
855 1995 888 2048 et
904 1983 1033 2047 Divina
1050 1981 1236 2064 Sapientia,
1256 1983 1448 2045 videantur.

403 2094 500 2164 195.
532 2079 631 2144 Nunc
650 2083 729 2163 quia
748 2101 844 2144 amor
862 2082 955 2143 vitae
975 2100 1073 2142 suum
1088 2079 1275 2161 jucundum
1295 2079 1412 2153 habet,
1430 2089 1466 2143 et

338 2177 507 2260 sapientia
523 2175 594 2257 ejus
607 2197 704 2240 suum
718 2196 913 2251 amoenum,
927 2176 1084 2239 similiter
1096 2178 1207 2239 omnis
1219 2172 1365 2251 affectio,
1380 2196 1467 2258 quae

338 2272 372 2337 in
396 2293 458 2336 sua
480 2275 630 2336 essentia
653 2283 707 2337 est
730 2291 827 2336 amor
846 2273 1066 2336 subalternus
1085 2272 1260 2335 derivatus
1282 2271 1327 2334 ab
1350 2291 1466 2337 amore

338 2369 443 2443 vitae,
458 2369 547 2432 sicut
564 2370 653 2432 rivus
671 2390 691 2432 a
707 2389 770 2432 suo
785 2367 892 2442 sonte,
907 2378 966 2433 aut
983 2369 1072 2432 sicut
1089 2386 1203 2431 ramus
1221 2387 1241 2431 a
1256 2387 1317 2430 sua
1332 2368 1465 2444 arbore,

339 2473 398 2529 aut
419 2465 509 2527 sicut
529 2466 653 2528 arteria
672 2485 692 2528 a
711 2485 773 2528 suo
792 2465 916 2544 corde;
938 2485 1042 2548 quare
1061 2463 1204 2528 cuilibet
1223 2460 1395 2527 affedlioni
1413 2473 1467 2528 est

340 2581 437 2624 suum
457 2559 642 2641 jucundum
666 2570 702 2624 et
726 2559 806 2624 inde
830 2561 1043 2641 perceptioni
1070 2569 1107 2624 et
1137 2559 1345 2642 cogitationi
1367 2579 1464 2624 suum

339 2675 532 2720 amoenum.
581 2656 665 2721 inde
689 2656 853 2740 sequitur,
878 2655 970 2740 quod
989 2654 1142 2738 jucunda
1171 2665 1206 2720 et
1235 2675 1382 2721 amoena
1406 2656 1466 2721 illa

338 2751 467 2814 faciant
484 2751 587 2814 vitam
602 2751 760 2815 hominis.
795 2748 885 2832 Quid
896 2753 970 2816 vita
985 2751 1115 2836 absque
1129 2753 1281 2837 jucundo
1297 2760 1333 2816 et
1347 2772 1465 2817 amoe-

339 2846 409 2910 no?
455 2845 533 2908 Non
547 2857 601 2910 est
621 2846 748 2929 aliquid
761 2847 951 2911 animatum
970 2847 1031 2911 sed
1048 2849 1295 2913 inanimatum:
1316 2849 1465 2915 diminue

338 2941 396 3006 illa
420 2952 455 3005 et
479 2940 642 3022 frigesces
665 2951 724 3005 aut
748 2951 938 3024 torpesces,
959 2953 995 3007 et
1019 2944 1113 3008 auser
1131 2944 1191 3008 illa
1213 2954 1250 3009 et
1272 2944 1465 3027 exspirabis

339 3048 374 3102 et
399 3039 573 3100 morieris:
605 3043 663 3104 [2.]
693 3059 739 3101 ex
758 3035 915 3119 jucundis
937 3037 1157 3104 affectionum
1180 3049 1217 3105 et
1241 3061 1287 3106 ex
1310 3043 1465 3105 amoenis

338 3135 599 3218 perceptionum
612 3142 648 3198 et
664 3133 928 3216 cogitationum,
943 3145 996 3199 est
1013 3135 1107 3200 calor
1119 3136 1246 3202 vitalis.
1290 3134 1464 3220 Quoniam

339 3230 445 3293 cuivis
468 3226 639 3293 affectioni
669 3239 723 3293 est
752 3248 849 3293 suum
868 3228 1068 3311 jucundum,
1088 3241 1124 3296 et
1152 3232 1235 3299 inde
1257 3234 1465 3316 cogitationi

338 3345 436 3390 suum
449 3344 642 3400 amoenum,
657 3333 814 3389 constare
827 3336 955 3408 potest,
970 3329 1061 3393 unde
1074 3339 1128 3393 est
1145 3329 1273 3394 bonum
1284 3339 1321 3394 et
1333 3351 1464 3412 verum,

338 3430 413 3486 tum
432 3423 513 3505 quid
533 3422 660 3485 bonum
683 3430 721 3484 et
743 3440 861 3484 verum
884 3422 918 3486 in
942 3443 1004 3486 sua
1021 3427 1176 3490 essentia
1193 3436 1284 3491 sunt.
1329 3425 1463 3493 Bonum

338 3526 392 3581 est
423 3518 528 3581 cuivis
551 3516 644 3600 quod
674 3514 746 3598 ejus
769 3514 958 3582 affectionis
976 3518 1165 3603 jucundum
1188 3532 1255 3602 est,
1275 3543 1315 3588 ac
1345 3543 1463 3589 verum

338 3613 430 3696 quod
454 3611 524 3694 ejus
547 3613 773 3696 cogitationis
797 3634 981 3680 amoenum
1003 3618 1084 3684 inde
1107 3628 1182 3684 est:
1210 3619 1354 3704 quisque
1373 3621 1463 3684 enim

338 3717 441 3772 vocat
470 3707 505 3771 id
535 3709 674 3784 bonum,
695 3709 788 3793 quod
818 3732 863 3776 ex
893 3733 1011 3779 amore
1037 3715 1229 3780 voluntatis
1251 3737 1333 3781 suae
1356 3717 1463 3780 sentit

335 3801 531 3886 jucundum,
552 3813 588 3868 et
608 3817 711 3870 vocat
730 3806 764 3870 id
784 3828 912 3886 verum,
933 3813 1025 3894 quod
1048 3833 1094 3876 ex
1113 3813 1284 3897 sapientia
1302 3811 1461 3877 intellec-

338 3905 394 3961 tus
407 3899 457 3962 sui
469 3898 616 3982 percipit
628 3919 812 3967 amoenum
823 3905 911 3970 inde.
957 3905 1153 3993 Utrumque
1165 3907 1274 3973 effluit
1290 3930 1335 3973 ex
1346 3927 1462 3972 amore

337 3995 431 4056 vitae
454 3995 543 4059 sicut
570 4015 659 4078 aqua
688 4017 734 4060 ex
764 3998 871 4076 fonte,
891 4011 953 4067 aut
980 4006 1071 4068 sicut
1095 4005 1235 4088 sanguis
1263 4025 1310 4069 ex
1337 4004 1461 4072 corde:

338 4099 520 4173 utrumque
535 4091 635 4154 simul
651 4103 825 4177 sumptum
842 4106 896 4162 est
914 4099 1003 4166 sicut
1018 4101 1111 4166 unda
1128 4110 1187 4166 aut
1206 4100 1460 4184 atmosphaera,

336 4185 371 4249 in
390 4205 458 4268 qua
476 4196 554 4251 tota
573 4207 671 4253 mens
690 4189 840 4257 humana
860 4202 926 4259 est.
972 4203 1030 4266 [3.]
1062 4197 1160 4262 Haec
1178 4196 1257 4274 duo,
1274 4196 1460 4281 jucundum

336 4289 373 4345 et
389 4299 583 4360 amoenum,
604 4285 638 4349 in
662 4297 782 4352 mente
804 4298 885 4353 sunt
902 4291 1104 4376 spiritualia,
1124 4293 1159 4358 in
1182 4313 1326 4378 corpore
1344 4302 1460 4357 autem

336 4386 416 4441 sunt
437 4380 626 4460 naturalia;
661 4384 818 4468 utrinque
840 4385 970 4452 faciunt
988 4388 1097 4454 vitam
1119 4388 1278 4454 hominis.
1322 4387 1381 4452 Ex
1409 4388 1461 4452 his

335 4482 445 4555 patet,
467 4477 547 4558 quid
570 4478 662 4561 apud
689 4478 865 4545 hominem
895 4490 950 4546 est
980 4484 1073 4567 quod
1094 4494 1240 4552 vocatur
1261 4485 1401 4560 bonum,
1424 4491 1460 4548 et

337 4568 416 4650 quid
433 4571 526 4653 quod
541 4582 687 4638 vocatur
701 4595 842 4640 verum:
866 4586 941 4642 tum
957 4579 1063 4644 etiam
1078 4579 1159 4664 quid
1175 4580 1267 4665 apud
1285 4579 1459 4645 hominem

337 4670 401 4738 est,
421 4665 514 4749 quod
536 4678 682 4734 vocatur
705 4670 833 4737 malum
855 4681 893 4739 et
916 4674 1009 4759 quod
1032 4684 1178 4742 vocatur
1199 4675 1343 4758 salsum3
1367 4673 1460 4760 quod
