3268 5380
722 673 926 729 SAPIENTIA
949 671 1145 725 ANGELICA

375 979 489 1064 QUOD
520 993 562 1046 IN
593 993 740 1045 ORDINE
763 989 988 1044 SUCCESSIVO
1010 989 1150 1042 PRIMUS
1172 987 1325 1042 GRADUS
1357 988 1495 1042 tractat·

501 1085 719 1146 sumerton,
743 1083 791 1134 nc
822 1082 1199 1147 asnr1us1us1uun3
1238 1081 1290 1133 aa
1320 1080 1427 1147 Quon
1456 1079 1495 1132 1u
1587 1132 1588 1166 ἶ

500 1177 649 1234 onoma
668 1175 916 1229 sruunrnnao
938 1174 1079 1227 neruus
1097 1172 1251 1226 senous
1274 1172 1417 1225 uacus
1439 1171 1494 1225 tu·
1587 1169 1588 1182 ¹

501 1269 642 1332 rmum,
668 1267 717 1320 Ac
740 1268 905 1320 TERTIUS
927 1266 1119 1318 EXTIMUM.

435 1437 536 1507 2⁰5.
566 1421 631 1485 Est
645 1420 731 1484 ordo
744 1421 957 1484 successivus
973 1429 1008 1483 et
1023 1418 1110 1483 ordo
1121 1416 1357 1482 simultaneus.
1404 1413 1496 1482 Ordo

371 1515 586 1579 successivus
609 1512 731 1576 horum
754 1513 921 1594 graduum
944 1521 998 1575 est
1022 1533 1042 1574 a
1069 1530 1230 1594 supremo
1258 1509 1302 1573 ad
1332 1508 1494 1585 infimum,

372 1629 432 1671 seu
449 1627 469 1669 a
485 1625 619 1669 summo
634 1605 678 1668 ad
695 1605 809 1667 imum.
855 1603 895 1667 ln
912 1603 977 1667 hoc
995 1604 1114 1668 ordine
1131 1611 1211 1667 sunt
1227 1600 1315 1666 caeli
1326 1602 1495 1684 angelici;

372 1698 505 1763 caelum
525 1700 667 1762 tertium
687 1697 731 1760 ibi
751 1707 805 1760 est
824 1715 1031 1778 supremum,
1051 1697 1239 1761 secundum
1260 1703 1315 1759 est
1334 1694 1494 1768 medium,

371 1810 412 1852 ac
438 1792 582 1872 primum
606 1799 660 1853 est
683 1789 860 1868 infimum
892 1791 979 1852 situs
1002 1807 1120 1852 eorum
1143 1788 1233 1851 inter
1260 1807 1297 1850 se
1328 1785 1410 1850 talis
1434 1795 1494 1850 est.

374 1881 412 1944 ln
432 1882 532 1943 simili
549 1881 668 1944 ordine
688 1882 884 1945 successivo
904 1892 984 1945 sunt
1003 1882 1050 1944 ibi
1069 1890 1184 1945 status
1203 1880 1329 1943 amoris
1349 1889 1385 1942 et
1405 1879 1494 1961 sapi·

371 1975 488 2037 entiae
507 1973 598 2055 apud
617 1974 774 2055 angelos,
796 1984 870 2037 tum
889 1975 994 2036 etiam
1013 1972 1137 2036 caloris
1157 1982 1193 2036 et
1213 1972 1309 2046 lucis,
1329 1981 1366 2034 ut
1385 1980 1424 2035 et
1442 1980 1493 2034 at·

373 2065 653 2147 mosphaerarum
673 2065 921 2147 spiritualium
953 2067 987 2129 in
1010 2065 1112 2128 simili
1135 2065 1255 2128 ordine
1278 2072 1359 2128 sunt
1375 2082 1495 2127 omnes

373 2155 599 2240 perfeetiones
618 2157 800 2221 formarum
820 2167 857 2221 et
880 2158 1000 2221 virium
1019 2158 1076 2221 ibi.
1122 2155 1208 2222 Cum
1228 2156 1356 2239 gradus
1375 2155 1494 2220 altitu·
1589 2187 1590 2204 r

372 2251 460 2313 dinis
479 2269 539 2312 seu
558 2250 700 2313 discreti
718 2251 752 2312 in
771 2250 890 2313 ordine
908 2251 1105 2313 successivo
1122 2260 1216 2324 sunt,
1233 2260 1315 2312 tunc
1336 2247 1385 2311 illi
1400 2267 1494 2312 com·

372 2343 483 2424 parari
507 2351 652 2424 possunt
672 2341 853 2406 columnae
873 2341 1003 2406 divisae
1026 2341 1060 2405 in
1084 2352 1156 2405 tres
1180 2341 1318 2422 gradus,
1335 2361 1396 2423 per
1411 2359 1495 2424 quos

371 2433 409 2498 fit
423 2454 587 2498 ascensus
600 2443 636 2497 et
650 2433 837 2498 descensus
849 2456 856 2511 ;
879 2435 914 2498 in
931 2433 1025 2515 cujus
1037 2434 1211 2516 superiore
1223 2433 1403 2496 mansione
1416 2443 1495 2496 sunt

372 2522 620 2608 persedissima
638 2536 674 2590 et
698 2525 945 2608 pulcherrima;
968 2527 1002 2590 in
1022 2525 1136 2590 media
1154 2527 1266 2589 minus
1284 2521 1438 2607 perfecta
1460 2534 1494 2588 et

372 2616 533 2699 pulchra;
557 2619 592 2680 in
607 2616 724 2681 infima
740 2628 857 2683 autem
873 2618 985 2682 adhuc
998 2619 1110 2682 minus
1122 2614 1272 2700 perfetta
1287 2626 1324 2680 et
1341 2616 1494 2698 pulchra.

372 2705 468 2772 Ordo
486 2719 603 2774 autem
626 2708 864 2787 simultaneus,
889 2710 1013 2793 quiex
1036 2709 1201 2775 similibus
1224 2709 1387 2792 gradibus
1411 2730 1493 2774 con·

372 2801 474 2876 sistit,
487 2801 522 2864 in
543 2801 612 2865 alia
626 2804 829 2886 apparentia
845 2811 910 2867 est.
955 2801 996 2866 In
1014 2802 1081 2866 hoc
1098 2811 1177 2866 sunt
1191 2821 1350 2885 suprema
1367 2803 1495 2867 ordinis

371 2894 565 2968 successivi,
578 2914 666 2977 quae
678 2906 716 2960 ut
729 2893 859 2960 didium
872 2903 938 2971 est,
950 2890 1197 2978 perfectissima
1212 2904 1249 2959 et
1265 2893 1494 2977 pulcherrima

370 2995 452 3048 sunt
487 2987 521 3050 in
544 2987 679 3063 intimo,
703 2988 860 3052 inferiora
882 2989 917 3051 in
941 2987 1067 3064 medio,
1092 2996 1129 3051 et
1150 2984 1267 3051 infima
1293 2987 1327 3050 in
1350 2985 1493 3052 ambitu.

370 3073 459 3142 Sunt
477 3078 566 3142 sicut
583 3081 619 3142 in
637 3079 750 3145 solido
768 3101 813 3144 ex
833 3080 942 3144 tribus
960 3078 1027 3143 illis
1046 3079 1209 3162 gradibus
1228 3088 1436 3158 constante;
1459 3081 1493 3145 in

370 3168 465 3251 cujus
484 3171 599 3236 medio
617 3192 677 3236 seu
696 3181 818 3236 centro
837 3182 919 3236 sunt
938 3182 1055 3255 partes
1071 3170 1327 3246 subtilissimae,
1348 3172 1492 3236 circum·

371 3263 462 3327 circa
488 3263 572 3326 illud
602 3273 719 3345 partes
746 3265 857 3328 minus
887 3264 1042 3338 subtiles,
1070 3273 1106 3326 et
1139 3263 1173 3328 in
1203 3265 1382 3340 extremis,
1406 3284 1493 3347 quae

370 3355 537 3420 ambitum
556 3355 696 3432 iaciunt,
716 3366 797 3420 sunt
817 3365 933 3438 partes
953 3377 997 3420 ex
1021 3355 1088 3418 illis
1108 3356 1335 3437 compositae,
1355 3364 1392 3419 et
1415 3355 1493 3420 inde

369 3448 564 3511 crassiores.
609 3447 674 3512 Est
700 3450 790 3513 sicut
813 3448 974 3512 columna
996 3446 1065 3524 illa,
1090 3449 1133 3512 de
1163 3468 1230 3531 qua
1259 3467 1349 3511 nunc
1379 3468 1491 3530 supra,

369 3538 550 3601 subsidens
573 3541 607 3602 in
630 3539 793 3621 planum;
824 3541 917 3622 cujus
940 3560 1134 3624 supremum
1157 3540 1239 3604 facit
1263 3541 1432 3619 intimum,
1451 3559 1491 3603 ac

369 3628 519 3693 medium
538 3630 619 3694 facit
638 3630 801 3708 medium,
821 3652 861 3695 ac
878 3631 1030 3696 infimum
1049 3633 1131 3696 lacit
1151 3642 1358 3696 extremum.

432 3723 535 3786 2⁰6·
566 3718 738 3803 Quoniam
762 3743 957 3806 supremum
981 3725 1110 3789 ordinis
1132 3725 1319 3788 successivi
1343 3722 1382 3788 fit
1411 3723 1492 3787 inti·

369 3828 462 3874 mum
482 3812 610 3876 ordinis
629 3813 837 3891 simultanei‚
858 3837 898 3880 ac
921 3815 1073 3880 infimum
1093 3815 1131 3880 fit
1155 3816 1334 3891 extimum,
1355 3814 1434 3880 ideo
1456 3815 1490 3880 in

370 3901 488 3966 Verbo
511 3925 572 3988 per
595 3906 803 3987 “superius'’
821 3908 1034 3989 significatur
1054 3908 1208 3982 interius,
1234 3916 1270 3971 et
1293 3927 1356 3990 per
1375 3905 1490 3971 “inse-

368 3995 459 4059 rius”
477 3995 688 4079 significatur
710 4001 887 4079 exterius;
920 4000 1030 4064 simile
1054 4019 1115 4082 per
1134 4007 1154 4032 ‘⁶
1166 4017 1297 4062 sursum
1305 3995 1322 4026 '’
1340 4007 1378 4063 et
1399 3999 1489 4062 “de-

368 4089 512 4165 orsum’'
531 4098 604 4153 tum
623 4110 684 4172 per
704 4090 843 4154 “altum
852 4092 867 4117 ”
888 4103 924 4156 et
944 4090 1205 4175 “profundum''

432 4194 528 4265 2⁰7.
558 4181 598 4245 In
626 4183 718 4245 omni
742 4182 865 4247 ultimo
888 4193 967 4248 sunt
990 4185 1119 4267 gradus
1142 4184 1282 4248 discreti
1308 4182 1343 4246 in
1370 4183 1489 4248 ordine

368 4273 586 4338 simultaneo.
633 4274 756 4338 Fibrae
779 4278 943 4341 motrices
966 4277 999 4339 in
1023 4278 1116 4340 omni
1140 4275 1306 4352 musculo,
1326 4275 1431 4340 fibrae
1454 4275 1488 4338 in

368 4367 461 4428 omni
492 4386 609 4442 nervo,
638 4376 711 4430 tum
740 4366 844 4432 fibrae
869 4379 905 4433 et
933 4368 1073 4432 vascula
1102 4369 1136 4432 in
1167 4369 1260 4431 omni
1289 4369 1423 4432 viscere
1451 4375 1489 4431 et

368 4478 511 4538 organo,
529 4461 659 4523 suntin
677 4459 739 4523 tali
757 4461 886 4524 ordine.
931 4460 1059 4525 intime
1077 4461 1111 4522 in
1127 4459 1194 4524 illis
1211 4468 1292 4524 sunt
1308 4459 1489 4541 simplicis·

368 4550 454 4611 sima
484 4570 571 4631 quae
601 4548 866 4632 perseb'rissima;
901 4555 1070 4618 extimum
1100 4561 1155 4616 est
1183 4553 1415 4634 compositum
1440 4571 1488 4615 ex

367 4639 444 4706 illis.
486 4639 612 4706 Similis
631 4643 716 4710 ordo
739 4644 906 4727 graduum
925 4646 1071 4710 istorum
1093 4654 1147 4710 est
1169 4646 1204 4708 in
1227 4644 1321 4709 omni
1343 4644 1486 4720 semine,
