3448 5374
328 625 389 706 ¹84
679 636 883 690 sarraurm
907 637 1102 690 nudantes

325 832 395 876 non
419 810 547 894 aliquid
568 806 742 873 detedtum
766 818 831 886 est,
852 809 885 873 in
909 830 976 893 quo
1000 829 1108 886 mens,
1128 830 1215 894 quae
1234 809 1350 877 videre
1373 811 1446 879 vult

323 924 405 968 num
425 903 473 966 ita
493 904 548 977 sit,
566 902 783 984 acquiescere
803 911 932 984 potest,
950 902 1029 965 ideo
1048 901 1129 966 mihi
1146 903 1264 966 datum
1281 914 1335 968 est
1355 903 1449 988 loqui

322 1016 402 1060 cum
419 995 564 1077 angelis,
579 1004 614 1058 et
635 1014 695 1076 per
711 992 845 1058 illorum
863 995 1069 1078 sapientiam
1088 996 1131 1059 de
1151 1016 1192 1058 ea
1210 1017 1246 1059 re
1264 995 1426 1060 illustrari
1437 1017 1447 1077 ;

321 1109 368 1152 ex
398 1109 464 1171 qua
491 1090 556 1151 hoc
588 1097 662 1152 est:
687 1087 779 1170 quod
809 1087 924 1150 anima
951 1087 1109 1164 hominis,
1134 1109 1222 1170 quae
1245 1089 1335 1152 *vivit
1366 1099 1446 1170 post

322 1191 483 1255 mortem,
501 1181 545 1244 sit
564 1179 635 1261 ejus
652 1180 801 1261 spiritus,
820 1188 855 1242 et
870 1180 960 1262 quod
981 1178 1039 1242 ille
1058 1181 1103 1244 sit
1122 1181 1156 1243 in
1173 1177 1323 1263 perrefita
1339 1180 1447 1244 sorma

321 1271 439 1348 homo,
460 1281 496 1337 et
515 1271 606 1356 quod
625 1270 723 1352 hujus
741 1272 855 1340 anima
874 1273 918 1334 sit
937 1271 1098 1335 voluntas
1122 1282 1158 1336 et
1181 1269 1389 1348 intelledtus,
1410 1282 1446 1336 et

320 1366 415 1448 quod
440 1365 562 1430 horum
585 1365 700 1427 anima
723 1363 769 1426 sit
792 1383 888 1427 amor
911 1372 947 1427 et
974 1365 1145 1447 sapientia
1173 1385 1195 1428 a
1224 1364 1385 1438 Domino,
1409 1373 1445 1428 et

320 1458 414 1541 quod
443 1457 530 1521 haec
554 1457 623 1520 duo
645 1456 714 1519 sint
736 1476 822 1539 quae
844 1455 973 1519 iaciunt
997 1457 1104 1520 vitam
1129 1456 1286 1531 hominis,
1311 1477 1397 1540 quae
1425 1476 1447 1520 a

321 1549 398 1614 solo
419 1550 569 1613 Domino
588 1557 662 1627 est;
687 1557 723 1612 et
742 1548 833 1630 quod
854 1548 1022 1611 Dominus
1041 1548 1152 1623 saciat,
1167 1557 1308 1631 propter
1326 1567 1444 1630 recep·

320 1643 453 1707 tionem
474 1643 585 1724 ipsius
603 1642 647 1706 ab
666 1641 816 1716 homine,
835 1649 872 1703 ut
891 1642 963 1704 vita
981 1651 1147 1723 appareat
1164 1643 1252 1704 sicut
1271 1641 1316 1704 sit
1335 1640 1445 1704 homi·

321 1737 385 1801 nis.
431 1735 499 1801 Sed
517 1757 559 1800 ne
578 1735 683 1801 homo
702 1737 808 1798 vitam
824 1735 965 1799 addicat
985 1736 1047 1798 sibi
1067 1745 1104 1798 ut
1122 1754 1229 1810 suam,
1247 1743 1283 1798 et
1303 1735 1350 1798 sic
1370 1755 1407 1797 se
1426 1755 1446 1797 a

321 1831 521 1911 receptione
548 1827 657 1911 Ipsius
680 1828 862 1903 subducat,
888 1828 992 1890 etiam
1023 1825 1189 1890 Dominus
1212 1827 1329 1891 docuit
1353 1826 1444 1910 quod

321 1940 426 1986 omne
448 1922 574 1984 amoris
597 1920 689 2003 quod
714 1929 859 1984 vocatur
889 1919 1027 1995 bonum,
1055 1929 1091 1983 et
1122 1938 1225 1983 omne
1253 1920 1444 2000 sapientiae

320 2013 414 2097 quod
427 2023 571 2076 vocatur
583 2031 711 2088 verum,
724 2012 769 2076 sit
789 2012 833 2074 ab
844 2011 936 2094 Ipso,
950 2020 986 2077 et
999 2011 1083 2075 nihil
1096 2031 1213 2075 eorum
1229 2011 1273 2075 ab
1285 2011 1423 2076 homine
1435 2031 1443 2092 ;

320 2115 359 2170 et
387 2105 466 2189 quia
488 2103 549 2167 illa
572 2105 640 2168 duo
663 2114 743 2168 sunt
766 2104 850 2179 vita,
875 2103 966 2186 quod
989 2122 1092 2166 omne
1115 2104 1220 2180 vitae,
1244 2103 1335 2187 quod
1359 2104 1442 2178 vita,

320 2197 368 2262 sit
386 2198 430 2261 ab
450 2197 541 2280 Ipso.

377 2302 481 2372 395.
512 2287 685 2371 Quoniam
698 2287 822 2362 anima,
836 2288 949 2371 quoad
962 2288 1073 2370 ipsum
1087 2285 1174 2350 Esse
1187 2284 1269 2369 ejus,
1280 2298 1334 2352 est
1347 2307 1445 2353 amor

318 2390 358 2447 et
370 2383 551 2464 sapientia,
562 2390 598 2446 et
611 2381 696 2445 haec
710 2381 778 2443 duo
788 2400 810 2444 a
820 2379 970 2444 Domino
979 2380 1069 2462 apud
1079 2379 1253 2443 hominem
1263 2389 1355 2456 sunt,
1366 2381 1444 2444 ideo

319 2475 412 2556 apud
425 2475 600 2538 hominem
611 2482 727 2537 creata
737 2481 817 2536 sunt
828 2471 896 2536 duo
908 2470 1139 2554 receptacula,
1150 2489 1236 2554 quae
1247 2473 1353 2536 etiam
1363 2480 1443 2536 sunt

320 2565 521 2631 habitacula
541 2565 680 2629 Domini
702 2565 793 2647 apud
816 2564 1012 2642 hominem;
1044 2582 1147 2626 unum
1170 2582 1233 2645 pro
1255 2583 1382 2640 amore,
1407 2574 1443 2629 et

320 2657 469 2722 alterum
489 2678 550 2740 pro
569 2657 760 2740 sapientia:
792 2655 876 2720 illud
892 2656 983 2739 quod
1006 2673 1069 2738 pro
1085 2673 1202 2719 amore
1217 2664 1282 2730 est,
1300 2667 1444 2720 vocatur

320 2751 494 2825 voluntas,
508 2760 543 2813 et
557 2750 705 2814 alterum
717 2750 808 2832 quod
825 2769 886 2831 pro
898 2748 1068 2830 sapientia
1079 2757 1224 2811 vocatur
1235 2746 1442 2814 intellectus.

319 2841 421 2906 Nunc
440 2842 518 2925 quia
538 2841 649 2905 Amor
670 2851 707 2906 et
729 2839 907 2923 Sapientia
929 2841 963 2904 in
986 2839 1137 2904 Domino
1158 2837 1320 2904 distinete
1339 2860 1442 2905 unum

320 2945 401 2999 sunt
416 2931 591 3018 (videatur
605 2953 716 3016 supra,
731 2953 764 2999 n.
781 2931 917 3017 17-22);
936 2953 976 2997 ac
990 2931 1134 2996 Divinus
1150 2930 1260 2996 Amor
1276 2942 1329 2996 est
1346 2931 1441 2997 Divi-

320 3045 386 3091 nae
402 3024 601 3108 Sapientiae
617 3026 739 3110 ipsius,
751 3035 788 3091 et
803 3024 929 3089 Divina
943 3023 1122 3108 Sapientia
1133 3034 1187 3089 est
1203 3022 1319 3088 Divini
1331 3025 1439 3089 Amo-

320 3121 366 3184 ris
390 3119 500 3202 Ipsius
525 3117 573 3203 (n.
598 3117 740 3203 34-39);
771 3128 809 3182 et
831 3117 891 3182 illa
914 3117 1071 3182 similiter
1095 3116 1287 3200 procedunt
1317 3137 1337 3180 a
1366 3115 1443 3181 Deo

321 3210 484 3287 Homine,
497 3211 564 3275 hoc
577 3221 642 3288 est,
655 3211 826 3290 Domin03
845 3211 924 3275 ideo
935 3211 970 3273 in
981 3208 1121 3274 homine
1133 3207 1202 3272 duo
1214 3206 1273 3273 illa
1285 3219 1442 3290 recepta-

318 3303 399 3369 cula
413 3314 450 3369 et
468 3302 676 3380 habitacula,
690 3324 777 3388 quae
792 3311 962 3368 vocantur
973 3301 1135 3366 voluntas
1150 3311 1186 3366 et
1202 3297 1409 3378 intellectus,
1423 3321 1444 3365 a

319 3395 472 3462 Domino
488 3397 537 3461 ita
552 3406 671 3462 creata
686 3404 778 3473 sunt,
795 3406 833 3461 ut
849 3391 1012 3460 distindte
1028 3394 1097 3459 duo
1112 3392 1193 3470 sint,
1206 3394 1267 3457 sed
1284 3413 1389 3476 usque
1404 3401 1442 3457 ut

320 3509 424 3552 unum
448 3489 575 3553 saciant
598 3488 632 3553 in
655 3490 748 3553 omni
771 3489 973 3571 operatione
992 3497 1028 3552 et
1059 3487 1094 3551 in
1120 3485 1214 3550 omni
1232 3485 1440 3560 sensatione,

319 3599 391 3644 non
415 3581 506 3645 enim
530 3588 648 3663 potest
672 3581 833 3645 voluntas
856 3589 892 3644 et
919 3577 1115 3643 intelledtus
1134 3578 1284 3660 separari
1307 3579 1341 3642 in
1363 3577 1442 3641 illis.

320 3671 453 3737 Verum
472 3683 509 3738 ut
529 3673 634 3737 homo
650 3673 760 3754 possit
778 3671 1035 3755 receptaculum
1054 3681 1090 3735 et
1107 3669 1342 3735 habitaculum
1359 3669 1441 3746 fieri,

320 3789 367 3832 ex
390 3769 600 3833 necessitate
623 3767 709 3845 finis,
728 3767 855 3834 sadtum
879 3778 945 3845 est,
965 3768 1056 3852 quod
1079 3763 1276 3832 intellectus
1294 3765 1443 3830 hominis

321 3863 433 3946 possit
462 3883 565 3946 supra
587 3865 760 3946 proprium
783 3883 937 3929 amorem
959 3860 1031 3945 ejus
1054 3860 1180 3927 elevari
1209 3863 1243 3925 in
1268 3861 1441 3944 quandam

321 3958 432 4024 lucem
452 3960 654 4042 sapientiae,
672 3961 706 4023 in
725 3958 818 4041 cujus
833 3979 950 4024 amore
969 3979 1039 4023 non
1057 3967 1123 4034 est,
1140 3967 1176 4022 et
1195 3977 1255 4040 per
1273 3957 1307 4020 id
1326 3957 1442 4020 videre

319 4065 358 4119 et
376 4055 492 4119 doceri
515 4055 689 4139 quomodo
707 4053 856 4120 victurus
878 4064 945 4129 est,
964 4063 1003 4117 ut
1021 4073 1156 4136 quoque
1174 4053 1208 4116 in
1227 4050 1322 4115 illum
1345 4069 1440 4114 amo·

320 4170 394 4214 rem
428 4152 555 4229 veniat,
590 4161 626 4215 et
658 4152 706 4215 sic
741 4151 901 4214 fruiturus
933 4149 1149 4214 beatitudine
1186 4149 1220 4212 in
1253 4156 1440 4211 aeternum.

319 4245 422 4309 Nunc
438 4249 517 4329 quia
531 4247 637 4310 homo
651 4245 815 4336 facultate
829 4244 986 4309 elevandi
1002 4240 1216 4308 intelledium
1232 4262 1333 4324 supra
1345 4260 1440 4305 amo·

319 4360 394 4405 rem
413 4361 509 4404 suum
531 4343 701 4425 proprium
717 4343 841 4405 abusus
860 4350 924 4414 est,
942 4341 1020 4404 ideo
1039 4340 1212 4403 destruxit
1231 4339 1264 4401 id
1284 4337 1373 4419 apud
1393 4357 1441 4411 se,

319 4437 413 4519 quod
427 4440 540 4518 potuit
553 4458 629 4502 esse
642 4436 895 4519 receptaculum
911 4444 947 4499 et
963 4433 1199 4498 habitaculum
1212 4433 1361 4507 Domini,
1375 4431 1441 4496 hoc

321 4544 388 4606 est,
408 4535 532 4596 amoris
555 4543 591 4598 et
615 4533 804 4614 sapientiae
827 4553 847 4596 a
870 4530 1031 4607 Domino,
1049 4529 1206 4593 iaciendo
1224 4529 1442 4593 voluntatem

318 4625 557 4692 habitaculum
580 4629 706 4694 amoris
728 4629 779 4692 sui
802 4637 838 4692 et
861 4627 989 4704 mundi,
1009 4645 1049 4690 ac
1073 4619 1287 4689 intellectum
1305 4621 1445 4686 habita·
