3268 5380
410 647 461 698 ns
484 645 619 698 mvmo
642 645 787 708 anons,
808 645 900 696 sans
924 645 1053 696 1v.-u.
1071 649 1141 714 290.
1275 647 1333 714 127

216 819 307 902 apud
337 818 531 883 hominem:
571 818 682 880 sciunt
712 818 820 880 etiam
850 818 964 899 angeli
997 819 1031 880 in
1065 838 1130 901 qua
1160 819 1336 901 provincia

217 911 379 974 Hominis
399 921 489 973 sunt.
534 909 740 974 Universum
759 909 892 973 caelum
911 911 943 971 in
964 909 1027 972 hac
1048 909 1159 991 effigie
1178 918 1240 984 est,
1258 911 1337 992 quia

218 1003 312 1066 Deus
330 1013 383 1066 est
405 1001 539 1077 Homo;
573 1022 612 1064 ac
644 1002 738 1064 Deus
767 1012 822 1064 est
839 999 991 1077 Caelum,
1020 1004 1098 1084 quia
1127 1001 1254 1084 angeli,
1278 1004 1335 1086 qui

217 1097 434 1158 constituunt
462 1094 606 1167 caelum,
631 1095 836 1174 recipientes
860 1095 986 1156 amoris
1020 1105 1056 1158 et
1090 1097 1281 1175 sapientiae
1315 1115 1336 1158 a

217 1187 366 1250 Domino
390 1196 482 1258 sunt,
507 1205 546 1247 ac
572 1186 777 1267 recipientes
800 1196 880 1249 sunt
903 1186 1083 1266 imagines,
1130 1185 1231 1266 Quod
1255 1207 1333 1250 cae·

215 1278 286 1340 lum
310 1281 342 1341 in
366 1278 475 1340 forma
494 1278 644 1339 omnium
664 1277 812 1339 hominis
831 1279 887 1352 sit,
905 1279 938 1340 in
958 1276 1108 1341 Arcanis
1127 1277 1334 1342 Caelestibus

217 1369 379 1432 adfinem
400 1369 542 1450 plurium
563 1370 713 1449 capitum
734 1379 911 1431 ostensum
932 1380 995 1433 est.

278 1463 377 1544 289·
408 1463 465 1526 Ex
484 1464 534 1524 his
551 1464 657 1525 videri
674 1474 791 1543 potest
807 1465 956 1526 inanitas
973 1465 1123 1527 idearum
1138 1467 1226 1547 apud
1243 1466 1332 1542 illos,

214 1557 271 1638 qui
291 1559 448 1636 cogitant
470 1555 512 1617 de
533 1555 608 1618 Deo
627 1555 728 1617 aliter
744 1576 845 1637 quam
866 1558 908 1619 de
929 1556 1091 1630 Homine,
1111 1578 1150 1620 ac
1171 1559 1213 1620 de
1232 1560 1332 1621 attri-

213 1647 307 1710 butis
330 1647 463 1709 Divinis
486 1647 586 1709 aliter
609 1667 709 1728 quam
734 1649 825 1729 quod
849 1650 919 1710 sint
949 1649 982 1710 in
1009 1649 1084 1711 Deo
1109 1659 1145 1711 ut
1171 1648 1331 1724 Homine,

215 1740 293 1821 quia
312 1748 471 1821 separata
489 1739 534 1800 ab
554 1738 704 1801 Homine
721 1750 800 1802 sunt
820 1760 904 1820 pura
923 1741 1018 1802 entia
1034 1742 1185 1803 rationis.
1231 1740 1332 1821 Quod

213 1830 309 1894 'Deus
324 1831 368 1893 sit
385 1829 463 1912 lpse
481 1830 608 1904 Home,
627 1851 672 1893 ex
688 1851 755 1912 quo
771 1833 882 1894 omnis
899 1830 1003 1895 homo
1019 1843 1073 1895 est
1091 1833 1194 1895 homo
1211 1853 1332 1896 secun·

212 1923 295 1986 dum
314 1923 548 2003 receptionem
565 1923 690 1984 amoris
710 1932 746 1984 et
765 1925 968 2004 sapientiae,
987 1926 1143 1988 videatur
1162 1945 1263 2006 supra
1284 1923 1331 2007 (n.

214 2012 345 2095 11-13).
391 2013 487 2077 Idem
506 2013 561 2076 hic
581 2012 802 2077 confirmatur
822 2027 963 2098 propter
982 2017 1172 2099 sequentia,
1193 2026 1230 2080 ut
1253 2037 1331 2099 per·

209 2107 359 2188 cipiatur
377 2106 508 2170 creatio
527 2106 674 2169 universi
697 2125 718 2169 a
737 2107 813 2170 Deo
835 2110 915 2191 quia
933 2119 987 2172 est
1008 2108 1135 2174 Homo.

208 2391 327 2477 Quor>
346 2394 525 2460 Dominus
544 2407 594 2459 aa
612 2407 796 2459 assensio
814 2407 883 2460 seu
904 2395 1089 2476 Janovan
1109 2409 1158 2458 ax
1178 2393 1227 2460 Sa
1246 2394 1329 2460 Ipso

339 2503 587 2554 paonuxaam
617 2487 748 2554 Sonam
781 2503 907 2554 nuum
934 2503 1181 2566 semmurum,
1207 2503 1256 2553 as
1278 2503 1330 2554 ax

340 2597 430 2648 neo
453 2597 673 2649 cnsavsan*
696 2598 919 2650 uu1vsnsuu
942 2598 991 2648 ar
1014 2597 1141 2648 onum
1164 2597 1258 2664 sJus.

274 2785 376 2852 29⁰·
406 2769 459 2834 De
478 2769 560 2835 Sole
579 2772 696 2835 mundi
715 2771 900 2853 spiritualis
919 2772 953 2834 in
970 2771 1071 2834 Parte
1090 2769 1248 2834 Secunda
1266 2770 1329 2834 hu·

205 2861 262 2944 ius
273 2864 385 2943 operis
400 2861 514 2926 aetum
533 2873 598 2935 est,
612 2874 648 2927 et
664 2865 709 2927 ibi
729 2865 908 2946 sequentia
921 2874 1063 2926 ostensa
1079 2874 1159 2926 sunt
1171 2861 1329 2943 1—Quod

212 2954 355 3016 Divinus
384 2954 494 3018 Amor
519 2966 555 3019 et
576 2955 700 3018 Divina
726 2953 903 3037 Sapientia
926 2966 1114 3037 appareant
1143 2957 1176 3018 in
1201 2957 1329 3020 mundo

207 3045 378 3128 spirituali
398 3057 435 3110 ut
458 3045 517 3111 Sol
539 3046 585 3130 (n.
605 3045 735 3127 83-88).
782 3045 884 3127 Quod
907 3069 952 3110 ex
977 3045 1057 3111 Sole
1080 3048 1140 3110 illo
1163 3049 1329 3129 procedat

202 3137 304 3201 calor
317 3140 502 3219 spiritualis
515 3150 550 3202 et
565 3140 623 3202 lux
637 3139 822 3221 spiritualis
840 3136 888 3220 (n.
902 3138 1033 3220 8992).
1080 3137 1180 3220 Quod
1196 3139 1255 3203 Sol
1270 3139 1328 3203 ille

205 3233 340 3294 nonsit
359 3231 462 3304 Deus,
480 3231 540 3293 sed
557 3232 647 3313 quod
665 3232 709 3295 sit
727 3231 917 3312 procedens
934 3252 979 3293 ex
1000 3230 1125 3293 Divino
1141 3230 1273 3294 Amore
1291 3241 1328 3295 et

211 3322 336 3386 Divina
355 3321 531 3405 Sapientia
555 3322 618 3385 Dei
644 3322 827 3400 Hominis;
858 3322 1015 3386 similiter
1034 3323 1128 3385 calor
1147 3333 1182 3385 et
1203 3323 1262 3385 lux
1282 3345 1327 3386 ex

203 3415 270 3478 illo
294 3414 374 3479 Sole
393 3415 438 3496 (n.
455 3414 586 3497 93-98).
633 3413 734 3496 Quod
752 3414 811 3479 Sol
829 3415 944 3477 mundi
962 3415 1145 3496 spiritualis
1165 3417 1198 3476 in
1217 3417 1328 3479 media

204 3509 392 3570 altitudine
422 3509 478 3579 sit,
503 3517 539 3571 et
563 3518 726 3590 appareat
761 3509 895 3570 distans
925 3507 969 3569 ab
998 3507 1132 3587 angelis
1158 3509 1247 3570 sicut
1275 3507 1327 3572 sol

211 3601 328 3662 mundi
341 3599 507 3663 naturalis
521 3600 563 3662 ab
571 3601 765 3662 hominibus
781 3597 827 3680 (n.
841 3598 1008 3680 103-107).
1041 3597 1142 3678 Quod
1154 3600 1186 3661 in
1199 3601 1326 3662 mundo

201 3693 375 3772 ‚spirituali
399 3693 511 3754 oriens
531 3693 575 3754 sit
594 3692 650 3753 ubi
675 3692 841 3754 Dominus
861 3702 897 3753 ut
921 3689 980 3753 Sol
1001 3702 1155 3772 apparet,
1176 3701 1211 3753 et
1236 3693 1325 3772 quod

210 3784 360 3865 reliquae
377 3783 502 3866 plagae
521 3784 601 3845 inde
620 3785 688 3845 sint
710 3782 757 3864 (n.
778 3781 957 3863 tto-¹¹1123‚
976 3780 1176 3864 ¹¹¹124-128).
1223 3780 1324 3863 Quod

207 3874 323 3956 angeli
340 3875 462 3937 faciem
478 3895 574 3937 suam
589 3875 718 3955 jugiter
731 3884 868 3937 vertant
887 3875 929 3936 ad
950 3875 1135 3938 Dominum
1155 3885 1191 3937 ut
1209 3872 1325 3940 Solem

206 3966 258 4048 (n.
283 3984 436 4048 129-134,
461 3964 630 4048 135-139).
677 3964 777 4047 Quod
799 3966 965 4029 Dominus
982 3969 1175 4030 universum
1195 3977 1231 4029 et
1251 3986 1324 4029 om·

204 4062 266 4122 :nia
282 4059 352 4140 ejus
372 4060 486 4122 medio
505 4057 585 4122 Sole
601 4058 673 4133 1110,
689 4061 746 4140 qui
765 4070 818 4122 est
839 4060 982 4140 primurn
1000 4060 1191 4138 procedens
1212 4058 1326 4122 Divini

205 4150 348 4215 Amoris
361 4163 395 4214 et
411 4151 555 4214 Divinae
569 4149 765 4232 Sapientiae
779 4151 946 4214 creaverit
962 4148 1009 4231 (n.
1023 4148 1190 4230 151-156).
1222 4147 1324 4230 Quod

202 4243 260 4306 sol
278 4245 393 4306 mundi
407 4243 572 4307 naturalis
588 4246 633 4306 sit
650 4263 751 4325 purus
768 4244 865 4324 ignis,
880 4253 915 4306 et
930 4241 1019 4325 quod
1038 4251 1160 4304 natura
1176 4261 1263 4322 quae
1279 4261 1324 4304 ex

201 4335 267 4398 illo
291 4336 364 4399 sole
394 4337 489 4399 ducit
512 4337 689 4416 originem,
715 4335 795 4397 inde
818 4336 863 4397 sit
887 4345 1042 4410 mortua;
1080 4345 1116 4397 et
1151 4333 1242 4415 quod
1271 4332 1323 4396 sol

207 4429 324 4490 mundi
338 4428 503 4490 naturalis
515 4438 651 4490 creatus
664 4428 719 4499 sit,
730 4436 766 4489 ut
781 4447 864 4508 opus
877 4427 1061 4489 creationis
1074 4426 1183 4507 possit
1192 4424 1324 4488 absolvi

203 4530 243 4582 et
260 4519 344 4582 finiri
364 4517 411 4601 (n.
430 4517 600 4600 157-162).
647 4515 748 4598 Quod
768 4518 896 4600 absque
912 4519 993 4581 bino
1010 4517 1094 4588 sole,
1109 4537 1176 4581 uno
1191 4517 1269 4579 vivo
1288 4528 1323 4581 et

201 4611 318 4675 altero
336 4621 484 4688 mortuo,
504 4629 573 4674 non
593 4610 694 4672 detur
713 4610 844 4673 creatio
865 4607 912 4690 (n.
936 4605 1106 4690 163-166).
