3424 5368
361 608 429 694 '142
723 626 927 677 sumnum
950 623 1148 676 suosmet

368 799 506 865 Domini
526 799 594 864 tale
614 801 668 876 sit,
685 809 721 864 et
737 799 830 884 quod
848 799 934 864 illud
953 798 1051 862 suerit
1070 797 1145 862 finis
1164 796 1359 875 creationis,
1375 805 1500 862 osten-

367 917 441 960 sum
472 905 525 960 est
555 917 656 979 supra
686 895 733 980 (n.
757 895 902 979 27-45);
934 906 970 960 et
989 896 1081 980 quod
1109 893 1272 958 Divinum
1299 891 1435 979 spectet
1460 893 1497 957 in

365 993 460 1055 omni
481 993 571 1076 quod
592 991 673 1056 iacit
693 991 860 1056 infinitum
884 1011 924 1055 ac
944 1001 1122 1055 aeternum
1140 988 1187 1073 (n.
1208 987 1368 1073 ω46-69).
1414 987 1496 1052 Infi-

365 1090 479 1152 nitum
503 1108 542 1152 ac
566 1099 745 1153 aeternum
769 1087 862 1172 quod
882 1087 1050 1151 Dominus
1069 1088 1102 1150 in
1118 1084 1299 1149 formando
1317 1105 1380 1149 suo
1397 1084 1496 1149 caelo

365 1205 412 1248 ex
436 1185 631 1249 hominibus
654 1182 801 1269 spectat,
822 1193 877 1248 est
900 1184 991 1267 quod
1014 1183 1099 1246 illud
1122 1182 1306 1264 amplietur
1328 1181 1362 1245 in
1385 1179 1497 1244 infini-

365 1292 440 1347 tum
461 1303 501 1347 ac
524 1283 558 1347 in
582 1292 783 1361 aeternum;
816 1281 920 1344 etsie
945 1278 1037 1363 quod
1061 1279 1095 1342 in
1119 1277 1185 1342 fine
1208 1297 1290 1341 suae
1313 1277 1495 1341 creationis

364 1389 573 1444 constanter
591 1379 734 1443 habitet.
780 1376 878 1440 Haec
902 1377 1030 1440 creatio
1053 1373 1186 1438 infinita
1208 1393 1248 1438 ac
1267 1383 1411 1436 aeterna
1429 1384 1494 1450 est,

365 1495 468 1558 quam
488 1474 657 1539 Dominus
676 1473 825 1556 providit
846 1493 906 1554 per
925 1473 1134 1536 creationem
1154 1469 1314 1546 universi,
1331 1480 1367 1534 et
1386 1471 1419 1532 in
1435 1469 1495 1533 illa

364 1571 542 1636 creatione
561 1581 615 1635 est
635 1577 838 1634 constanter
856 1589 916 1653 per
933 1567 1092 1631 Divinam
1111 1584 1208 1630 suam
1228 1565 1493 1629 Providentiam.

364 1678 425 1744 μ]
457 1665 542 1749 Quis
557 1674 675 1751 potest
692 1676 764 1730 tam
780 1684 907 1748 expers
929 1664 1072 1728 rationis
1091 1682 1179 1736 esse,
1196 1663 1254 1745 qui
1273 1683 1319 1725 ex
1339 1659 1494 1726 doctrina

363 1761 536 1826 ecclesiae
551 1763 616 1826 scit
629 1773 665 1826 et
682 1762 805 1835 credit,
819 1761 911 1844 quod
929 1759 1023 1822 Deus
1040 1759 1084 1821 sit
1100 1755 1251 1821 infinitus
1268 1767 1304 1821 et
1321 1769 1492 1834 aeternus,

365 1857 418 1940 (in
437 1857 603 1922 Dollrt'na
620 1857 708 1921 enim
730 1855 876 1920 omnium
894 1855 1120 1918 scelestarum
1142 1853 1179 1916 in
1199 1851 1397 1918 Christiano
1418 1853 1494 1916 orbe

361 1965 426 2027 est,
444 1955 534 2036 quod
544 1954 635 2018 Deus
649 1953 769 2028 Pater,
782 1950 874 2016 Deus
889 1950 999 2014 Filius
1014 1960 1047 2013 et
1062 1949 1154 2013 Deus
1167 1947 1320 2030 Spiritus
1337 1947 1493 2032 Serulius,

362 2050 413 2112 sit
427 2049 590 2132 infinitus,
603 2059 768 2124 aeternus,
782 2047 960 2120 increatus,
973 2045 1176 2126 omnipotens
1186 2065 1202 2118 ,·
1224 2043 1380 2107 vibatur
1396 2043 1492 2126 Sym·

363 2144 474 2208 bolum
496 2141 813 2226 Athanasianum,·)
846 2153 882 2206 et
906 2162 974 2205 non
999 2139 1146 2206 affirmat
1169 2158 1247 2203 cum
1270 2140 1377 2214 audit,
1401 2140 1493 2224 quod

364 2261 435 2304 non
455 2243 564 2325 possit
585 2241 682 2304 aliter
701 2259 804 2322 quam
824 2237 980 2322 spectare
1004 2235 1173 2300 infinitum
1195 2256 1235 2300 ac
1259 2247 1439 2300 aeternum
1458 2239 1492 2301 in

363 2357 494 2420 magno
513 2357 616 2418 opere
635 2357 716 2399 suae
733 2334 941 2400 creationis?
987 2331 1077 2414 Quid
1097 2331 1189 2396 aliud
1209 2341 1327 2414 potest
1346 2333 1427 2396 dum
1447 2355 1491 2396 ex

362 2431 432 2496 Se?
463 2443 536 2497 tum
563 2433 654 2516 quod
682 2431 766 2496 illud
793 2429 927 2514 spectet
957 2431 992 2493 in
1017 2429 1167 2493 humano
1193 2448 1331 2510 genere,
1355 2449 1401 2492 ex
1424 2450 1492 2513 quo

362 2528 489 2592 ,format
511 2528 595 2592 illud
619 2548 717 2591 suum
737 2527 879 2592 caelum.
926 2524 1017 2607 Quid
1041 2544 1130 2588 nunc
1154 2524 1282 2588 Divina
1305 2524 1491 2590 Providen-

361 2627 412 2688 tia
432 2634 546 2708 potest
565 2624 658 2688 aliud
682 2645 743 2707 pro
765 2623 832 2687 fine
855 2623 983 2686 habere
1003 2641 1104 2704 quam
1128 2621 1406 2686 reformationem
1429 2642 1489 2705 ge·

361 2725 454 2786 neris
481 2722 621 2786 humani
648 2731 685 2784 et
708 2720 779 2802 ejus
802 2717 1057 2783 salvationem?
1112 2717 1160 2782 Et
1191 2739 1293 2783 nemo
1316 2718 1490 2783 reformari

362 2828 479 2900 potest
498 2839 518 2880 a
538 2838 574 2880 se
591 2837 651 2898 per
668 2835 765 2878 suam
782 2816 1010 2897 prudentiam,
1031 2814 1092 2878 sed
1109 2835 1130 2878 a
1149 2814 1299 2878 Domino
1318 2835 1379 2897 per
1394 2813 1489 2879 Divi-

361 2932 442 2976 nam
463 2913 574 2996 Ipsius
593 2912 858 2975 Providentiam.
900 2910 984 2974 lnde
1000 2911 1164 2992 sequitur,
1178 2911 1269 2994 quod
1289 2913 1353 2974 nisi
1369 2911 1489 2976 Domi·

362 3028 427 3071 nus
442 3007 536 3072 ducit
558 3006 734 3071 hominem
758 3007 949 3090 unoquovis
973 3017 1150 3070 momento
1173 3009 1278 3071 etiam
1303 3009 1490 3072 minutissi-

360 3122 431 3178 mo,
445 3103 550 3167 homo
563 3103 704 3167 recedat
720 3124 741 3166 a
753 3105 807 3166 via
820 3104 1070 3167 reformationis
1083 3114 1119 3167 et
1137 3115 1266 3186 pereat.
1309 3117 1366 3178 [3.]
1391 3103 1487 3170 Una·

359 3199 501 3282 quaevis
519 3199 665 3262 mutatio
681 3210 717 3263 et
734 3199 879 3263 variatio
898 3209 1011 3263 status
1030 3202 1157 3264 mentis
1173 3200 1344 3264 humanae
1362 3201 1488 3284 aliquid

360 3304 475 3359 mutat
499 3306 535 3360 et
558 3296 668 3359 variat
692 3297 726 3358 in
746 3296 832 3358 serie
855 3297 1088 3377 praesentium
1113 3306 1149 3360 et
1172 3297 1252 3361 inde
1276 3317 1487 3381 consequen-

359 3392 468 3455 tium:
493 3391 573 3475 quid
591 3409 660 3454 non
674 3392 889 3473 progressive
905 3391 939 3454 in
954 3392 1155 3455 aeternum?
1196 3391 1262 3456 Est
1277 3393 1364 3457 sicut
1381 3393 1486 3459 telum

358 3507 407 3548 ex
426 3507 507 3549 arcu
525 3488 697 3560 emissum,
714 3486 803 3568 quod
820 3487 849 3550 si
864 3508 910 3550 ex
930 3488 1165 3552 collimatione
1185 3489 1412 3553 minutissime
1427 3491 1487 3553 de·

360 3581 508 3644 clinaret
531 3601 551 3644 a
576 3601 693 3663 scopo,
711 3581 795 3645 illud
814 3583 858 3646 ad
883 3584 1085 3649 distantiam
1109 3584 1263 3649 milliaris
1286 3593 1322 3649 et
1342 3585 1486 3667 plurium

358 3677 550 3740 declinaret
568 3679 782 3742 immensum.
828 3679 883 3743 Ita
902 3680 990 3746 foret
1008 3683 1035 3744 si
1055 3680 1224 3745 Dominus
1243 3701 1312 3746 non
1332 3701 1486 3765 unoquo·

360 3773 412 3834 vis
436 3772 666 3836 minutissimo
689 3785 869 3840 momento
888 3777 1030 3842 duceret
1050 3787 1160 3842 status
1179 3779 1346 3842 mentium
1365 3776 1485 3842 huma-

359 3887 491 3932 narum.
538 3867 615 3934 Hoc
632 3866 714 3933 facit
733 3871 900 3936 Dominus
919 3873 1108 3938 secuudum
1128 3873 1226 3954 leges
1242 3871 1390 3938 Divinae
1406 3894 1486 3938 suae

362 3961 619 4044 Providentiae3
644 3967 833 4032 secundum
857 3989 941 4053 quas
964 3971 1068 4033 etiam
1092 3979 1156 4043 est,
1178 3979 1215 4034 ut
1234 3979 1400 4053 appareat
1424 3969 1485 4032 ho·

359 4059 443 4122 mini
459 4061 547 4125 sicut
563 4060 637 4141 ipse
654 4081 692 4125 se
707 4063 831 4141 ducat;
855 4065 916 4128 sed
933 4066 1110 4149 praevidet
1128 4064 1296 4130 Dominus
1312 4065 1486 4149 quomodo

359 4174 398 4216 se
418 4155 523 4230 ducit,
544 4165 580 4219 et
596 4153 724 4239 jugiter
747 4162 1000 4225 accommodat.
1047 4159 1149 4243 Quod
1174 4162 1270 4244 leges
1289 4162 1485 4244 permissio·

359 4249 413 4312 nis
432 4253 537 4315 etiam
557 4253 626 4316 sint
646 4254 742 4337 leges
762 4255 908 4320 Divinae
927 4257 1181 4334 Providentiae,
1200 4268 1236 4322 et
1258 4257 1350 4342 quod
1374 4259 1484 4322 omnis

359 4345 466 4411 homo
489 4348 663 4413 reformari
686 4362 721 4415 et
745 4353 941 4433 regenerari
969 4355 1090 4436 possit,
1116 4365 1151 4418 et
1176 4355 1267 4436 quod
1290 4374 1361 4420 non
1384 4353 1485 4420 aliter

358 4444 657 4522 praedestinatum
676 4445 785 4522 detur,
803 4448 973 4512 videbitur
992 4451 1025 4513 in
1044 4451 1276 4532 sequentibus.

426 4551 526 4622 2⁰3·
560 4539 645 4605 Cum
669 4541 783 4624 itaque
808 4546 921 4607 omnis
943 4545 1049 4611 homo
1071 4556 1150 4630 post
1170 4557 1318 4612 mortem
1340 4548 1427 4614 vivit
1449 4549 1483 4612 in

357 4641 552 4711 aeternum,
573 4645 611 4699 et
635 4635 824 4700 secundum
843 4640 952 4703 vitam
975 4661 1073 4706 suam
1090 4643 1237 4708 sortitur
1254 4642 1371 4710 locum
1389 4643 1482 4710 velin
