3418 5368
328 583 391 652 154
683 576 886 629 SAPIENTIA
908 573 1106 628 ANGELICA

326 751 477 814 honores
499 759 535 814 et
559 770 644 832 opes
667 770 753 834 quae
777 759 858 814 sunt
883 746 1153 824 benedidtiones,
1178 747 1248 812 sint
1272 748 1362 814 sicut
1387 771 1464 814 non

326 845 454 928 aliquid
474 845 517 909 ad
538 865 663 927 omne;
687 865 727 910 ac
747 845 836 910 sicut
855 845 947 929 quod
965 845 999 908 in
1019 864 1142 908 senon
1163 854 1229 922 est,
1249 844 1294 908 ad
1312 844 1348 907 id
1364 845 1465 928 quod

326 942 360 1005 in
380 962 416 1005 se
436 950 501 1005 est.

390 1052 480 1123 217.
512 1036 610 1102 Nunc
635 1037 701 1103 tria
719 1036 778 1102 illa
802 1046 980 1102 momenta
1001 1057 1062 1121 per
1080 1057 1119 1101 se
1139 1034 1345 1101 illustranda
1363 1047 1463 1102 sunt.

328 1133 460 1196 Primo:
489 1131 587 1212 Quod
597 1132 737 1196 honores
752 1143 784 1197 et
798 1143 875 1215 opes
891 1133 963 1197 sint
979 1131 1271 1208 benedictionem
1285 1133 1376 1216 quod
1387 1133 1466 1198 sint

326 1229 579 1294 maledr'bir'ones.
626 1227 827 1294 Communis
849 1228 1066 1311 experientia
1089 1237 1251 1305 testatur,
1271 1229 1363 1312 quod
1383 1239 1461 1291 tam

327 1326 372 1409 pii
392 1345 493 1408 quam
514 1325 618 1407 impii,
638 1325 709 1388 sive
734 1333 806 1388 tam
826 1323 908 1406 justi
932 1343 1033 1408 quam
1057 1323 1183 1405 injusti,
1206 1322 1272 1388 hoc
1296 1333 1362 1399 est,
1382 1335 1461 1387 tam

326 1421 408 1485 boni
427 1441 529 1504 quam
549 1421 641 1496 mali,
662 1421 695 1483 in
716 1419 946 1503 dignitatibus
969 1429 1005 1483 et
1025 1419 1146 1503 opibus
1165 1420 1259 1498 sint;
1282 1429 1462 1484 ettamen

327 1538 347 1581 a
366 1519 501 1580 nemine
519 1519 637 1600 negari
654 1528 784 1599 potest,
802 1518 882 1599 quin
901 1517 995 1600 impii
1012 1527 1049 1580 et
1064 1515 1191 1599 injusti,
1209 1516 1275 1579 hoc
1292 1526 1357 1592 est,
1375 1515 1462 1579 mali

326 1613 359 1676 in
379 1614 546 1677 infernum
567 1615 715 1690 veniant,
736 1633 776 1676 ac
800 1613 845 1695 pii
869 1622 905 1677 et
924 1611 1018 1694 justi,
1039 1612 1105 1674 hoc
1128 1621 1195 1686 est,
1214 1611 1296 1675 boni
1318 1613 1352 1675 in
1376 1631 1459 1676 cae·

326 1708 406 1772 lum.
452 1709 623 1792 Quoniam
649 1709 714 1774 hoc
738 1729 855 1772 verum
882 1719 948 1784 est,
974 1709 1128 1791 sequitur
1151 1707 1242 1790 quod
1265 1708 1463 1789 dignitates

327 1814 363 1868 et
382 1805 533 1880 divitiae,
552 1826 611 1869 seu
630 1805 779 1869 honores
796 1814 832 1868 et
851 1825 947 1888 opes,
965 1805 1034 1867 sint
1053 1803 1109 1866 vel
1125 1800 1383 1866 benedidtiones
1399 1803 1461 1866 vei

327 1896 597 1974 malediCtiones,
617 1910 654 1963 et
672 1901 764 1984 quod
788 1901 878 1982 apud
902 1901 1013 1963 bonos
1037 1900 1106 1962 sint
1129 1895 1399 1975 benediCtiones,
1418 1909 1460 1964 et

326 1995 418 2077 quod
440 1995 530 2077 apud
554 1994 664 2058 maios
687 1997 755 2058 sint
780 1992 1051 2059 maledidiiones.
1096 1995 1136 2058 In
1159 2014 1263 2077 opere
1285 1992 1337 2057 De
1357 1992 1463 2059 Caelo

325 2099 358 2152 et
374 2089 521 2169 Inferna,
546 2089 706 2167 Londini,
730 2112 823 2155 anno
849 2092 940 2174 1758,
961 2093 1056 2155 edito
1075 2089 1121 2174 (n.
1144 2089 1316 2173 357-365),
1337 2100 1460 2153 osten·

327 2206 401 2250 sum
421 2197 487 2262 est,
511 2187 602 2270 quod
623 2197 695 2251 tam
715 2189 840 2251 divites
863 2207 966 2272 quam
987 2207 1165 2270 pauperes,
1185 2197 1222 2250 et
1246 2196 1318 2250 tam
1338 2188 1460 2268 magni

326 2301 428 2366 quam
452 2284 558 2364 parvi,
578 2284 612 2347 in
637 2283 736 2347 caelo
759 2285 839 2358 sint,
864 2293 900 2346 et
925 2303 1059 2366 quoque
1082 2285 1116 2346 in
1140 2281 1292 2360 insern03
1317 2302 1363 2345 ex
1386 2303 1461 2364 quo

326 2388 437 2460 patet,
457 2379 549 2462 quod
572 2378 762 2462 dignitates
782 2388 818 2443 et
841 2379 984 2442 divitiae
1008 2379 1099 2460 apud
1122 2376 1200 2441 illos
1222 2377 1279 2460 qui
1301 2377 1460 2442 incaelo

326 2483 419 2548 sunt,
439 2475 473 2537 in
498 2475 626 2538 mundo
648 2474 772 2539 suerint
795 2471 1066 2548 benedietioneS,
1087 2484 1123 2537 et
1147 2472 1237 2556 quod
1262 2472 1353 2553 apud
1376 2471 1460 2536 illos

326 2569 382 2652 qui
406 2572 439 2632 in
458 2570 591 2634 inferno
610 2581 702 2646 sunt,
723 2571 756 2633 in
780 2570 909 2634 mundo
931 2571 1055 2633 fuerint
1079 2566 1350 2633 maledidtiones.
1395 2580 1458 2643 [2.]

326 2662 430 2728 Unde
460 2676 577 2729 autem
604 2677 670 2742 est,
699 2668 790 2750 quod
822 2669 891 2730 sint
918 2663 1190 2740 benedictiones,
1216 2675 1251 2729 et
1282 2665 1372 2728 unde
1399 2671 1458 2727 est

326 2759 418 2841 quod
442 2761 510 2823 sint
535 2759 806 2837 maledic‘tiones,
831 2763 972 2845 quisque
997 2771 1127 2845 potest,
1149 2762 1177 2825 si
1200 2760 1305 2825 modo
1327 2759 1458 2842 aliquid

326 2855 369 2917 de
388 2875 429 2916 ea
447 2875 482 2918 re
499 2876 543 2918 ex
561 2857 695 2920 ratione
711 2859 858 2939 cogitat,
875 2859 985 2936 scire;
1009 2857 1101 2940 quod
1120 2876 1244 2940 nempe
1263 2858 1332 2919 sint
1349 2856 1457 2919 bene·

326 2945 496 3013 dictiones
520 2953 608 3032 apud
633 2951 722 3027 illos,
746 2955 801 3036 qui
827 2974 895 3017 non
915 2955 1026 3017 corin
1049 2953 1116 3015 illis
1140 2963 1284 3034 ponunt,
1304 2960 1340 3015 et
1362 2951 1458 3034 quod

325 3047 394 3110 sint
415 3044 674 3111 maledictiones
693 3050 783 3132 apud
804 3050 882 3113 illos
906 3052 962 3133 qui
982 3051 1092 3113 corin
1112 3048 1179 3112 iliis
1197 3057 1341 3132 ponunt.
1386 3045 1460 3110 Cor

326 3163 453 3224 ponere
473 3145 506 3207 in
526 3143 603 3217 iilis,
624 3154 678 3208 est
698 3166 735 3210 se
759 3165 874 3210 amare
898 3147 931 3209 in
954 3145 1034 3220 illis,
1055 3155 1091 3208 et
1111 3166 1170 3208 cor
1186 3164 1254 3209 non
1273 3162 1402 3226 ponere
1421 3143 1458 3206 in

325 3240 403 3314 illis,
421 3251 474 3304 est
493 3262 571 3304 usus
590 3249 625 3304 et
644 3261 712 3305 non
732 3262 769 3305 se
788 3261 903 3304 amare
922 3242 956 3305 in
977 3240 1053 3304 illis.
1100 3239 1191 3322 Quid
1211 3250 1247 3304 et
1265 3239 1367 3323 quale
1385 3239 1459 3302 dis·

325 3337 452 3399 crimen
477 3338 568 3401 inter
587 3337 685 3401 binos
706 3337 784 3402 illos
804 3358 939 3401 amores
960 3347 1025 3412 est,
1044 3358 1145 3421 supra
1166 3336 1213 3419 (n.
1231 3333 1307 3419 215)
1325 3331 1458 3398 dietum

325 3443 399 3494 est:
425 3432 546 3514 quibus
566 3432 761 3496 addendum
781 3445 845 3508 est,
867 3434 958 3517 quod
983 3434 1175 3516 dignitates
1195 3443 1230 3496 et
1249 3453 1334 3514 opes
1352 3449 1459 3514 quos·

326 3528 405 3589 dam
425 3526 604 3602 seducant,
625 3538 661 3592 et
685 3531 853 3612 quosdam
878 3550 947 3592 non
972 3530 1159 3592 seducant:
1185 3529 1353 3591 seducunt
1373 3527 1458 3590 dum

325 3621 485 3684 excitant
515 3641 649 3687 amores
678 3627 802 3707 proprii
834 3626 993 3700 hominis,
1025 3627 1081 3708 qui
1111 3635 1164 3688 est
1195 3643 1291 3688 amor
1313 3624 1375 3698 sui,
1399 3622 1462 3706 qui

237 3721 238 3726 ’
324 3717 416 3799 quod
443 3717 488 3780 sit
511 3737 608 3782 amor
626 3720 757 3796 inferni,
784 3723 841 3805 qui
864 3731 1010 3785 vocatur
1037 3719 1204 3795 diabolus,
1225 3741 1327 3802 supra
1349 3720 1458 3783 etiam

325 3811 452 3877 dietum
472 3825 550 3894 est;
574 3825 611 3879 at
631 3836 698 3880 non
719 3816 899 3893 seducunt,
917 3818 998 3880 dum
1018 3817 1112 3880 illum
1132 3835 1284 3880 amorem
1305 3835 1373 3878 non
1392 3835 1459 3878 ex·

324 3911 445 3974 citant.
492 3922 549 3984 [3.]
582 3910 683 3994 Quod
703 3921 776 3976 tam
793 3913 874 3976 mali
894 3932 996 3996 quam
1016 3913 1097 3976 boni
1120 3911 1312 3976 evehantur
1330 3911 1374 3975 ad
1392 3909 1459 3974 ho·

324 4027 436 4082 nores,
461 4016 497 4072 et
519 4017 789 4090 promoveantur
812 4009 857 4072 ad
880 4029 975 4091 opes,
1000 4019 1055 4072 est
1079 4009 1157 4091 quia
1180 4007 1262 4072 mali
1284 4026 1392 4090 aeque
1415 4024 1459 4070 ac

324 4102 405 4167 boni
429 4125 509 4167 usus
532 4102 672 4179 faciunt,
694 4104 755 4166 sed
776 4103 856 4168 mali
876 4115 1017 4188 propter
1036 4105 1186 4168 honores
1206 4114 1243 4169 et
1261 4102 1356 4168 lucra
1374 4121 1462 4167 suae

323 4219 506 4280 personae,
526 4209 562 4264 at
586 4199 666 4263 boni
690 4211 833 4283 propter
855 4200 1004 4265 honores
1023 4211 1059 4265 et
1083 4200 1177 4264 lucra
1199 4201 1304 4283 ipsius
1323 4200 1393 4279 rei;
1421 4198 1460 4263 hi

323 4292 484 4376 spediant
500 4294 650 4360 honores
666 4305 702 4359 et
722 4294 816 4360 lucra
832 4297 890 4371 rei,
908 4307 945 4362 ut
961 4317 1082 4361 causas
1099 4295 1317 4380 principales,
1334 4314 1374 4360 ac
1393 4292 1458 4358 ho·

324 4410 426 4454 nores
438 4401 475 4455 et
488 4390 581 4456 lucra
592 4413 674 4456 suae
687 4412 852 4475 personae
867 4403 904 4457 ut
917 4412 1039 4457 causas
1051 4391 1352 4472 instrumentales;
1376 4391 1462 4455 mali

321 4493 440 4549 autem
457 4484 617 4569 spectant
633 4488 784 4552 honores
797 4499 833 4552 et
850 4489 944 4552 lucra
960 4508 1129 4571 personae
1143 4497 1181 4553 ut
1193 4507 1315 4552 causas
1332 4487 1461 4570 princi·

321 4579 431 4665 pales,
445 4601 485 4644 ac
498 4581 646 4646 honores
659 4593 695 4648 et
709 4583 803 4648 lucra
815 4585 863 4647 rei
875 4594 913 4649 ut
926 4603 1047 4648 causas
1060 4583 1353 4649 instrumentales.
1388 4579 1462 4646 Sed
