3424 5368
349 693 411 778 196
696 707 900 761 sumentur
922 709 1123 778 nnosuca

344 879 524 946 ardentius
540 899 641 964 quam
658 881 767 960 boni;
787 881 952 962 imprimis
968 882 1002 945 in
1018 881 1130 960 bellis,
1145 879 1226 965 quia
1245 883 1356 948 malus
1375 881 1477 950 calli-

345 979 422 1041 dior
448 987 485 1041 et
515 976 664 1041 astutior
690 987 744 1042 est
771 977 805 1041 in
833 976 1073 1041 machinandis
1099 977 1201 1054 dolis,
1225 987 1261 1042 et
1285 999 1331 1042 ex
1355 999 1475 1045 amore

346 1073 479 1156 gloriae
504 1073 538 1136 in
561 1072 744 1155 voluptate
767 1072 948 1137 occidendi
969 1081 1007 1137 et
1030 1073 1277 1156 depraedandi,
1297 1095 1384 1159 quos
1408 1077 1474 1142 scit

346 1179 384 1232 et
401 1167 556 1232 declarat
571 1167 704 1243 hostes,
720 1187 823 1252 quam
839 1167 972 1248 bonus;
995 1167 1050 1232 hic
1069 1168 1181 1233 solum
1197 1179 1252 1234 est
1270 1170 1304 1234 in
1323 1173 1474 1254 pruden-

348 1265 398 1329 tia
424 1273 461 1328 et
488 1263 564 1326 zelo
586 1262 735 1338 tutandi,
760 1282 800 1327 ac
822 1282 900 1326 raro
925 1263 961 1326 in
988 1262 1103 1346 aliqua
1125 1264 1308 1345 prudentia
1335 1277 1371 1330 et
1398 1267 1474 1330 zelo

347 1358 545 1424 invadendi.
590 1357 668 1422 Hoc
688 1357 799 1422 simile
818 1366 872 1422 est
889 1359 978 1422 sicut
996 1376 1075 1421 cum
1093 1359 1269 1440 spiritibus
1293 1359 1414 1426 inierni
1438 1372 1474 1427 et

346 1473 426 1518 cum
445 1453 580 1536 angelis
595 1452 704 1532 caeli;
728 1453 867 1536 spiritus
885 1451 1006 1517 inferni
1024 1453 1284 1535 aggrediuntur,
1301 1475 1341 1520 ac
1359 1456 1474 1538 angeli

346 1549 437 1614 caeli
454 1571 493 1614 se
511 1558 679 1613 tutantur.
725 1547 783 1612 Ex
801 1548 853 1611 his
876 1547 942 1612 hoc
961 1547 1162 1613 conclusum
1185 1547 1235 1624 fit,
1255 1550 1348 1631 quod
1367 1551 1474 1613 cuivis

349 1643 454 1710 liceat
472 1645 578 1710 tutari
600 1662 696 1708 suam
715 1645 863 1727 patriam
886 1655 922 1710 et
944 1643 1128 1708 consocios
1149 1654 1275 1707 contra
1296 1645 1474 1708 invasores

348 1741 482 1818 hostes,
505 1742 611 1806 etiam
634 1760 695 1824 per
717 1737 910 1823 praefectos
933 1739 1056 1816 malos,
1075 1738 1137 1802 sed
1160 1741 1254 1824 quod
1277 1761 1346 1804 non
1370 1740 1474 1804 liceat

347 1836 478 1922 absque
508 1857 613 1900 causa
645 1855 683 1899 se
715 1834 855 1899 hostem
884 1834 1016 1899 iacere:
1054 1854 1159 1899 causa
1192 1845 1334 1920 propter
1363 1835 1475 1899 solam

348 1930 507 2014 gloriam,
527 1931 635 1996 estin
655 1951 693 1996 se
711 1929 897 2006 diabolica,
918 1949 999 1994 nam
1016 1939 1072 1996 est
1090 1933 1218 1994 amoris
1238 1932 1298 1995 sui.

414 2040 510 2112 253.
542 2025 722 2091 Hactenus
737 2026 916 2109 explicata
931 2035 1012 2090 sunt
1028 2026 1088 2090 illa
1102 2047 1190 2110 quae
1207 2047 1311 2110 supra
1328 2025 1378 2109 (n.
1395 2023 1477 2110 237)

346 2123 459 2186 allata
475 2133 564 2199 sunt,
582 2144 642 2208 per
657 2144 744 2206 quae
760 2143 852 2186 mere
870 2121 1035 2186 naturalis
1054 2122 1159 2186 homo
1175 2132 1298 2188 contra
1314 2121 1477 2187 Divinam

350 2219 607 2284 Providentiam
635 2239 671 2283 se
697 2219 890 2283 confirmat.
935 2217 1035 2283 Nunc
1065 2218 1276 2303 explicanda
1306 2228 1386 2283 sunt
1416 2217 1479 2283 illa

346 2337 438 2400 quae
464 2314 512 2397 (n.
533 2315 610 2398 238)
635 2325 834 2398 sequuntur,
859 2335 948 2398 quae
971 2325 1185 2379 concernunt
1214 2314 1377 2397 religiosa
1400 2314 1479 2397 plu·

346 2415 436 2478 rium
455 2413 623 2494 gentium,
644 2433 731 2494 quae
753 2413 859 2474 etiam
882 2410 1013 2475 homini
1033 2429 1125 2474 mere
1146 2410 1293 2475 naturali
1312 2411 1483 2475 inservire

349 2519 497 2592 possunt
524 2527 586 2588 pro
612 2507 827 2589 argumentis
854 2515 979 2571 contra
1009 2505 1169 2570 Divinam
1194 2505 1480 2584 Providentiam

349 2604 455 2668 corde
474 2605 564 2667 enim
583 2603 678 2676 dicit,
698 2600 913 2685 “Quomodo
931 2611 1077 2685 possunt
1097 2611 1152 2666 tot
1172 2601 1358 2685 religiones
1377 2602 1481 2666 dissi·

350 2700 476 2763 dentes
492 2698 575 2772 dari,
592 2706 629 2762 et
645 2717 714 2762 non
731 2718 799 2760 una
814 2717 895 2760 vera
912 2717 1015 2779 super
1030 2706 1145 2762 totum
1162 2707 1329 2761 terrarum
1346 2697 1481 2773 orbern,

350 2815 429 2860 cum
446 2794 572 2857 Divina
591 2793 812 2858 Providentia
829 2812 892 2876 pro
910 2791 977 2856 fine
992 2791 1099 2857 habet
1114 2793 1249 2858 caelum
1264 2814 1311 2858 ex
1325 2791 1482 2857 humano

351 2910 480 2973 genere
491 2888 521 2953 ?”
547 2897 584 2952 ut
606 2909 707 2971 supra
732 2886 779 2971 (n.
799 2886 920 2969 27-45)
944 2896 1122 2951 ostensum
1145 2897 1210 2952 est.
1257 2886 1326 2954 Sed
1349 2907 1482 2972 quaeso

351 2985 448 3048 audi:
475 2981 606 3048 Omnes
621 2993 840 3069 quotcunque
857 2982 931 3046 nati
948 2991 1030 3046 sunt
1048 2981 1207 3047 homines
1221 2983 1256 3047 in
1276 3002 1482 3067 quacunque

351 3079 531 3162 religione,
567 3079 692 3143 salvari
729 3087 888 3162 possunt,
923 3079 1028 3143 modo
1064 3077 1178 3143 Deum
1214 3087 1409 3161 agnoscant
1441 3087 1482 3144 et

351 3177 472 3240 vivant
495 3175 683 3239 secundum
706 3181 895 3256 praecepta
917 3193 1005 3256 quae
1027 3173 1061 3237 in
1085 3173 1257 3257 decalogo
1279 3183 1371 3250 sunt,
1391 3193 1483 3258 quae

352 3282 444 3347 sunt,
474 3290 518 3334 ne
551 3271 722 3346 occidant,
753 3288 797 3332 ne
826 3267 1076 3344 adulterentur,
1104 3289 1147 3333 ne
1176 3269 1341 3343 iurentur,
1368 3277 1406 3334 et
1435 3289 1483 3334 ne

351 3367 437 3431 salse
456 3373 641 3440 testentur,
658 3372 844 3448 propterea
858 3364 937 3447 quia
954 3362 1066 3428 lacere
1085 3363 1170 3428 talia
1186 3375 1241 3428 est
1260 3374 1381 3428 contra
1398 3362 1481 3428 reli·

352 3463 505 3545 gionem,
525 3462 574 3524 ita
596 3471 720 3524 contra
743 3459 866 3523 Deum.
912 3457 1018 3541 Apud
1042 3459 1120 3523 illos
1143 3469 1198 3526 est
1221 3461 1326 3524 timor
1345 3459 1421 3534 Dei,
1441 3469 1483 3525 et

353 3577 450 3621 amor
473 3557 642 3639 proximi;
673 3557 777 3619 timor
796 3555 872 3630 Dei,
892 3556 971 3638 quia
993 3557 1153 3638 cogitant
1176 3556 1268 3640 quod
1287 3554 1348 3620 illa
1365 3554 1483 3621 iacere

352 3653 398 3716 sit
416 3661 540 3715 contra
562 3650 685 3727 Deum,
703 3660 739 3715 et
762 3669 858 3714 amor
881 3651 1031 3733 proximi
1054 3652 1133 3736 quia
1151 3651 1322 3728 occidere,
1342 3649 1482 3716 adulte·

353 3747 430 3824 rari,
449 3745 562 3823 iurari,
586 3745 672 3810 salse
701 3747 834 3821 testari,
858 3753 894 3809 et
916 3747 1161 3830 concupiscere
1184 3745 1256 3828 ejus
1278 3746 1419 3809 domum
1442 3756 1484 3812 et

353 3863 510 3920 uxorem,
544 3853 599 3908 est
632 3851 755 3907 contra
787 3843 993 3926 proximum.
1051 3841 1098 3906 Hi
1131 3841 1210 3926 quia
1245 3843 1279 3906 in
1312 3843 1386 3906 vita
1418 3861 1485 3906 sua

352 3937 513 4023 spectant
541 3939 585 4004 ad
617 3937 740 4014 Deum,
764 3947 802 4001 et
825 3958 895 4001 non
918 3936 1140 4002 malefaciunt
1163 3938 1334 4021 proximo,
1357 3957 1379 4002 a
1405 3935 1481 4000 Do·

353 4035 448 4100 mino
471 4037 663 4115 ducuntur;
696 4041 733 4098 et
756 4033 812 4116 qui
835 4034 1016 4109 ducuntur,
1037 4033 1142 4098 etiam
1167 4035 1338 4098 docentur
1355 4052 1480 4097 secun·

351 4130 435 4195 dum
457 4130 662 4214 religionem
685 4147 780 4194 suam
804 4128 847 4192 de
871 4127 948 4192 Deo
970 4137 1006 4192 et
1032 4129 1076 4194 de
1106 4129 1286 4212 proximo;
1321 4146 1399 4192 nam
1423 4127 1483 4212 qui

351 4227 404 4294 ita
421 4229 541 4292 vivunt
561 4233 681 4290 amant
700 4225 828 4300 doceri,
847 4233 884 4288 at
907 4222 964 4308 qui
987 4222 1088 4289 aliter
1106 4225 1227 4289 vivunt
1247 4221 1316 4288 non
1336 4232 1482 4303 amant;

353 4333 391 4389 et
424 4325 502 4409 quia
534 4332 655 4387 amant
685 4319 812 4396 doceri,
840 4317 947 4384 etiam
978 4330 1059 4402 post
1090 4331 1251 4396 mortem,
1282 4338 1360 4383 cum
1393 4315 1483 4384 fiunt

353 4421 504 4504 spiritus,
524 4418 569 4484 ab
587 4416 722 4500 angelis
741 4416 965 4490 instruuntur,
984 4423 1021 4479 et
1044 4413 1194 4480 libenter
1211 4415 1380 4498 recipiunt
1398 4433 1487 4480 vera

354 4515 468 4600 qualia
494 4523 576 4579 sunt
602 4513 636 4578 in
663 4510 793 4576 Verbo.
840 4509 893 4576 De
918 4509 973 4575 his
994 4509 1179 4576 videantur
1201 4507 1317 4594 aliqua
1338 4509 1373 4575 in
1395 4507 1485 4574 Doc-

354 4610 448 4677 trina
463 4609 581 4676 Novae
593 4605 847 4693 Hierosolyma
861 4605 903 4672 de
919 4602 1104 4691 Scriptura
1119 4603 1232 4674 Sacra
1247 4603 1296 4691 (n.
1311 4617 1428 4690 91-97,
1444 4611 1487 4672 et

357 4703 530 4790 ¹04·¹¹3)·
