3344 5402
343 627 382 674 22
693 617 897 670 SAPIENTIA
919 621 1115 670 ANGELICA

342 795 488 857 mundus
504 795 537 856 in
558 813 619 856 suo
636 792 821 874 complexu
835 802 970 856 creatus
986 793 1030 855 sit
1050 815 1095 856 ex
1113 792 1230 866 nihilo,
1246 803 1280 854 et
1297 793 1339 855 de
1357 791 1466 856 nihilo

341 892 475 956 fovetur
498 893 575 954 idea
594 891 695 974 plane
716 890 831 968 nihili;
856 910 933 955 cum
953 901 1071 955 tamen
1092 912 1137 954 ex
1162 889 1263 970 plane
1282 890 1390 954 nihilo
1413 891 1464 954 ni·

341 989 389 1054 hil
409 989 459 1064 fit,
477 1009 541 1053 nec
562 988 689 1072 aliquid
709 988 779 1052 fieri
798 1000 928 1072 potest.
971 988 1048 1052 Hoc
1069 999 1235 1052 constans
1252 991 1380 1053 veritas
1399 999 1463 1053 est.

342 1085 455 1168 Quare
479 1089 684 1162 universum,
709 1087 800 1169 quod
828 1097 883 1150 est
913 1087 1029 1168 imago
1057 1085 1132 1162 Dei,
1157 1097 1192 1150 et
1223 1087 1302 1150 inde
1325 1087 1464 1169 plenum

342 1184 429 1258 Deo,
451 1206 520 1248 non
544 1187 654 1267 potuit
679 1186 743 1248 nisi
767 1203 868 1267 quam
892 1185 926 1247 in
950 1184 1027 1247 Deo
1057 1204 1077 1247 a
1107 1183 1183 1247 Deo
1206 1185 1313 1248 creari
1327 1206 1335 1262 ;
1370 1185 1466 1248 Deus

341 1283 431 1345 enim
456 1291 509 1345 est
530 1283 640 1364 ipsum
664 1281 764 1356 Esse,
785 1291 820 1345 et
843 1281 887 1344 ab
906 1278 995 1344 Esse
1014 1281 1078 1344 erit
1098 1281 1189 1363 quod
1209 1291 1282 1344 est:
1314 1302 1334 1344 a
1358 1281 1466 1346 nihilo

341 1380 431 1460 quod
457 1399 525 1442 non
556 1391 621 1454 est,
642 1398 758 1442 creare
778 1377 869 1461 quod
900 1389 965 1453 est,
987 1388 1041 1442 est
1070 1399 1207 1460 prorsus
1231 1377 1463 1442 contraditio-

340 1478 435 1538 rium.
486 1475 554 1539 Sed
575 1496 680 1558 usque
699 1485 853 1539 creatum
877 1477 911 1538 in
930 1474 1007 1538 Deo
1031 1497 1050 1538 a
1075 1475 1161 1550 Deo,
1183 1495 1251 1538 non
1275 1485 1329 1538 est
1353 1479 1464 1539 conti-

341 1593 444 1635 nuum
475 1574 519 1635 ab
546 1573 649 1655 lpso;
685 1593 764 1636 nam
785 1572 878 1635 Deus
897 1583 951 1635 est
972 1571 1123 1635 Esse'in
1143 1571 1199 1648 Se,
1220 1585 1255 1636 et
1285 1574 1319 1635 in
1339 1575 1464 1637 creatis

341 1690 409 1732 non
427 1680 481 1733 est
498 1670 626 1753 aliquid
643 1669 730 1734 Esse
748 1671 783 1732 in
802 1691 859 1747 se;
885 1671 912 1732 si
935 1671 969 1732 in
987 1671 1110 1733 creatis
1126 1668 1215 1733 soret
1231 1669 1358 1752 aliquid
1376 1669 1464 1735 Esse

340 1769 374 1829 in
394 1787 441 1840 se,
462 1766 551 1830 foret
570 1767 603 1829 id
624 1769 826 1831 continuum
846 1788 867 1830 a
885 1767 973 1842 De0,
994 1777 1030 1830 et
1049 1768 1251 1830 continuum
1270 1789 1290 1830 a
1314 1767 1389 1831 Deo
1409 1777 1464 1832 est

342 1864 446 1928 Deus,
493 1865 666 1946 Angelica
681 1866 760 1927 idea
778 1866 821 1927 de
852 1863 917 1928 hoc
938 1865 1018 1928 talis
1045 1876 1110 1939 est,
1130 1865 1222 1946 quod
1243 1876 1395 1928 creatum
1429 1867 1463 1929 in

341 1962 417 2026 Deo
437 1984 458 2026 a
477 1962 565 2037 De0,
586 1964 632 2025 sit
651 1963 741 2026 sicut
760 1962 794 2024 id
814 1963 847 2024 in
864 1961 1014 2036 homine,
1033 1963 1124 2044 quod
1142 1971 1299 2025 traxerat
1325 1983 1369 2024 ex
1390 1965 1465 2026 vita

340 2059 422 2140 ejuS,
439 2060 501 2124 sed
522 2079 628 2142 aquo
651 2056 811 2124 extracta
830 2069 884 2122 est
903 2061 997 2136 vita;
1026 2061 1118 2150 quod
1142 2059 1213 2122 tale
1237 2069 1301 2134 est,
1323 2070 1360 2123 ut
1380 2081 1462 2123 con·

339 2159 456 2222 veniat
475 2159 568 2221 vitae
592 2157 674 2240 ejus,
695 2158 757 2221 sed
781 2178 886 2239 usque
911 2177 979 2220 non
1003 2169 1057 2221 est
1076 2159 1147 2220 vita
1172 2157 1252 2237 ejus.
1300 2156 1378 2220 Hoc
1401 2178 1463 2220 an·

339 2252 408 2335 geli
427 2252 632 2316 confirmant
652 2273 698 2316 ex
719 2253 846 2328 multis,
864 2273 951 2334 quae
969 2253 1003 2315 in
1023 2241 1120 2315 caelo
1138 2252 1273 2315 illorum
1294 2253 1463 2326 existunt,

339 2350 396 2414 ubi
418 2351 538 2415 dicunt
562 2371 598 2414 se
622 2371 697 2414 esse
716 2352 749 2413 in
768 2349 856 2424 Deo,
877 2361 913 2414 et
937 2350 1048 2413 Deum
1067 2349 1197 2424 inillis,
1219 2360 1255 2411 et
1275 2360 1392 2411 tamen
1411 2349 1463 2410 ni·

339 2447 387 2511 hil
412 2448 488 2522 Dei,
509 2450 601 2529 quod
629 2448 723 2511 Deus
754 2457 819 2523 est,
844 2449 877 2510 in
901 2469 963 2511 suo
988 2446 1075 2509 Esse
1101 2445 1238 2510 habere.
1285 2446 1395 2520 Plura,
1417 2466 1462 2508 ex

338 2547 459 2628 quibus
472 2547 506 2608 id
519 2545 735 2620 confirmant,
749 2547 783 2608 in
796 2546 1020 2627 sequentibus
1039 2541 1249 2607 ¹¹1afferentur
1261 2567 1269 2622 ;
1293 2543 1346 2607 hic
1359 2544 1463 2607 modo

337 2642 371 2706 id
390 2645 434 2706 sit
456 2663 518 2725 pro
534 2645 689 2706 scientia.

402 2743 477 2824 56.
513 2739 625 2803 Omne
653 2749 817 2814 creatum,
843 2760 888 2802 ex
919 2761 960 2802 ea
990 2741 1133 2821 origine,
1158 2750 1212 2803 est
1241 2740 1312 2803 tale
1339 2741 1372 2802 in
1402 2760 1462 2802 sua

339 2847 462 2900 natura
492 2846 529 2900 ut
563 2837 608 2900 sit
641 2838 809 2917 recipiens
834 2837 911 2910 Dei,
936 2857 1003 2900 non
1035 2858 1094 2918 per
1117 2838 1294 2899 continum
1318 2838 1378 2900 sed
1403 2857 1462 2918 per

338 2936 561 3018 contiguum;
594 2956 654 3018 per
677 2935 743 2998 hoc
768 2945 803 2997 et
828 2954 896 2996 non
921 2955 980 3016 per
999 2934 1082 2996 illud
1106 2945 1160 2996 est
1184 2933 1462 3016 conjunltivum

337 3042 391 3096 est
408 3034 496 3096 enim
521 3035 729 3096 conveniens
748 3033 827 3114 quia
849 3033 884 3093 in
909 3031 984 3094 Deo
1003 3053 1023 3093 a
1047 3029 1123 3094 Deo
1143 3043 1296 3095 creatum
1321 3043 1397 3110 est3
1425 3043 1461 3094 et

337 3131 416 3212 quia
438 3131 487 3193 ita
505 3141 658 3193 creatum
678 3139 743 3205 est,
763 3140 816 3192 est
841 3128 1025 3210 analogon,
1047 3139 1084 3192 et
1106 3150 1166 3212 per
1186 3127 1461 3211 conjunttionem

337 3225 431 3290 illam
452 3237 506 3291 est
525 3229 613 3290 sicut
633 3229 748 3308 imago
768 3227 832 3290 Dei
851 3228 885 3289 in
905 3227 1056 3308 speculo.

400 3338 469 3409 57·
500 3324 557 3387 Ex
577 3346 618 3389 eo
638 3335 702 3400 est,
724 3324 814 3408 quod
835 3324 950 3406 angeli
974 3345 1043 3388 non
1067 3326 1136 3388 sint
1158 3325 1273 3407 angeli
1293 3347 1313 3388 a
1331 3346 1378 3399 se,
1399 3325 1461 3388 sed

336 3423 428 3505 quod
453 3423 522 3485 sint
541 3422 656 3503 angeli
679 3443 724 3486 ex
749 3419 990 3503 conjunctione
1010 3423 1069 3485 illa
1092 3441 1167 3484 cum
1188 3421 1264 3486 Deo
1289 3422 1461 3500 Homine;

338 3529 373 3582 et
393 3519 453 3582 illa
477 3517 671 3600 conjunctio
694 3531 747 3584 est
771 3521 959 3583 secundum
983 3521 1219 3601 receptionem
1240 3518 1354 3584 Divini
1374 3519 1462 3583 Boni

337 3625 372 3680 et
393 3615 507 3678 Divini
525 3616 618 3690 Veri,
639 3638 725 3699 quae
745 3627 825 3681 sunt
846 3616 950 3692 Deus,
968 3626 1004 3680 et
1024 3628 1192 3699 apparent
1212 3619 1398 3699 procedere
1418 3619 1462 3682 ab

339 3713 430 3794 Ipso,
451 3717 592 3778 tametsi
622 3715 655 3776 in
684 3714 764 3796 Ipso
794 3725 894 3777 sunt:
930 3733 970 3777 ac
998 3717 1153 3796 receptio
1183 3725 1238 3778 est
1272 3716 1460 3779 secundum

337 3811 606 3891 applicationem
624 3811 739 3892 legum
759 3812 898 3886 ordinis,
916 3832 1003 3894 quae
1021 3822 1101 3875 sunt
1122 3813 1266 3875 Divinae
1283 3815 1460 3887 veritatem

337 3908 380 3969 ad
400 3929 448 3982 se,
469 3930 514 3970 ex
535 3909 642 3972 libero
662 3909 840 3990 cogitandi
859 3919 895 3973 et
914 3909 1054 3973 volendi
1073 3910 1261 3974 secundum
1278 3913 1460 3986 rationem,

337 4025 425 4086 quae
454 4005 520 4067 illis
551 4016 631 4068 sunt
656 4027 676 4068 a
699 4006 849 4069 Domino
868 4007 956 4070 sicut
983 4026 1110 4071 eorum.
1158 4007 1221 4071 Per
1247 4008 1281 4071 id
1311 4019 1366 4071 est
1394 4008 1462 4071 illis

338 4105 492 4184 receptio
517 4103 632 4166 Divini
656 4103 743 4167 Boni
767 4112 803 4167 et
827 4103 942 4167 Divini
961 4103 1045 4169 Veri
1068 4106 1157 4170 sicut
1181 4106 1225 4168 ab
1242 4105 1321 4181 illis,
1342 4115 1378 4170 et
1402 4125 1462 4188 per

338 4199 371 4260 id
402 4211 456 4262 est
489 4201 699 4281 reciprocum
731 4201 880 4278 amoris;
915 4221 1006 4278 nam,
1031 4212 1069 4265 ut
1103 4223 1205 4286 supra
1234 4201 1363 4267 dictum
1393 4211 1459 4278 est,

338 4315 434 4360 amor
454 4318 522 4361 non
543 4299 644 4360 datur
661 4299 724 4360 nisi
741 4301 785 4361 sit
804 4301 1007 4380 reciprocus.
1055 4297 1172 4365 Simile
1189 4309 1242 4364 est
1260 4320 1336 4363 cum
1349 4301 1461 4364 homi·

338 4394 436 4456 nibus
452 4397 486 4456 in
504 4395 613 4458 terris.
656 4395 713 4459 Ex
730 4393 828 4458 dictis
845 4397 989 4477 primum
1008 4397 1115 4461 videri
1132 4407 1260 4481 potest,
1277 4399 1369 4481 quod
1385 4417 1460 4460 om·

339 4491 394 4552 nia
412 4493 561 4554 universi
585 4495 690 4556 creati
711 4495 779 4557 sint
796 4493 911 4556 Divini
926 4492 1068 4558 Amoris
1087 4504 1124 4560 et
1146 4494 1293 4560 Divinae
1316 4491 1460 4579 Sapien-

339 4589 407 4650 tiae
426 4589 489 4650 Dei
509 4589 667 4651 Hominis
685 4593 895 4672 recipientia.
