3448 5374
531 679 581 729 DE
606 679 741 731 DIVINO
764 681 910 746 AMORE,
932 683 1023 734 PARS
1047 684 1161 734 V.-N.
1177 687 1251 753 432.

326 872 429 934 agere
453 852 488 915 in
512 872 614 935 opere
638 855 730 936 quod
753 852 824 936 ejus
847 853 951 918 officii
974 865 1039 919 est.
1088 855 1167 920 Hoc
1187 867 1315 920 vocant
1340 857 1449 921 chari·
1510 893 1513 901 ·

326 955 449 1022 tatem,
471 967 510 1010 ae
531 948 753 1012 adorationes
769 969 856 1030 quae
874 960 953 1013 sunt
972 950 1086 1016 cultus
1102 963 1230 1016 vocant
1250 953 1349 1033 signa
1369 953 1452 1015 cha·
1530 939 1547 1009 ι’

325 1043 451 1118 ritatis,
476 1053 511 1106 et
545 1043 675 1126 reliqua
698 1055 825 1108 vocant
856 1045 975 1109 debita
1006 1056 1041 1110 et
1073 1046 1259 1110 beneficia:
1293 1048 1452 1111 dicentes
1542 1046 1547 1073 '

325 1137 417 1218 quod
442 1137 522 1201 dum
552 1139 694 1222 quisque
718 1139 862 1215 sincere,
886 1137 989 1216 recte,
1007 1141 1100 1222 juste
1131 1150 1166 1205 et
1195 1141 1345 1206 fideliter
1367 1141 1450 1206 iacit
1525 1207 1529 1216 ,

324 1253 411 1314 opus
433 1234 525 1316 quod
549 1233 619 1316 ejus
642 1233 743 1298 officii
767 1244 832 1307 est,
857 1255 1040 1300 commune
1067 1238 1101 1300 in
1125 1258 1186 1302 suo
1205 1239 1298 1301 bono
1321 1239 1449 1300 subsis-

325 1339 379 1392 tat
396 1337 432 1392 et
451 1329 637 1411 persistat3
661 1341 697 1393 et
712 1331 802 1413 quod
819 1331 885 1394 hoc
902 1332 948 1394 sit
968 1332 1001 1394 in
1018 1330 1168 1396 Domino
1184 1354 1271 1407 esse,
1289 1334 1450 1416 quoniam

324 1443 427 1488 omne
450 1425 542 1508 quod
570 1445 590 1489 a
613 1424 763 1490 Domino
786 1425 895 1490 influit
918 1435 973 1490 est
993 1447 1084 1502 usus,
1104 1447 1145 1492 ac
1168 1427 1276 1492 influit
1299 1449 1320 1492 a
1342 1431 1448 1512 parti·

324 1521 386 1584 bus
402 1521 436 1584 in
453 1539 646 1597 commune,
663 1531 700 1586 et
715 1542 735 1584 a
751 1522 925 1586 communi
940 1522 984 1585 ad
1000 1531 1127 1605 partes.
1171 1522 1291 1588 Partes
1307 1524 1352 1588 ibi
1368 1533 1450 1590 sunt

323 1617 450 1699 angeli,
474 1627 511 1682 et
530 1635 713 1682 commune
731 1628 786 1683 est
805 1619 958 1682 societas
976 1617 1124 1682 illorum.

345 1897 483 1986 Quaen
506 1915 576 1967 usa
598 1915 878 1968 mnnuaucuu
901 1914 1066 1969 uoumrs
1089 1917 1115 1969 n
1137 1915 1423 1970 coucamoua.

389 2099 488 2169 432·
518 2083 631 2168 Quale
646 2097 701 2151 est
720 2086 974 2151 initiamentum
993 2108 1053 2153 seu
1072 2089 1281 2170 primitivum
1298 2089 1446 2154 hominis

322 2180 358 2246 in
374 2190 474 2245 utero
490 2193 569 2262 post
583 2184 860 2264 conceptionem,
875 2202 978 2247 nemo
991 2193 1109 2266 potest
1121 2185 1219 2258 scire,
1233 2186 1311 2267 quia
1327 2185 1359 2248 id
1376 2205 1445 2249 non

321 2285 437 2361 potest
448 2277 582 2355 videri;
606 2287 641 2342 et
657 2299 792 2362 quoque
807 2300 853 2343 ex
873 2280 1042 2361 spirituali
1058 2280 1255 2344 substantia
1275 2291 1341 2354 est,
1359 2301 1446 2363 quae

320 2391 380 2454 per
396 2371 507 2438 lucem
528 2376 722 2438 naturalem
738 2395 807 2437 non
824 2377 918 2439 cadit
942 2377 975 2438 in
998 2376 1119 2439 visum.
1165 2375 1264 2440 Nunc
1284 2378 1363 2460 quia
1381 2376 1444 2440 ali-

320 2470 376 2552 qui
400 2469 433 2532 in
457 2469 586 2534 mundo
609 2470 699 2534 tales
721 2480 813 2546 sunt,
833 2481 870 2534 ut
894 2471 1078 2535 intendant
1101 2481 1253 2535 mentem
1276 2473 1382 2535 etiam
1409 2471 1444 2535 in

319 2565 582 2646 indagationem
601 2565 764 2649 primitivi
787 2565 946 2641 hominis,
965 2567 1057 2649 quod
1080 2575 1133 2630 est
1153 2586 1271 2631 semen
1291 2588 1312 2630 a
1334 2578 1443 2650 patre,

319 2678 340 2724 a
355 2678 423 2741 quo
438 2661 476 2724 fit
493 2662 696 2745 conceptio;
720 2670 756 2725 et
775 2661 854 2744 quia
870 2661 969 2724 multi
988 2682 1032 2724 ex
1049 2661 1117 2725 illis
1133 2663 1166 2725 in
1183 2661 1279 2725 illum
1295 2683 1445 2729 errorem

319 2755 407 2838 lapsi
423 2768 514 2832 sunt,
534 2757 624 2840 quod
644 2758 749 2821 homo
768 2757 813 2821 sit
831 2758 865 2820 in
885 2777 946 2821 suo
965 2758 1069 2840 pleno
1092 2777 1112 2821 a
1136 2759 1244 2840 primo
1262 2779 1334 2833 suo,
1352 2761 1444 2842 quod

319 2861 372 2914 est
395 2851 686 2929 inchoamentum,
708 2862 743 2917 et
767 2853 858 2936 quod
882 2852 961 2916 dein
985 2855 1211 2917 increscendo
1235 2853 1442 2936 perficiatur,

319 2944 495 3011 detectum
508 2948 591 3011 mihi
607 2957 661 3012 est
676 2948 778 3031 quale
798 2949 832 3010 id
852 2947 1134 3012 inchoamentum
1150 2969 1210 3012 seu
1227 2951 1372 3031 primum
1389 2959 1443 3014 est

317 3041 352 3104 in
372 3063 433 3105 sua
451 3041 568 3106 forma.
614 3041 692 3107 Hoc
712 3042 793 3108 mihi
811 3040 989 3107 detectum
1008 3053 1062 3107 est
1089 3044 1133 3107 ab
1161 3044 1306 3126 angelis,
1324 3045 1444 3126 quibus

317 3136 353 3201 id
375 3137 566 3202 revelatum
584 3150 639 3203 est
666 3159 687 3204 a
709 3138 882 3203 Domino:
915 3141 971 3221 qui
990 3141 1069 3222 quia
1092 3141 1125 3202 id
1153 3141 1342 3222 sapientiae
1362 3160 1443 3204 suae

317 3233 481 3308 fecerunt,
496 3254 535 3298 ac
549 3233 737 3315 jucundum
754 3235 946 3317 sapientiae
962 3234 1097 3297 illorum
1117 3246 1171 3298 est
1191 3235 1443 3298 communicare

317 3329 391 3393 aliis
414 3331 506 3413 quod
533 3329 657 3404 sciunt,
678 3331 758 3393 ideo
788 3351 834 3394 ex
862 3330 947 3393 data
973 3330 1074 3392 venia
1100 3328 1246 3392 formam
1274 3330 1443 3393 initialem

317 3423 465 3489 hominis
485 3427 518 3488 in
536 3433 622 3508 typo
639 3446 756 3490 coram
772 3426 881 3490 oculis
900 3427 984 3489 meis
1004 3427 1038 3488 in
1055 3424 1131 3488 luce
1147 3425 1233 3488 caeli
1250 3425 1442 3503 sistebant;

316 3540 404 3603 quae
420 3521 499 3583 talis
515 3531 590 3585 erat
602 3519 741 3584 :-Visa
758 3531 812 3585 est
828 3523 916 3584 sicut
933 3520 1074 3584 minima
1090 3521 1206 3602 imago
1219 3520 1348 3583 cerebri
1365 3539 1442 3583 curn

316 3615 550 3680 delineatione
563 3616 681 3680 subtili
690 3613 830 3696 alicujus
842 3614 939 3679 faciei
949 3625 1156 3692 antrorsum‚
1170 3616 1299 3698 absque
1312 3634 1442 3698 appen-

316 3709 402 3774 dice.
448 3709 527 3776 Hoc
544 3712 752 3794 primitivum
770 3713 805 3774 in
825 3711 998 3793 superiore
1015 3711 1119 3792 gibba
1139 3720 1238 3792 parte
1257 3720 1331 3776 erat
1347 3729 1442 3775 com·

317 3823 424 3886 peges
443 3827 488 3869 ex
511 3806 661 3890 globulis
681 3826 741 3870 seu
760 3806 952 3889 sphaerulis
970 3808 1155 3888 contiguis,
1175 3815 1212 3870 et
1234 3806 1443 3889 unaquaevis

316 3899 499 3981 sphaerula
525 3912 599 3966 erat
626 3903 870 3984 compaginata
897 3923 943 3965 ex
971 3901 1082 3966 adhuc
1111 3901 1370 3978 minutioribus;
1406 3908 1443 3963 et

318 3997 526 4078 unaquaevis
542 4019 586 4064 ex
599 3997 653 4060 his
669 3997 827 4061 similiter
838 4017 884 4060 ex
900 3997 1156 4076 minutissimis;
1178 3997 1229 4060 ita
1244 3996 1345 4061 trium
1361 4015 1441 4078 gra·

317 4092 421 4157 duum
449 4103 545 4172 erat;
577 4095 730 4159 anterius
757 4094 791 4157 in
819 4104 919 4176 parte
942 4095 1028 4157 sima
1046 4092 1257 4158 delineatum
1275 4093 1357 4176 quid
1380 4112 1442 4174 pro

316 4187 402 4264 facie
425 4190 594 4270 apparuit.
639 4187 792 4254 Gibbosa
814 4208 892 4270 pars
923 4197 997 4252 erat
1020 4188 1220 4252 tenuissima
1242 4187 1442 4252 membrana

317 4303 378 4347 seu
397 4285 559 4367 meninge
578 4281 811 4360 circumtecta,
831 4304 921 4367 quae
940 4293 1173 4365 transparens.
1218 4280 1330 4348 Gibba
1349 4301 1439 4365 pars,

316 4399 405 4460 quae
429 4391 503 4444 erat
527 4391 631 4463 typus
654 4380 784 4444 cerebri
810 4381 844 4442 in
874 4380 1033 4454 minimis,
1054 4389 1129 4443 erat
1148 4379 1253 4443 etiam
1270 4378 1379 4441 divisa
1405 4378 1440 4441 in

317 4475 417 4538 binos
437 4475 533 4557 quasi
557 4485 663 4551 toros,
681 4477 769 4539 sicut
786 4475 963 4538 cerebrum
987 4476 1021 4537 in
1046 4473 1205 4537 maximis
1225 4482 1278 4537 est
1303 4474 1337 4536 in
1360 4473 1442 4536 bina

318 4568 570 4653 hemisphaeria
585 4593 592 4649 ;
617 4580 653 4635 et
669 4569 797 4635 dietum
813 4580 867 4634 est
887 4571 979 4644 mihi,
991 4571 1081 4652 quod
1096 4568 1222 4632 dexter
1234 4577 1329 4631 torus
1346 4578 1441 4634 esset

318 4669 574 4748 receptaculum
595 4667 731 4743 amoris,
749 4676 785 4731 et
804 4667 942 4728 sinister
961 4675 1057 4729 torus
1074 4664 1330 4747 receptaculum
1349 4663 1441 4746 sapi·

1548 1123 1557 1154 l
