3448 5374
352 644 413 708 180
701 655 904 707 semaam
927 653 1123 708 anserice

346 829 411 892 nisi
428 838 569 892 ventum
585 837 621 892 et
640 818 766 903 aerem,
780 825 975 908 judicarunt
995 847 1041 890 ex
1057 825 1160 890 oculo
1174 835 1211 892 et
1228 846 1331 891 sensu
1347 846 1476 910 corpo·

346 922 402 997 ris,
422 920 513 1005 quod
536 920 674 1003 spiritus
697 927 734 984 et
757 919 873 982 anima
895 918 1043 983 hominis
1061 927 1142 1002 post
1161 927 1311 983 mortem
1330 939 1401 984 non
1424 921 1475 985 sit

346 1011 462 1077 homo.
508 1011 564 1075 Ex
589 1031 755 1095 corporeo
774 1010 839 1075 hoc
860 1009 989 1093 judicio
1008 1011 1051 1075 de
1070 1010 1190 1092 spiritu
1208 1020 1245 1075 et
1267 1011 1384 1075 anima
1405 1032 1474 1075 ex·

346 1114 445 1169 ortae
468 1113 548 1168 sunt
567 1105 681 1168 variae
704 1103 929 1188 hypotheses,
950 1112 986 1168 et
1009 1123 1055 1167 ex
1078 1103 1146 1167 illis
1169 1112 1275 1167 enata
1296 1112 1351 1168 est
1373 1103 1474 1182 fides,

345 1198 435 1280 quod
456 1196 561 1260 homo
580 1217 649 1260 non
667 1196 727 1260 fiat
742 1195 847 1260 homo
863 1214 965 1280 quam
982 1195 1037 1259 die
1052 1194 1164 1259 ultimi
1177 1194 1304 1277 judicii,
1322 1205 1358 1261 et
1378 1196 1473 1280 quod

344 1290 475 1354 interea
490 1300 642 1354 moretur
654 1289 789 1366 alicubi,
805 1299 842 1354 et
858 1286 1040 1371 exspectet
1057 1289 1266 1365 reunionem,
1281 1290 1473 1353 secundum

343 1381 403 1446 illa
429 1402 517 1465 quae
542 1383 577 1445 in
607 1379 859 1446 Conttituatione
885 1379 926 1444 de
959 1379 1082 1446 Ultimo
1111 1380 1249 1457 Judicio
1280 1377 1328 1465 (n.
1348 1379 1473 1465 32-38)

344 1472 437 1539 dieta
455 1483 545 1538 sunt.
592 1472 764 1556 Quoniam
780 1492 878 1537 mens
896 1472 1045 1537 hominis
1065 1481 1119 1537 est
1136 1471 1208 1555 ejus
1225 1473 1373 1558 spiritus,
1390 1473 1476 1538 ideo

344 1567 471 1649 angeli,
491 1567 546 1650 qui
566 1568 671 1630 etiam
690 1576 770 1629 sunt
789 1567 935 1648 spiritus,
957 1575 1125 1629 vocantur
1143 1574 1287 1631 mentes.

406 1661 504 1745 387·
535 1661 636 1744 Quod
663 1680 760 1725 mens
792 1660 939 1724 hominis
968 1661 1014 1724 sit
1042 1659 1113 1743 ejus
1140 1661 1289 1742 spiritus,
1313 1669 1350 1724 et
1376 1659 1472 1744 quod

343 1757 481 1840 spiritus
497 1759 543 1821 sit
558 1755 674 1832 homo,
688 1766 741 1820 est
757 1759 835 1840 quia
855 1776 916 1842 per
934 1765 1087 1820 mentem
1103 1755 1343 1838 intelliguntur
1354 1757 1473 1820 omnia

342 1848 534 1912 voluntatis
551 1859 586 1912 et
602 1847 800 1913 intellectus
816 1849 976 1924 hominis,
992 1859 1028 1912 et
1043 1849 1128 1913 haec
1145 1849 1275 1912 suntin
1295 1848 1474 1931 principiis

342 1941 377 2003 in
401 1941 608 2012 cerebriset
630 1943 664 2005 in
687 1943 899 2024 principiatis
919 1943 954 2006 in
978 1961 1140 2024 corpore;
1177 1942 1227 2005 ita
1249 1949 1330 2004 sunt
1353 1940 1472 2004 omnia

343 2031 502 2109 hominis,
517 2033 628 2116 quoad
644 2034 770 2097 formas
791 2054 931 2097 eorum:
957 2043 993 2098 et
1015 2034 1093 2116 quia
1111 2035 1161 2098 ita
1178 2043 1244 2110 est,
1260 2032 1339 2096 ideo
1358 2051 1471 2110 mens,

343 2124 410 2189 hoc
430 2136 495 2200 est,
513 2125 676 2214 noluntas
695 2135 731 2190 et
749 2122 955 2202 intelledtuS,
978 2128 1052 2208 agit
1070 2145 1192 2208 corpus
1210 2134 1245 2189 et
1264 2124 1378 2188 omnia
1396 2122 1473 2206 ejus

342 2217 388 2286 ad
403 2227 533 2281 nutum.
579 2216 709 2282 Annon
733 2238 867 2300 corpus,
896 2218 1123 2302 quodcunque
1147 2235 1244 2280 mens
1273 2217 1407 2299 cogitat
1430 2222 1469 2280 et

342 2310 428 2385 vult,
448 2309 545 2392 agit?
568 2329 665 2375 mens
684 2312 803 2394 arrigit
825 2329 940 2374 aurem
957 2311 1002 2373 ad
1021 2310 1236 2384 audiendum,
1256 2329 1296 2372 ac
1315 2307 1471 2372 intendit

343 2407 480 2471 oculum
505 2408 548 2470 ad
570 2407 782 2471 videndum?
816 2425 914 2470 mens
939 2413 1055 2468 movet
1078 2403 1229 2485 linguam
1248 2411 1284 2464 et
1303 2400 1399 2463 labra
1421 2398 1471 2463 ad

343 2498 563 2583 loquendum,
583 2500 657 2582 agit
676 2519 797 2563 manus
816 2508 852 2562 et
874 2499 1004 2578 digitos
1026 2498 1070 2560 ad
1092 2494 1286 2559 iaciendum
1307 2491 1470 2576 quicquid

342 2590 450 2667 lubet,
479 2601 515 2656 et
538 2592 644 2673 pedes
673 2593 718 2655 ad
749 2591 994 2654 ambulandum
1022 2609 1090 2671 quo
1115 2585 1214 2650 vult?
1258 2584 1388 2647 Annon
1416 2584 1466 2648 sic

343 2703 467 2766 corpus
477 2684 569 2748 aliud
582 2693 636 2749 est
647 2703 747 2768 quam
762 2684 960 2747 obedientia
973 2701 1054 2744 suae
1068 2677 1215 2742 mentis?
1235 2675 1324 2740 Num
1341 2693 1471 2758 corpus

343 2786 461 2857 potest
484 2776 556 2840 tale
578 2797 664 2852 esse,
686 2778 749 2840 nisi
770 2797 867 2841 mens
883 2777 916 2838 in
936 2773 1149 2856 principiatis
1171 2771 1240 2834 suis
1263 2770 1308 2833 sit
1331 2769 1365 2832 in
1388 2787 1466 2832 cor·

343 2869 448 2950 pore?
494 2867 584 2931 Num
609 2888 798 2951 congruum
828 2879 882 2932 est
910 2888 986 2930 cum
1019 2867 1151 2928 ratione
1179 2863 1344 2945 cogitare,
1372 2855 1470 2942 quod

343 2981 466 3043 corpus
485 2982 530 3024 ex
550 2961 747 3025 obedientia
764 2960 866 3024 saciat
883 2961 961 3043 quia
980 2978 1077 3022 mens
1096 2958 1145 3020 ita
1160 2954 1258 3019 vulti
1275 2955 1325 3019 sic
1335 2952 1404 3018 duo
1413 2951 1466 3016 io·

342 3064 431 3129 rent,
452 3073 555 3116 unum
581 3073 683 3134 supra
713 3063 748 3117 et
777 3053 923 3117 alterum
952 3051 1047 3126 inira,
1068 3069 1108 3112 ac
1139 3066 1242 3110 unum
1265 3045 1398 3128 jubebit
1427 3050 1469 3109 et

343 3145 489 3210 alteru'm
519 3146 736 3210 auscultabit.
797 3143 874 3209 Hoc
899 3145 977 3227 quia
1000 3163 1069 3206 non
1093 3160 1170 3205 cum
1193 3139 1307 3220 aliqua
1328 3137 1469 3200 ratione

343 3240 512 3320 congruit,
537 3239 699 3323 sequitur,
721 3238 813 3323 quod
837 3237 910 3301 vita
934 3234 1082 3299 hominis
1106 3235 1151 3297 sit
1176 3233 1208 3294 in
1233 3228 1405 3314 principiis
1429 3228 1469 3292 in

343 3331 500 3407 cerebris,
518 3341 554 3395 et
573 3332 607 3395 in
631 3330 843 3413 principiatis
862 3330 897 3393 in
917 3347 1070 3409 corpore,
1091 3325 1277 3389 secundum
1299 3322 1358 3385 illa
1375 3338 1469 3405 quae

342 3443 443 3506 supra
468 3421 516 3506 (n.
541 3421 629 3507 365),
654 3421 747 3488 di8ta
770 3431 869 3487 sunt:
908 3430 992 3496 tum,
1019 3418 1111 3502 quod
1129 3416 1239 3499 qualis
1262 3415 1334 3478 vita
1351 3423 1405 3477 est
1428 3412 1468 3477 in

342 3516 525 3598 principiis,
542 3515 621 3578 talis
637 3518 682 3580 sit
701 3517 736 3580 in
754 3524 833 3580 toto
851 3523 887 3578 et
904 3515 938 3576 in
957 3511 1109 3596 qualibet
1128 3519 1226 3591 parte
1247 3504 1294 3589 (n.
1308 3502 1406 3588 366):
1426 3511 1469 3568 et.

342 3607 433 3690 quod
449 3608 522 3671 vita
538 3628 597 3690 per
613 3609 777 3691 principia
795 3607 855 3670 illa
871 3607 914 3669 sit
932 3625 977 3668 ex
994 3603 1147 3687 qualibet
1163 3609 1259 3684 parte
1275 3599 1309 3661 in
1319 3607 1409 3673 toto,
1426 3603 1467 3661 et

341 3717 388 3762 ex
410 3707 487 3762 toto
509 3700 543 3763 in
567 3699 719 3783 qualibet
744 3709 843 3783 parte
867 3696 916 3781 (n.
937 3694 1024 3778 367).
1072 3692 1173 3776 Quod
1198 3691 1313 3755 omnia
1335 3689 1469 3752 mentis

341 3809 380 3854 se
395 3791 544 3855 reserant
560 3792 603 3855 ad
616 3791 833 3856 voluntatem
849 3800 885 3854 et
901 3784 1128 3861 intelledtum,
1145 3795 1180 3848 et
1197 3783 1287 3867 quod
1299 3781 1469 3845 voluntas

341 3891 378 3947 et
397 3881 594 3948 intellectus
614 3885 683 3948 sint
703 3881 922 3966 receptacula
941 3880 1066 3944 amoris
1085 3889 1122 3942 et
1140 3875 1330 3958 sapientiae
1348 3894 1369 3937 a
1388 3872 1466 3936 Do·

342 3976 445 4053 mino,
466 3987 502 4040 et
521 3977 612 4061 quod
632 3978 717 4041 haec
737 3977 806 4041 duo
821 3975 949 4039 iaciant
968 3974 1075 4036 vitam
1092 3969 1249 4044 hominis,
1267 3967 1301 4030 in
1321 3983 1465 4048 praece·

342 4068 503 4133 dentibus
521 4081 699 4135 ostensum
715 4081 780 4134 est.

405 4161 506 4242 388.
537 4164 594 4227 Ex
617 4183 706 4227 nunc
727 4161 826 4227 did'tis
849 4161 954 4225 etiam
973 4156 1080 4222 videri
1103 4161 1232 4239 potest,
1252 4148 1342 4236 quod
1362 4164 1465 4212 mens

341 4256 490 4322 hominis
507 4261 550 4323 sit
567 4261 638 4341 ipse
651 4259 777 4337 homo;
802 4258 911 4340 prima
930 4255 1020 4318 enim
1040 4250 1111 4315 tela
1129 4249 1259 4313 formae
1276 4245 1462 4319 humanae,

343 4373 403 4416 seu
420 4354 493 4436 ipsa
516 4354 624 4418 forma
646 4355 796 4418 humana
819 4372 896 4416 cum
915 4348 1073 4414 omnibus
1092 4356 1128 4410 et
1148 4342 1292 4426 singulis
1311 4339 1381 4422 ejus
1404 4345 1463 4403 est

344 4469 390 4512 ex
413 4451 585 4533 principiis
602 4472 620 4515 e
640 4452 781 4514 cerebro
798 4469 859 4531 per
881 4464 1005 4510 nervos
1028 4441 1251 4513 continuatis,
1271 4434 1463 4500 secundum

343 4542 403 4606 illa
426 4565 512 4626 quae
535 4547 639 4609 etiam
663 4566 765 4628 supra
787 4553 927 4608 ostensa
951 4548 1042 4604 sunt.
1089 4536 1185 4600 Haec
1209 4533 1317 4597 forma
1339 4537 1404 4603 est,
1423 4526 1464 4591 in

343 4658 446 4725 quam
465 4639 569 4704 homo
588 4650 668 4724 post
687 4649 832 4705 mortem
852 4637 956 4714 venit,
972 4644 1009 4700 et
1027 4632 1110 4718 ¹¹¹qui
1128 4641 1209 4696 tunc
1228 4634 1373 4693 vocatur
1389 4621 1463 4706 spi·
