3418 5370
461 679 512 730 ors
535 679 672 731 orvnm
695 679 1051 732 onovmnnmn-u.
1072 667 1143 751 318.
1326 669 1387 750 265

258 849 440 918 intellediu
471 861 672 935 permaneat
702 854 736 918 in
766 863 958 930 aeternum,
990 874 1060 919 non
1082 865 1200 921 autern
1230 852 1266 920 id
1295 853 1388 940 quod

260 947 367 1010 modo
389 947 630 1013 confirmatum
653 960 708 1014 est
731 951 776 1012 ab
805 948 996 1014 intelledtu.
1044 957 1102 1018 [2.]
1133 949 1236 1033 Quod
1259 951 1389 1016 attinet

261 1039 421 1118 Primum,
449 1043 547 1121 Quod
565 1043 655 1106 nihil
680 1065 743 1107 non
769 1045 969 1128 confirmari
990 1045 1113 1128 possit,
1138 1055 1171 1109 et
1200 1045 1293 1130 quod
1310 1045 1388 1126 sal·

258 1156 334 1202 sum
344 1149 432 1219 prae
446 1161 548 1203 vero:
571 1141 651 1223 quid
671 1160 740 1203 non
757 1150 876 1224 potest
893 1139 1097 1215 confirmari,
1115 1158 1192 1204 curn
1211 1141 1256 1204 ab
1274 1140 1389 1205 atheis

258 1233 492 1310 confirmatur,
524 1235 617 1319 quod
650 1235 743 1300 Deus
777 1255 847 1300 non
880 1237 926 1300 sit
960 1234 1105 1301 Creator
1135 1236 1297 1311 universi,
1326 1237 1387 1299 sed

257 1329 351 1413 quod
371 1341 494 1394 natura
516 1332 561 1395 sit
585 1333 736 1395 creatrix
760 1331 831 1411 sui;
859 1331 951 1414 quod
974 1332 1098 1414 religio
1120 1331 1165 1395 sit
1189 1331 1293 1395 modo
1312 1333 1388 1395 vin·

259 1424 385 1498 culum,
406 1446 446 1489 ac
472 1447 534 1508 pro
556 1426 767 1507 simplicibus
790 1436 827 1491 et
850 1447 914 1509 pro
936 1426 1066 1509 vulg03
1098 1426 1189 1510 quod
1213 1427 1319 1491 homo
1342 1429 1387 1493 sit

257 1520 348 1585 sicut
369 1522 493 1599 bestia,
514 1533 550 1586 et
570 1523 660 1605 quod
681 1522 846 1585 moriatur
865 1522 1044 1586 similiter:
1069 1541 1147 1586 cum
1166 1521 1388 1588 confirmatur

257 1616 351 1700 quod
367 1617 538 1682 adulteria
552 1619 622 1680 sint
640 1617 747 1692 licita,
762 1617 922 1682 similiter
941 1618 1033 1683 surta
1051 1617 1280 1692 clandestina,
1297 1618 1387 1682 irau-

256 1711 332 1786 des,
357 1721 394 1776 et
421 1714 696 1777 machinationes
719 1712 884 1793 dolosae;
917 1713 1010 1797 quod
1033 1713 1162 1777 astutia
1188 1713 1233 1776 sit
1256 1713 1386 1777 intelli·

257 1809 390 1890 igentia,
413 1829 454 1874 ac
482 1810 616 1873 malitia
638 1808 833 1891 sapientiai
878 1806 964 1892 Quis
991 1829 1061 1873 non
1084 1806 1266 1874 confirmat
1290 1829 1387 1875 suam

256 1901 441 1967 haeresin?
485 1903 615 1969 Annon
637 1904 815 1969 volumina
837 1904 1157 1970 confirmationibus
1180 1904 1284 1986 plena
1305 1915 1387 1971 sunt

257 2018 321 2081 pro
349 2000 437 2064 binis
467 2002 693 2082 regnantibus
725 2001 760 2063 in
783 1999 984 2066 Christiano
1003 1998 1121 2065 Orbei
1168 1998 1240 2063 Fac
1264 2001 1386 2066 decem

256 2091 420 2158 haereses
442 2097 548 2160 etiarn
572 2098 760 2170 abstrusas,
785 2105 822 2159 et
845 2096 899 2159 dic
924 2097 1107 2179 ingenioso
1128 2103 1167 2160 ut
1191 2095 1386 2174 confirmet,

256 2200 294 2253 et
310 2189 528 2256 confirmabit
542 2211 674 2256 omnes.
719 2189 756 2255 Si
774 2189 853 2254 illas
868 2191 949 2254 dein
964 2191 1092 2255 videris
1107 2189 1220 2254 solum
1237 2212 1283 2256 ex
1302 2212 1386 2256 con·

255 2282 412 2359 firmatis,
433 2306 549 2350 annon
568 2289 702 2351 visurus
721 2307 759 2350 es
776 2286 864 2351 salsa
881 2297 920 2352 ut
938 2286 1043 2351 vera?
1088 2283 1262 2369 Quoniam
1282 2307 1386 2352 omne

255 2377 380 2444 l'alsum
399 2381 492 2445 lucet
510 2382 544 2445 in
563 2382 711 2447 naturali
730 2382 870 2446 homine
889 2402 935 2446 ex
954 2383 1168 2464 apparentiis
1186 2391 1224 2446 et
1241 2383 1387 2448 fallaciis

256 2473 340 2556 ejus,
360 2485 396 2540 et
418 2496 487 2540 non
510 2497 630 2542 verum
654 2478 719 2541 nisi
741 2479 775 2541 in
799 2477 969 2559 spirituali
988 2477 1143 2553 homine,
1162 2487 1274 2560 patet,
1294 2480 1386 2562 quod

255 2569 380 2635 salsum
399 2592 480 2654 prae
497 2594 581 2638 vero
599 2575 710 2655 possit
727 2571 931 2636 confirmari.
977 2577 1035 2638 [3.]
1067 2571 1119 2637 Ut
1138 2575 1277 2648 sciatur,
1295 2575 1387 2656 quod

254 2685 360 2730 omne
382 2667 505 2732 salsum
528 2679 565 2734 et
588 2687 692 2734 omne
714 2667 842 2732 malum
866 2668 978 2751 possit
1001 2667 1197 2732 confirmari
1220 2689 1327 2752 usque
1350 2680 1387 2734 ut

254 2759 379 2826 laisum
398 2774 565 2846 appareat
589 2766 679 2829 sicut
701 2782 832 2839 verum,
853 2783 893 2828 ac
917 2764 1047 2828 malurn
1066 2764 1156 2828 sicut
1179 2764 1320 2840 bonum,
1341 2766 1387 2830 sit

256 2876 319 2939 pro
330 2859 515 2942 exemplo:
534 2860 766 2934 confirmetur,
780 2860 872 2944 quod
889 2859 950 2923 lux
966 2861 1037 2923 sint
1053 2859 1219 2924 tenebrae
1235 2871 1271 2924 et
1287 2872 1386 2925 tene·

256 2952 340 3016 brae
359 2953 429 3018 lux.
476 2956 644 3021 Potestne
664 2957 743 3031 dici,
760 2953 885 3038 “Quid
905 2955 967 3019 lux
987 2956 1021 3019 in
1040 2954 1101 3018 se?
1147 2954 1238 3019 Num
1257 2956 1303 3020 sit
1324 2957 1389 3020 nisi

254 3049 431 3132 quoddam
447 3073 618 3135 apparens
637 3055 670 3117 in
688 3051 789 3116 oculo
805 3053 993 3115 secundum
1009 3060 1138 3115 statum
1155 3051 1250 3132 ejus?
1284 3050 1388 3134 Quid

255 3143 318 3208 lux
335 3147 454 3210 clauso
466 3148 592 3212 oculo?
632 3147 764 3212 Annon
776 3147 1080 3230 vespertilionibus
1093 3157 1130 3210 et
1147 3144 1281 3210 noctuis
1297 3148 1388 3212 tales

254 3241 347 3306 oculi
369 3244 476 3309 sunt?
512 3246 679 3310 videntne
700 3245 812 3309 lucem
836 3254 874 3309 ut
898 3244 1074 3319 tenebras,
1094 3263 1134 3307 ac
1159 3244 1323 3308 tenebras
1347 3255 1387 3310 ut

253 3337 394 3404 lucem?
443 3339 572 3404 Audivi
602 3342 647 3406 de
676 3340 881 3424 quibusdam
911 3339 1004 3423 quod
1035 3338 1193 3402 similiter
1219 3339 1386 3418 viderint;

254 3433 368 3517 deque
390 3434 612 3499 infernalibus
634 3437 727 3520 quod
751 3436 895 3500 tametsi
913 3437 948 3499 in
979 3435 1133 3501 tenebris
1161 3443 1254 3509 sunt,
1280 3455 1387 3518 usque

254 3549 295 3594 se
318 3540 439 3595 mutuo
458 3533 611 3596 videant.
656 3531 787 3596 Annon
812 3532 872 3595 lux
896 3542 951 3597 est
973 3530 1105 3594 homini
1127 3530 1162 3594 in
1185 3532 1331 3624 somniis
1352 3531 1386 3595 in

256 3626 371 3688 media
390 3624 493 3691 noeti.
539 3626 671 3690 Annon
690 3629 737 3691 sic
758 3627 925 3692 tenebrae
944 3635 1025 3690 sunt
1047 3626 1120 3700 lux,
1140 3634 1177 3689 et
1201 3624 1262 3688 lux
1286 3636 1386 3692 tene·

254 3719 378 3784 brae?’'
422 3721 492 3786 Sed
507 3723 710 3806 responderi
726 3733 857 3806 potest,
877 3720 1001 3804 “Quid
1016 3719 1109 3784 hoc?
1153 3719 1233 3784 Lux
1251 3731 1306 3785 est
1325 3721 1386 3786 lux

253 3816 345 3880 sicut
367 3837 486 3881 verum
508 3829 563 3881 est
590 3838 721 3894 verum,
745 3828 782 3882 et
812 3819 979 3882 tenebrae
1003 3825 1083 3880 sunt
1107 3816 1274 3881 tenebrae
1297 3819 1386 3883 sicut

254 3911 378 3976 salsum
397 3924 452 3979 est
470 3913 623 3978 salsum.”
667 3920 726 3981 [4.l
754 3912 807 3979 Sit
825 3914 937 3978 adhuc
957 3911 1178 3994 exemplum:
1201 3912 1385 3977 confirme-

253 4017 312 4072 tur
327 4010 419 4091 quod
438 4030 563 4075 corvus
587 4010 632 4073 sit
653 4007 762 4073 albus.
808 4007 940 4072 Annon
959 4017 1076 4090 potest
1096 4008 1175 4082 dici,
1198 4007 1386 4090 “Nigredo

251 4102 327 4185 ejus
353 4114 407 4170 est
437 4106 542 4171 modo
568 4107 699 4181 umbra,
728 4125 817 4188 quae
848 4125 917 4168 non
948 4113 1004 4169 est
1033 4103 1128 4169 reale
1159 4102 1253 4186 ejus?
1299 4103 1387 4168 Sunt

253 4218 390 4283 pennae
409 4200 480 4284 ejus
499 4202 591 4265 intus
609 4201 721 4276 albae,
737 4220 862 4283 corpus
880 4199 1059 4278 similiter;
1095 4207 1177 4262 sunt
1199 4199 1284 4263 haec
1305 4200 1384 4263 sub·

251 4298 407 4362 stantiae
440 4319 486 4362 ex
519 4298 642 4382 quibus
675 4295 757 4360 ille:
789 4298 869 4381 quia
891 4297 1037 4379 nigredo
1063 4295 1136 4377 ejus
1166 4305 1221 4360 est
1252 4295 1383 4373 umbra,

252 4391 334 4459 ideo
352 4393 499 4459 albescit
518 4414 642 4458 corvus
658 4413 735 4458 cum
754 4389 794 4457 fit
812 4412 942 4470 senex3
973 4391 1035 4456 visi
1053 4401 1134 4457 sunt
1154 4391 1255 4457 tales.
1293 4388 1385 4474 Quid

251 4489 389 4572 nigrum
419 4491 453 4553 in
484 4510 522 4553 se
549 4489 613 4552 nisi
640 4507 742 4573 quarn
770 4487 911 4552 alburni
955 4485 1051 4550 Mole
1079 4488 1208 4552 vitrum
1236 4487 1384 4570 nigrum,

252 4594 291 4649 et
312 4584 447 4649 videbis
470 4585 563 4668 quod
587 4583 710 4667 pulvis'
729 4585 775 4647 sit
798 4582 918 4662 albus3
950 4603 1055 4665 quare
1078 4600 1156 4646 cum
1178 4602 1284 4646 vocas
1308 4603 1384 4647 cor·

252 4698 336 4743 vum
361 4681 508 4762 nigrum,
533 4679 683 4763 loqueris
706 4699 752 4743 ex
771 4677 906 4754 umbra,
929 4687 966 4742 et
993 4696 1062 4741 non
1082 4697 1128 4740 ex
1157 4675 1271 4744 reali.''
1315 4676 1384 4741 Sed
