3424 5368
510 625 559 675 DE
584 623 721 674 DIVINA
745 623 1101 676 PROVIDENTIA.-N.
1126 629 1197 677 220.
1344 631 1408 706 159

275 800 427 868 hominis
450 817 527 863 cum
551 797 701 862 Domino
724 817 784 880 per
805 794 911 872 illam,
932 794 1052 860 multis
1075 817 1177 880 supra
1199 795 1314 865 adium
1337 809 1404 868 est.

279 909 336 974 [6.]
369 894 519 978 Quinto:
548 892 645 972 Quod
663 890 826 956 Dominus
848 892 1031 976 conjungat
1058 891 1223 958 hominem
1246 893 1324 960 Sibi
1339 905 1406 980 per

272 989 610 1072 correspondentias,·
632 987 699 1052 hoc
718 985 757 1051 fit
776 986 890 1051 medio
910 985 1039 1063 Verbo,
1057 987 1151 1072 cujus
1169 1011 1290 1056 sensus
1309 990 1404 1058 litte·

275 1107 334 1150 rae
357 1109 403 1151 ex
426 1087 528 1149 meris
551 1084 866 1168 correspondentiis
890 1084 1074 1164 consistit;
1108 1087 1199 1169 quod
1223 1108 1284 1170 per
1307 1087 1405 1154 illum

275 1201 416 1246 sensum
440 1183 485 1246 sit
509 1179 705 1263 conjundtio
727 1179 867 1244 Domini
891 1199 968 1244 cum
991 1181 1142 1258 homine,
1167 1194 1203 1246 et
1228 1187 1406 1268 reciproca

275 1277 425 1343 hominis
444 1298 521 1341 cum
542 1276 703 1352 Domino,
723 1275 757 1339 in
780 1274 944 1339 Doctrina
962 1274 1079 1339 Novae
1095 1277 1348 1361 Hierosohrmae
1365 1281 1406 1345 de

275 1373 458 1456 §emptura
475 1372 592 1448 Sacra,
613 1394 633 1435 a
651 1372 819 1456 principio
838 1371 882 1435 ad
902 1367 1015 1446 finem,
1036 1382 1214 1436 ostensum
1234 1385 1300 1439 est.

340 1483 437 1532 220.
472 1467 547 1550 (iv.)
585 1466 683 1546 Quod
710 1465 990 1548 temporariorum
1022 1488 1063 1531 ac
1094 1478 1303 1533 aeternorum
1329 1491 1403 1532 con·

270 1561 407 1647 junctio
432 1564 528 1645 apud
549 1562 712 1626 hominem
738 1563 785 1625 sit
810 1561 939 1626 Divina
968 1560 1106 1626 Domini
1128 1563 1405 1629 Providentia.-

276 1656 346 1722 Sed
373 1657 458 1721 haec
482 1660 560 1741 quia
589 1679 657 1722 non
688 1659 722 1721 in
753 1658 897 1740 primam
921 1655 1119 1722 intelledtus
1142 1662 1403 1744 perceptionem

276 1764 421 1836 possunt
445 1754 579 1830 cadere,
605 1753 668 1816 nisi
692 1754 783 1834 prius
806 1753 1008 1836 redigantur
1034 1754 1067 1816 in
1090 1755 1258 1831 ordinem,
1282 1777 1322 1820 ac
1346 1777 1402 1821 se·

274 1849 424 1912 cundum
444 1847 539 1911 illum
556 1848 761 1912 evolvantur
777 1858 813 1911 et
832 1848 1123 1924 demonstrentur,
1141 1870 1245 1934 quare
1263 1849 1317 1915 hic
1337 1852 1403 1918 erit

273 1941 410 2007 illorum
430 1943 535 2008 ordo:

455 2097 496 2165 (i.)
524 2097 609 2168 Quod
620 2114 656 2150 ex
671 2098 788 2151 Deianira
804 2096 1003 2150 Providentia
1018 2101 1066 2160 sit,
1079 2099 1158 2168 quod
1168 2097 1250 2153 homo
1256 2105 1315 2170 per
1325 2117 1403 2156 mor·

594 2175 650 2222 tem
674 2174 766 2222 exuat
788 2168 944 2222 naturalr'a
968 2185 1004 2222 oc
1026 2173 1217 2241 temporaria,
1237 2188 1273 2224 ac
1296 2172 1404 2228 :aduae

594 2239 768 2310 spiritualia
781 2255 816 2292 ac
827 2245 954 2294 octana.

445 2311 498 2380 (ii.)
527 2311 613 2380 Quod
621 2311 767 2364 Dominus
772 2314 830 2381 per
842 2311 989 2364 Dionnum
1004 2326 1088 2364 strom
1100 2311 1325 2366 Providentiam
1337 2331 1403 2369 con·

585 2383 702 2453 jungat
718 2381 754 2434 Se
772 2381 960 2434 naturalibus
972 2385 1030 2452 per
1043 2383 1227 2451 spritiualru,
1243 2401 1280 2437 ac
1296 2389 1403 2456 tempo-

594 2456 691 2506 rariis
699 2457 755 2523 per
766 2459 894 2514 aeterna,
906 2452 1060 2506 secundum
1075 2470 1149 2508 uuus.

435 2523 499 2593 (iii.)
526 2524 613 2594 Quod
626 2525 772 2578 Dominus
789 2525 929 2594 conjugat
949 2524 985 2576 Se
1003 2524 1100 2578 usr'bus
1112 2529 1170 2596 per
1183 2526 1402 2595 corresponden-

594 2597 661 2656 tias,
679 2600 707 2647 et
723 2597 766 2648 sic
784 2598 841 2664 per
859 2597 1052 2664 apparentr'as
1071 2595 1227 2649 secundum
1248 2598 1402 2666 confirma·

594 2668 685 2719 tr'ones
696 2665 732 2718 ab
743 2665 865 2718 homr'ne.

444 2737 497 2810 iv.)
525 2736 611 2807 Quod
619 2736 690 2789 talr's·
697 2752 748 2789 con
758 2735 858 2789 'undio
867 2739 1113 2805 tempororr'orum
1123 2754 1159 2790 ac
1170 2744 1353 2793 aeternorum
1362 2743 1403 2795 sit

594 2807 709 2861 Duum
751 2805 919 2860 rovr'dentia

274 2981 342 3048 Sed
362 2982 448 3047 haec
467 2982 649 3046 mittentur
671 2982 705 3044 in
724 2980 903 3044 clariorem
923 2980 1034 3044 lucem
1054 3002 1115 3064 per
1134 2983 1399 3064 explicationes.

273 3090 333 3151 [2.]
365 3079 532 3142 Primum:
560 3076 658 3156 Quod
674 3097 717 3138 ex
739 3075 866 3138 Divina
888 3074 1111 3138 Providentia
1132 3076 1180 3139 sit
1200 3079 1292 3161 quod
1305 3078 1401 3143 homo

268 3182 335 3252 per
354 3184 490 3236 mortem
504 3180 608 3234 exuat
625 3169 800 3234 naturalia
817 3179 849 3232 et
867 3169 1084 3250 temporaria,
1099 3191 1141 3234 ac
1155 3171 1276 3236 induat
1294 3174 1399 3255 spiri·

271 3269 383 3331 tualia
400 3288 440 3331 ac
457 3276 606 3330 aeterna.
653 3265 835 3329 Naturalia
853 3275 889 3328 et
914 3266 1123 3346 temporaria
1141 3276 1220 3329 sunt
1241 3280 1400 3332 extrema

270 3383 312 3427 ac
333 3363 465 3437 ultima,
482 3363 517 3425 in
536 3383 622 3444 quae
641 3361 746 3424 homo
761 3361 907 3444 primum
924 3361 1040 3434 intrat,
1058 3361 1149 3444 quod
1169 3359 1206 3425 fit
1226 3383 1302 3426 cum
1320 3385 1399 3428 nas·

270 3460 371 3533 citur,
397 3459 442 3522 ob
465 3477 603 3536 causam
628 3466 664 3519 ut
688 3457 766 3520 dein
792 3458 901 3538 possit
925 3456 1096 3520 introduci
1119 3458 1152 3519 in
1177 3459 1340 3524 interiora
1362 3470 1399 3526 et

271 3556 468 3635 superiora;
496 3561 653 3616 extrema
676 3553 766 3616 enim
790 3573 830 3616 ac
851 3552 970 3616 ultima
990 3562 1070 3616 sunt
1091 3554 1332 3634 continentia3
1362 3566 1398 3620 et

271 3650 358 3713 haec
376 3659 453 3712 sunt
473 3650 506 3711 in
527 3648 675 3711 naturali
692 3649 830 3711 mundo.
877 3647 961 3712 Inde
978 3658 1031 3712 est
1051 3649 1143 3731 quod
1161 3649 1273 3714 nullus
1289 3672 1396 3735 ange·

272 3745 326 3809 lus
350 3755 385 3810 et
410 3745 548 3828 spiritus
566 3745 763 3808 immediate
781 3753 919 3808 creatus
938 3745 993 3818 sit,
1014 3745 1075 3808 sed
1095 3744 1187 3828 quod
1208 3767 1329 3811 omnes
1349 3747 1399 3812 illi

270 3843 419 3924 primum
450 3841 523 3903 nati
553 3840 622 3903 sint
651 3839 819 3914 homines,
844 3847 879 3902 et
910 3840 957 3902 sic
985 3838 1193 3919 introdud'ti;
1228 3842 1307 3907 inde
1330 3842 1399 3908 illis

271 3949 354 4003 sunt
385 3948 545 4000 extrema
568 3955 607 3998 ac
633 3933 766 4008 ultima,
791 3935 933 4016 quaein
958 3955 994 3999 se
1018 3946 1098 4000 sunt
1122 3934 1192 4000 fixa
1215 3945 1251 4001 et
1282 3949 1397 4018 stata3

270 4035 363 4099 intra
379 4053 466 4115 quae
482 4041 517 4094 et
537 4052 558 4093 a
576 4030 696 4112 quibus
713 4030 875 4093 interiora
893 4030 928 4093 in
946 4049 1039 4094 nexu
1056 4043 1201 4114 possunt
1217 4036 1397 4099 contineri.

273 4142 332 4204 [3.]
363 4126 431 4192 Sed
451 4127 556 4190 homo
573 4125 716 4208 primum
733 4124 842 4188 induit
859 4125 1026 4188 crassiora
1042 4138 1206 4208 naturae3
1230 4128 1302 4211 ejus
1321 4151 1397 4195 cor·

270 4243 335 4306 pus
358 4245 404 4287 ex
428 4222 495 4286 illis
519 4232 595 4298 est;
623 4220 684 4284 sed
707 4220 793 4283 haec
817 4241 877 4303 per
900 4230 1048 4284 mortem
1072 4224 1180 4300 exuit,
1205 4245 1245 4288 ac
1268 4228 1398 4292 retinet

271 4320 409 4402 puriora
428 4329 582 4392 naturae,
601 4338 690 4400 quae
710 4318 867 4398 proxima
885 4315 1116 4399 spiritualibus
1139 4329 1231 4396 sunt,
1251 4332 1287 4385 et
1309 4322 1396 4387 haec

271 4424 352 4478 sunt
384 4425 466 4478 tunc
497 4413 567 4496 ejus
591 4413 818 4476 continentia.
866 4411 1049 4475 Praeterea
1078 4413 1112 4475 in
1143 4417 1310 4480 extremis
1338 4438 1397 4482 seu

271 4510 404 4574 ultimis
423 4519 503 4574 sunt
519 4509 634 4572 omnia
652 4508 829 4572 interioria
847 4528 907 4570 seu
925 4507 1101 4591 superiora
1119 4509 1231 4586 simul,
1249 4521 1288 4576 ut
1306 4512 1398 4596 prius

271 4604 308 4668 in
331 4606 400 4669 suis
419 4605 505 4669 locis
524 4615 703 4669 ostensum
727 4613 802 4684 est;
829 4624 932 4687 quare
952 4605 1063 4668 omnis
1082 4605 1239 4688 operatio
1257 4605 1398 4671 Domini
