3448 5374
516 699 567 750 oa
591 697 726 750 mvruo
749 697 895 764 nunna,
916 697 1009 749 rans
1031 696 1147 748 ν.-Ν.
1165 685 1238 766 408.
1383 700 1440 770 195

317 874 446 939 claudit
470 872 560 935 viam
583 890 645 952 pro
667 869 891 952 respiratione
910 869 1094 953 pulmonis,
1115 869 1206 953 quod
1228 867 1334 935 homo
1357 880 1440 936 tunc

316 978 481 1052 appareat
496 969 584 1030 sicut
602 977 766 1042 mortuus,
785 966 868 1029 nihil
885 967 1014 1032 sentiat
1030 976 1066 1031 et
1083 966 1166 1030 nihil
1182 977 1278 1049 agat,
1296 976 1332 1033 et
1349 967 1440 1052 quod

316 1086 421 1148 usque
449 1066 543 1128 vivat
574 1063 688 1138 corde,
713 1071 831 1126 notum
849 1071 923 1141 est3
957 1062 1048 1126 redit
1078 1063 1169 1126 enim
1199 1063 1234 1126 in
1261 1072 1441 1148 utramque

315 1163 434 1236 vitam,
449 1158 649 1222 sensitivam
666 1167 701 1221 et
718 1154 875 1233 activam,
890 1167 927 1221 ut
944 1157 1353 1240 primumobstipationes
1364 1158 1440 1242 pul·

315 1257 426 1320 monis
444 1264 598 1319 remotae
618 1263 707 1317 sunt.
752 1250 899 1337 Sanguis
918 1253 1056 1336 quidem
1075 1253 1209 1318 interea
1231 1255 1305 1336 agit
1329 1254 1438 1318 circu·

315 1353 384 1416 lum
404 1372 464 1434 per
483 1350 691 1432 pulmonem,
708 1350 769 1412 sed
788 1368 849 1431 per
866 1350 1010 1413 arterias
1028 1357 1065 1414 et
1084 1369 1190 1413 venas
1206 1348 1438 1431 pulmonares,

315 1449 376 1512 sed
400 1467 469 1509 non
492 1465 553 1528 per
578 1445 724 1509 arterias
753 1453 789 1508 et
818 1463 924 1508 venas
948 1443 1177 1522 bronchiales‚
1201 1454 1238 1509 et
1265 1443 1333 1508 hae
1352 1444 1438 1512 dant

313 1541 443 1606 homini
476 1538 678 1603 facultatem
708 1538 906 1620 respirandi.
955 1535 1074 1603 Simile
1107 1547 1162 1602 est
1195 1557 1272 1602 cum
1307 1537 1439 1605 influxu

313 1637 438 1701 amoris
455 1637 488 1698 in
507 1631 731 1698 intellectum.

375 1732 481 1814 4⁰8·
505 1727 573 1814 (x.)
601 1728 698 1808 Quod
717 1749 813 1792 amor
833 1749 891 1792 seu
913 1727 1068 1793 voluntas
1086 1726 1280 1795 introducat
1300 1730 1436 1813 sapr'en·

313 1827 396 1892 tiam
404 1848 462 1890 seu
472 1825 670 1890 intellectum
682 1824 717 1888 in
729 1823 841 1887 omnia
851 1824 968 1888 domus
980 1824 1180 1891 suaa-Per
1189 1826 1328 1890 domum
1339 1846 1436 1893 amo·

312 1923 358 1987 ris
373 1943 432 1987 seu
446 1921 633 1984 voluntatis
646 1918 853 2002 intelligitur
865 1927 960 1984 totus
975 1919 1082 1984 homo
1094 1922 1207 2004 quoad
1219 1922 1334 1986 omnia
1349 1942 1436 2006 quae

312 2018 382 2101 ejus
405 2017 531 2080 mentis
550 2026 650 2093 sunt;
680 2036 767 2099 quae
790 2017 868 2099 quia
886 2017 1158 2098 correspondent
1178 2017 1337 2081 omnibus
1359 2038 1435 2084 cor-

312 2114 413 2196 poris,
433 2111 484 2194 (ut
501 2133 603 2194 supra
619 2122 794 2175 ostensum
812 2109 894 2193 est‚)
912 2131 973 2194 per
988 2113 1129 2177 domum
1146 2113 1251 2176 etiam
1269 2112 1435 2196 intelligi·

312 2217 367 2272 tur
386 2219 480 2272 totus
499 2207 605 2270 homo
620 2208 733 2290 quoad
750 2208 865 2270 omnia
881 2227 967 2290 quae
984 2204 1055 2288 ejus
1072 2208 1223 2291 corporis
1240 2218 1331 2284 sunt,
1348 2228 1436 2293 quae

311 2312 477 2366 vocantur
493 2300 657 2375 membra,
675 2321 806 2382 organa
824 2311 859 2364 et
877 2302 1020 2366 viscera.
1065 2299 1168 2384 Quod
1189 2301 1306 2385 pulmo
1325 2304 1433 2368 intro·

310 2399 454 2462 ducatur
483 2397 517 2460 in
542 2397 657 2460 omnia
680 2395 749 2472 illa,
770 2397 927 2461 similiter
959 2404 996 2462 ut
1025 2395 1224 2461 intellectus
1254 2397 1288 2461 in
1319 2399 1435 2462 omnia

311 2495 444 2568 mentis,
466 2503 625 2556 constare
645 2501 762 2574 potest
786 2512 831 2554 ex
855 2491 922 2556 illis
946 2511 1033 2574 quae
1051 2513 1153 2574 supra
1172 2502 1314 2557 ostensa
1332 2501 1432 2558 sunt:

311 2600 357 2664 ut,
379 2587 480 2671 Quod
500 2606 596 2650 amor
614 2607 673 2650 seu
696 2585 858 2650 voluntas
877 2597 1059 2668 praeparet
1079 2588 1219 2651 domum
1239 2608 1298 2651 seu
1318 2587 1432 2652 thala·

310 2703 402 2749 mum
420 2703 481 2765 pro
496 2682 609 2746 sutura
624 2680 781 2764 conjuge,
799 2701 884 2764 quae
901 2692 955 2746 est
974 2683 1145 2764 sapientia
1160 2703 1219 2746 seu
1236 2679 1432 2748 intellectus

311 2777 357 2864 (n.
376 2777 475 2862 402):
501 2788 547 2853 et,
569 2775 670 2860 Quod
690 2798 787 2842 amor
804 2798 864 2841 seu
884 2777 1046 2842 voluntas
1065 2790 1246 2861 praeparet
1265 2780 1380 2842 omnia
1397 2779 1432 2843 in

308 2876 456 2939 humana
479 2894 539 2936 sua
560 2873 678 2948 forma,
699 2893 758 2936 seu
780 2873 814 2936 in
839 2893 901 2937 sua
923 2875 1039 2948 domo,
1060 2883 1098 2937 ut
1122 2870 1329 2956 conjunctim
1353 2891 1431 2940 cum

309 2969 477 3052 sapientia
500 2989 560 3031 seu
583 2967 762 3032 intellectu
787 2971 896 3052 possit
921 2989 1024 3052 agere
1053 2967 1101 3052 (n.
1130 2968 1222 3052 403).
1268 2970 1324 3032 Ex
1350 2969 1428 3048 illis,

308 3085 394 3149 quae
414 3063 458 3127 ibi
477 3060 569 3127 dicta
589 3073 680 3140 sunt,
701 3074 811 3146 patet,
832 3065 923 3147 quod
943 3066 1058 3128 omnia
1077 3073 1113 3128 et
1138 3063 1274 3146 singula
1298 3065 1331 3127 in
1351 3073 1430 3130 toto

307 3180 448 3243 corpore
472 3178 532 3241 per
555 3160 680 3222 emissa
702 3180 721 3222 e
745 3160 864 3235 costis,
889 3159 1068 3234 vertebris,
1089 3168 1220 3232 sterno,
1241 3160 1428 3240 diaphrag-

307 3264 408 3331 mate,
426 3257 627 3337 peritonaeo
644 3255 735 3337 quod
754 3274 799 3318 ex
819 3255 885 3318 illis
901 3255 1043 3336 pendet,
1061 3254 1261 3335 ligamenta,
1278 3256 1327 3317 ita
1344 3273 1427 3318 con·

307 3372 398 3416 nexa
417 3352 496 3426 sint,
518 3361 554 3414 ut
574 3351 765 3432 respirante
785 3350 949 3431 pulmone
967 3350 1151 3414 trahantur
1169 3358 1205 3413 et
1224 3349 1374 3413 serantur
1393 3351 1427 3414 in

305 3443 401 3512 actus
420 3447 574 3509 alternos
593 3447 759 3510 similiter.
805 3445 906 3527 Quod
926 3445 1062 3510 alterna
1074 3445 1306 3526 respirationis
1322 3444 1427 3510 etiam

305 3542 435 3606 intrent
466 3543 499 3604 in
523 3543 597 3625 ipsa
619 3543 750 3604 viscera
770 3563 874 3623 usque
898 3541 941 3605 ad
964 3561 1119 3605 recessus
1138 3559 1254 3604 eorum
1273 3541 1426 3619 intimos,

305 3657 349 3702 cx
366 3648 528 3700 anatome
546 3647 704 3700 constare
722 3647 839 3718 potest
854 3658 862 3714 3
883 3654 962 3699 nam
977 3636 1168 3718 ligamenta
1180 3655 1281 3719 supra
1294 3655 1425 3702 memo·

303 3743 379 3796 rata
403 3733 589 3795 cohaerent
612 3731 795 3794 involucris
815 3734 996 3807 viscerum,
1016 3753 1055 3796 ac
1079 3731 1257 3796 involucra
1278 3753 1339 3813 per
1361 3752 1426 3796 ex·

301 3829 472 3892 certiones
485 3828 614 3891 intrant
628 3848 733 3910 usque
751 3829 793 3889 ad
807 3829 928 3891 intima
940 3847 1068 3903 eorum,
1082 3828 1285 3892 sicutetiam
1297 3827 1426 3894 iaciunt

303 3925 449 3988 arteriae
469 3933 505 3987 et
524 3944 633 3987 venae
653 3944 712 4006 per
730 3921 1008 3988 ramilicationes.
1055 3923 1140 3988 Inde
1160 3931 1323 3986 constare
1346 3930 1425 4005 pot·

302 4029 368 4094 est,
393 4019 484 4102 quod
514 4021 694 4102 respiratio
724 4019 896 4102 pulmonis
927 4021 962 4082 in
992 4020 1085 4085 omni
1115 4014 1356 4100 conjunctione
1379 4020 1425 4085 sit

303 4133 380 4178 cum
404 4115 509 4177 corde
538 4116 571 4177 in
596 4115 753 4177 omnibus
777 4125 812 4178 et
836 4115 979 4197 singulis
1003 4114 1178 4196 corporis:
1212 4123 1316 4197 utque
1339 4132 1424 4177 con·

297 4206 428 4288 junctio
444 4208 642 4271 omnimoda
658 4209 712 4281 sit,
731 4210 836 4272 etiam
854 4210 964 4292 ipsum
981 4228 1039 4272 cor
1058 4209 1091 4271 in
1111 4206 1311 4290 pulmonico
1327 4217 1425 4272 motu

301 4313 367 4378 est,
384 4303 476 4384 jacet
496 4305 587 4366 enim
608 4305 640 4368 in
660 4305 735 4366 sinu
755 4305 937 4386 pulmonis,
958 4313 993 4368 et
1013 4303 1178 4367 cohaeret
1202 4304 1233 4366 ei
1255 4323 1315 4386 per
1334 4303 1423 4366 auri·

300 4399 407 4472 cuias,
421 4409 456 4462 et
474 4400 576 4461 cubat
594 4419 696 4482 super
712 4399 986 4481 diaphragmate,
1001 4421 1046 4462 ex
1070 4419 1138 4482 quo
1154 4398 1258 4463 etiam
1275 4397 1423 4461 arteriae

299 4493 372 4574 ejus
402 4515 447 4556 ex
478 4504 573 4556 motu
597 4494 795 4576 pulmonico
818 4494 1039 4576 participant.
1085 4492 1268 4556 Praeterea
1291 4493 1421 4556 ventri-

299 4589 396 4651 culus
429 4590 463 4651 in
493 4588 594 4652 simili
621 4585 861 4670 conjunctione
890 4598 944 4652 est
977 4609 1038 4672 per
1067 4587 1322 4652 cohaerentiam
1349 4585 1422 4670 ejus

299 4683 489 4768 oesophagi
517 4703 594 4746 cum
622 4683 763 4748 trachia.
810 4681 908 4748 Haec
931 4682 1129 4748 anatomica
1150 4675 1300 4747 addueta
1325 4687 1418 4761 sunt,
