3352 5374
312 665 372 730 134
661 660 863 710 SAPIENTIA
886 661 1080 710 ANGELICA

306 835 341 898 in
357 834 554 916 caliginem,
572 844 607 896 et
627 830 786 895 activitas
806 834 838 894 in
856 835 1024 896 inertiam.
1070 834 1136 896 Sed
1157 855 1260 916 usque
1277 835 1431 899 tulerunt

306 953 367 1015 per
382 933 679 996 continuationem
699 951 744 992 ex
762 931 955 994 substantia
976 930 1066 994 Solis
1083 933 1267 1013 spiritualis
1287 933 1319 995 id
1339 934 1431 1014 quod

306 1031 352 1094 ibi
376 1052 395 1093 a
420 1031 545 1092 Divino
564 1029 637 1100 luit,
659 1029 761 1110 quod,
783 1037 820 1090 ut
844 1048 944 1109 supra
966 1028 1195 1109 (n.291-298)
1216 1027 1430 1105 dictumest,

305 1127 368 1192 luit
388 1129 534 1210 sphaera
553 1129 708 1189 ambiens
730 1127 840 1188 Deum
861 1126 1047 1189 Hominem
1066 1149 1125 1188 seu
1149 1129 1352 1190 Dominum:
1384 1149 1430 1191 ex

306 1226 370 1290 hac
388 1227 533 1308 sphaera
551 1246 609 1306 per
626 1227 924 1287 continuationem
944 1246 963 1286 a
980 1223 1060 1287 Sole
1074 1227 1194 1287 mediis
1208 1226 1429 1307 atmosphae-

305 1323 350 1388 ris
370 1336 468 1388 ortae
488 1333 566 1386 sunt
585 1323 798 1384 substantiae
818 1333 854 1385 et
874 1325 1041 1384 materiae
1060 1343 1078 1384 e
1097 1323 1218 1404 quibus
1238 1333 1361 1386 terrae.

369 1423 475 1504 306·
505 1419 613 1502 Origo
633 1433 798 1482 terrarum
823 1441 844 1482 a
867 1418 948 1484 Sole
967 1422 1136 1501 spirituali
1157 1423 1278 1483 mediis
1297 1431 1429 1484 atmos-

306 1519 443 1604 phaeris
462 1540 522 1602 per
541 1538 644 1581 voces
668 1539 713 1581 ex
738 1518 950 1581 naturalibus
969 1518 1054 1580 ideis
1074 1518 1218 1581 fluentes
1239 1539 1307 1581 non
1327 1519 1431 1582 aliter

304 1618 450 1681 describi
468 1627 597 1699 potest,
612 1617 671 1678 sed
689 1625 807 1698 potest
823 1615 925 1678 aliter
941 1636 1002 1698 per
1014 1635 1117 1679 voces
1133 1637 1177 1678 ex
1195 1617 1431 1699 spiritualibus

304 1717 401 1790 ideis,
422 1716 500 1798 qnia
523 1714 588 1777 hae
611 1715 741 1796 absque
764 1715 878 1795 spatio
897 1724 1000 1790 sunt;
1035 1725 1070 1777 et
1094 1716 1170 1796 quia
1195 1726 1275 1779 sunt
1299 1714 1430 1796 absque

304 1815 428 1896 spatio,
459 1833 527 1876 non
558 1813 687 1876 cadunt
717 1813 751 1874 in
781 1810 912 1893 aliquas
946 1831 1050 1876 voces
1085 1812 1221 1892 linguae
1252 1812 1429 1875 naturalis.

270 1931 274 1938 ·
305 1909 407 1993 Quod
438 1911 681 1991 cogitationes,
712 1909 871 1992 loquelae
901 1919 937 1973 et
967 1911 1154 1990 scripturae
1183 1909 1379 1992 spirituales
1408 1930 1429 1972 a

304 2008 584 2090 cogitationibus,
603 2007 748 2089 loquelis
764 2018 801 2071 et
820 2008 993 2088 scripturis
1010 2007 1221 2070 naturalibus
1241 2009 1428 2071 intantum

303 2107 475 2182 differant,
496 2116 532 2168 ut
551 2126 619 2169 non
639 2105 767 2188 aliquid
786 2125 968 2170 commune
987 2105 1151 2180 habeant,
1169 2114 1204 2169 et
1223 2106 1315 2187 quod
1332 2125 1429 2168 com·

304 2207 481 2270 municent
504 2203 615 2268 solum
639 2224 699 2286 per
719 2204 1054 2287 correspondentias,
1073 2203 1233 2267 videatur
1251 2223 1353 2285 supra
1378 2202 1427 2284 (n.

303 2301 393 2387 295).
438 2300 531 2366 Satis
561 2301 677 2383 itaque
707 2312 772 2376 est,
793 2312 830 2366 ut
860 2303 959 2384 origo
982 2310 1148 2365 terrarum
1179 2301 1295 2383 aliquo
1322 2301 1429 2364 modo

304 2398 508 2465 naturaliter
526 2400 743 2482 percipiatur.

304 2691 417 2776 QUOD
441 2707 570 2758 OMNES
600 2707 701 2769 USUS,
722 2707 787 2772 QUI
819 2707 919 2759 SUNT
937 2707 1048 2758 FINES
1071 2706 1314 2769 CREATIONIS,
1338 2706 1426 2758 SINT

430 2805 471 2855 IN
494 2805 645 2866 Fortius,
667 2805 715 2854 ET
739 2805 842 2869 QUOD
862 2805 1017 2856 FORMAS
1036 2804 1242 2855 ACCIPIANT
1266 2805 1317 2854 Ex
1340 2805 1424 2856 SUB·

431 2902 605 2954 STANTIIS
624 2902 673 2952 ET
692 2903 877 2954 MATERIIS
895 2902 1043 2966 QUALES
1059 2901 1157 2952 SUNT
1180 2901 1221 2950 IN
1244 2902 1392 2953 TERRIS.

364 3095 465 3168 3⁰7·
495 3080 621 3147 Omnia
644 3082 688 3146 de
710 3083 832 3164 quibus
851 3080 1018 3146 hactenus
1038 3080 1168 3145 dictum
1191 3092 1257 3157 est,
1275 3093 1312 3145 ut
1337 3102 1424 3164 quae

301 3182 345 3246 de
361 3181 447 3257 sole,
461 3180 714 3263 atmosphaeris
733 3190 769 3243 et
786 3182 897 3254 terris,
914 3189 993 3243 sunt
1010 3179 1122 3242 solum
1141 3181 1253 3243 media
1269 3181 1312 3243 ad
1330 3178 1424 3242 fines.

301 3279 406 3344 Fines
426 3280 609 3343 creationis
627 3288 719 3352 sunt,
739 3298 827 3360 quae
845 3299 866 3340 a
885 3276 1036 3342 Domino
1055 3288 1092 3340 ut
1113 3276 1193 3341 Sole
1213 3299 1274 3359 per
1293 3287 1423 3340 atmos-

300 3377 445 3461 phaetas
469 3399 487 3442 e
519 3379 620 3441 terris
640 3377 883 3458 producuntur,
905 3384 940 3439 et
971 3375 1004 3438 hi
1029 3374 1111 3438 lines
1135 3385 1303 3439 vocantur
1323 3395 1424 3437 usus:

300 3485 337 3539 et
359 3474 393 3538 hl
416 3486 497 3539 sunt
520 3477 553 3538 in
573 3496 633 3538 sua
652 3475 858 3537 extensione
878 3474 994 3536 omnia
1012 3473 1108 3554 regni
1129 3473 1357 3555 vegetabilis;
1388 3482 1424 3535 et

300 3573 416 3636 omnia
438 3573 535 3654 regni
558 3573 727 3647 animalis,
748 3582 784 3635 et
807 3573 951 3634 tandem
971 3592 1080 3653 genus
1099 3570 1296 3643 humanum,
1318 3580 1354 3633 et
1378 3591 1422 3632 ex

300 3668 361 3732 illo
390 3669 523 3731 caelum
547 3668 755 3750 angelicum.
802 3669 899 3732 Haec
925 3690 1005 3731 usus
1028 3681 1209 3742 vocantur,
1235 3669 1313 3750 quia
1343 3678 1422 3731 sunt

298 3766 500 3848 recipientia
523 3765 666 3829 ¹¹1Divini
693 3767 833 3830 Amoris
863 3778 898 3830 et
930 3766 1074 3829 Divinae
1099 3763 1315 3847 Sapientiae;
1350 3775 1423 3829 tum

299 3865 377 3948 quia
396 3861 555 3945 spetiant
574 3865 619 3928 ad
639 3864 751 3929 Deum
771 3864 972 3929 Creatorem
992 3885 1013 3927 a
1035 3886 1114 3948 quo,
1135 3876 1170 3927 et
1192 3885 1251 3945 per
1279 3865 1312 3926 id
1339 3884 1421 3927 con-

294 3958 445 4042 jungunt
476 3959 593 4042 Ipsum
620 3981 681 4023 suo
711 3981 839 4042 magno
863 3961 969 4042 operi,
998 3969 1034 4023 et
1061 3981 1121 4042 per
1145 3956 1422 4041 conjunttionem

298 4058 427 4122 iaciunt
450 4069 487 4122 ut
515 4059 560 4121 ab
584 4058 664 4140 Ipso
691 4060 882 4122 subsistant
906 4059 995 4122 sicut
1021 4059 1243 4122 exstiterunt.
1289 4057 1423 4120 Dicitur

298 4156 390 4240 quod
406 4154 566 4240 spectent
587 4157 632 4219 ad
653 4156 764 4220 Deum
781 4156 983 4221 Creatorem
1008 4177 1028 4219 a
1052 4177 1130 4240 quo,
1149 4166 1184 4219 et
1208 4154 1422 4236 conjungant

298 4252 416 4337 Ipsum
432 4275 494 4318 suo
512 4274 640 4336 magno
658 4255 772 4338 operi;
796 4255 856 4318 sed
876 4255 910 4317 id
930 4252 1058 4318 dictum
1075 4265 1129 4317 est
1146 4275 1191 4316 ex
1207 4253 1421 4335 apparentia,

297 4372 415 4416 verum
453 4353 658 4434 intelligitur
695 4353 787 4434 quod
819 4353 913 4415 Deus
947 4351 1090 4416 Creator
1123 4351 1226 4414 saciat
1257 4359 1295 4413 ut
1325 4349 1421 4432 quasi

297 4447 458 4532 spectent
475 4459 510 4514 et
527 4471 564 4514 se
580 4449 793 4532 conjungant
812 4472 833 4513 a
853 4470 910 4528 se;
931 4451 993 4513 sed
1009 4449 1183 4533 quomodo
1199 4447 1360 4530 spectant
1385 4456 1421 4510 et

298 4549 408 4629 perid
424 4547 648 4630 conjungunt,
666 4549 799 4612 dicetur
814 4550 848 4611 in
865 4549 1097 4629 sequentibus.
1144 4546 1197 4610 De
1213 4547 1280 4609 illis
1292 4545 1421 4628 aliquid

297 4643 332 4709 in
356 4647 424 4708 suis
443 4644 529 4709 locis
549 4647 640 4729 prius
656 4643 771 4710 actum
792 4656 868 4724 est;
893 4656 942 4723 ut,
964 4645 1066 4727 Quod
1085 4644 1229 4709 Divinus
1250 4642 1362 4708 Amor
1384 4652 1421 4706 et
