3418 5370
498 668 550 718 uu
573 665 710 719 urvma
732 665 1087 719 proximarum-u.
1106 671 1179 736 292.
1341 671 1402 738 237

270 842 362 908 enim
386 839 608 905 Providentia
630 847 740 903 estut
762 839 870 904 cuivis
893 840 944 904 ita
970 849 1147 924 appareat,
1171 850 1210 905 ut
1239 862 1341 925 supra
1364 842 1400 906 in

269 958 331 1002 suo
347 934 494 1001 articulo
509 945 689 999 ostensum
705 944 770 999 est.
817 934 964 1019 Spiritus
980 936 1102 999 novitii
1121 938 1289 1001 mirantur
1307 937 1399 1003 hunc

270 1051 383 1098 meum
402 1042 545 1105 statum,
566 1050 635 1094 non
654 1031 815 1095 videntes
838 1031 942 1096 aliter
964 1051 1068 1116 quam
1092 1031 1185 1114 quod
1209 1053 1279 1097 non
1304 1034 1399 1117 quic-

269 1148 371 1212 quam
397 1148 442 1192 ex
469 1147 524 1190 me
549 1127 702 1209 cogitem
726 1138 763 1192 et
787 1125 905 1202 velim,
930 1135 967 1192 et
991 1126 1072 1191 ideo
1098 1127 1191 1210 quod
1219 1130 1283 1192 sim
1308 1131 1399 1196 sicut

269 1225 443 1309 quoddam
467 1223 590 1302 inane;
618 1242 736 1288 verum
760 1222 829 1288 illis
856 1225 972 1307 aperui
995 1242 1180 1303 arcanum
1210 1232 1248 1288 et
1272 1225 1398 1304 adhuc,

268 1319 361 1405 quod
379 1320 486 1385 etiarn
501 1319 644 1383 interius
660 1321 824 1403 cogitem,
844 1329 881 1385 et
900 1321 1088 1403 percipiam
1107 1320 1188 1403 quid
1207 1321 1243 1384 in
1262 1323 1398 1405 cogita·

269 1417 400 1482 tionem
419 1435 532 1480 meam
545 1417 762 1480 'exteriorem
780 1416 902 1494 influit,
918 1437 1000 1480 num
1019 1438 1038 1482 e
1057 1415 1157 1481 caelo
1175 1416 1233 1481 vel
1251 1439 1332 1482 num
1351 1440 1398 1484 ex

268 1511 411 1588 inferno,
428 1522 465 1577 et
484 1512 576 1596 quod
599 1512 665 1575 hoc
684 1513 845 1594 rejiciam,
865 1523 902 1578 et
925 1512 1010 1577 illud
1029 1513 1217 1595 recipiam,
1244 1522 1281 1579 et
1304 1515 1398 1598 quod

269 1628 375 1693 usque
391 1609 510 1672 videar
525 1608 618 1684 mihi,
636 1609 725 1671 sicut
741 1609 802 1686 illi,
819 1631 865 1673 ex
883 1629 938 1673 me
957 1609 1113 1691 cogitare
1130 1618 1167 1674 et
1181 1608 1284 1676 velle.

331 1719 426 1784 291.
457 1702 559 1786 Quod
583 1722 686 1766 omne
713 1703 843 1768 bonum
866 1725 885 1768 e
909 1704 1008 1768 caelo
1034 1705 1091 1782 sit,
1117 1715 1153 1769 et
1178 1707 1270 1789 quod
1294 1726 1398 1772 omne

269 1798 396 1862 malum
425 1821 471 1862 ex
500 1799 642 1872 inferno,
674 1799 707 1862 in
738 1802 866 1864 mundo
896 1820 966 1863 non
996 1802 1087 1864 inter
1111 1801 1291 1885 incognita
1318 1813 1396 1885 est;

269 1902 390 1958 notum
405 1903 460 1958 est
477 1895 596 1977 cuique
612 1896 645 1957 in
662 1894 819 1958 ecclesia.
866 1893 1033 1977 Quisnam
1053 1896 1110 1973 ibi,
1125 1898 1182 1979 qui
1201 1899 1398 1963 sacerdotio

268 1989 492 2070 inauguratus
510 2001 575 2064 est,
596 2009 666 2052 non
689 1991 794 2054 docet
811 1991 903 2075 quod
927 2011 1031 2056 omne
1054 1992 1183 2056 bonum
1202 1993 1249 2057 sit
1268 2015 1289 2058 a
1308 1995 1397 2072 Deo,

269 2096 305 2151 et
323 2086 415 2170 quod
434 2085 540 2149 homo
557 2106 628 2150 non
647 2085 776 2168 aliquid
795 2107 840 2150 ex
860 2109 897 2150 se
915 2089 1027 2170 possit
1047 2108 1194 2166 sumere,
1215 2091 1306 2174 quod
1327 2111 1397 2155 non

269 2182 389 2247 datum
407 2193 462 2246 est
482 2183 512 2246 ei
531 2202 551 2247 e
570 2181 693 2245 caelo?
717 2191 791 2246 tum
815 2184 921 2246 etiam
941 2183 1033 2266 quod
1056 2183 1217 2248 diabolus
1240 2187 1397 2252 infundat

269 2277 361 2342 mala
379 2278 412 2341 in
429 2278 673 2360 cogitationes,
690 2285 727 2342 et
750 2278 906 2354 seducat,
926 2288 1032 2361 atque
1051 2281 1187 2344 excitet
1206 2280 1250 2344 ad
1269 2281 1396 2346 iacien-

269 2374 350 2438 dum
373 2372 455 2437 illa?
500 2370 617 2454 Quare
639 2372 803 2436 sacerdos
825 2373 881 2456 qui
904 2374 1016 2437 credit
1039 2394 1076 2438 se
1099 2395 1146 2439 ex
1174 2373 1297 2439 sandlo
1321 2376 1398 2442 zelo

268 2468 477 2553 praedicare,
502 2477 580 2533 orat
602 2477 641 2532 ut
663 2466 810 2552 Spiritus
837 2466 984 2533 Sanetus
1007 2469 1134 2536 doceat
1157 2470 1266 2547 illurn,
1291 2471 1398 2540 ducat

267 2566 501 2649 cogitationes
523 2583 615 2641 suas,
638 2572 676 2628 et
694 2562 867 2647 loquelam
890 2564 974 2646 ejus,
994 2575 1031 2630 et
1054 2567 1193 2649 quidam
1217 2566 1336 2631 dicunt
1359 2589 1399 2635 se

268 2682 370 2726 sensu
397 2661 593 2743 percepisse
621 2661 714 2744 quod
744 2657 812 2724 acti
841 2661 921 2737 sint,
945 2671 982 2726 et
1012 2680 1091 2726 cum
1119 2663 1399 2744 praedicationes

268 2755 462 2832 laudantur,
483 2758 538 2840 pie
560 2757 785 2839 respondent,
805 2757 897 2838 quod
920 2777 991 2821 non
1008 2777 1030 2822 a
1049 2778 1099 2834 se,
1119 2758 1180 2821 sed
1203 2779 1224 2822 a
1248 2759 1324 2823 Deo
1344 2760 1397 2824 lo·

267 2855 339 2917 cuti
354 2855 435 2917 sint.
481 2850 597 2933 Quare
615 2852 722 2915 etiam
741 2870 818 2915 cum
835 2853 955 2917 vident
974 2852 1124 2937 aliquem
1143 2853 1233 2919 bene
1252 2854 1397 2938 loquen-

268 2957 396 3014 temet
418 2948 507 3012 bene
530 2955 707 3030 agentem,
727 2947 847 3012 dicunt
870 2947 965 3012 illum
989 2948 1033 3012 ad
1056 2949 1090 3013 id
1109 2971 1130 3013 a
1153 2949 1231 3014 Deo
1254 2951 1396 3016 ductum

268 3067 365 3125 esse;
389 3056 425 3111 et
441 3046 590 3109 vicissim
614 3063 692 3109 cum
708 3045 828 3109 vident
851 3045 999 3129 aliquem
1023 3046 1115 3111 male
1138 3046 1339 3132 loquentem
1361 3058 1399 3114 et

268 3144 359 3206 male
377 3150 553 3225 agentern,
571 3141 691 3205 dicunt
716 3141 813 3206 illum
837 3141 882 3204 ad
901 3141 935 3205 id
951 3163 972 3205 a
988 3143 1129 3207 diabolo
1148 3142 1289 3208 duCtum
1308 3166 1396 3209 esse·

269 3235 372 3320 Quod
401 3237 482 3302 talis
510 3256 624 3300 sermo
651 3236 697 3299 sit
725 3236 760 3300 in
788 3236 949 3314 ecclesia,
973 3247 1096 3302 notum
1125 3248 1202 3320 est;
1233 3240 1296 3303 sed
1321 3242 1397 3322 quis

269 3334 380 3398 credit
395 3331 488 3417 quod
507 3331 558 3396 ita
576 3329 642 3395 sit?

332 3441 427 3509 292.
459 3424 563 3509 Quod
588 3427 633 3491 ab
660 3425 761 3491 unico
787 3426 883 3491 sonte
910 3427 1004 3492 vitae
1029 3426 1149 3493 influat
1177 3449 1280 3496 omne
1303 3431 1396 3514 quod

268 3522 373 3587 homo
397 3525 532 3606 cogitat
555 3532 593 3587 et
615 3521 703 3598 vult,
726 3533 763 3587 et
787 3521 867 3587 inde
894 3522 987 3607 quod
1009 3521 1161 3606 loquitur
1181 3536 1218 3590 et
1242 3525 1335 3600 facit,
1359 3537 1396 3591 et

268 3620 360 3704 quod
390 3640 498 3704 usque
520 3619 640 3684 unicus
661 3618 739 3683 fons
760 3619 867 3696 vitae,
894 3619 951 3703 qui
980 3628 1037 3684 est
1062 3619 1244 3698 Dominus,
1268 3642 1337 3686 non
1361 3623 1395 3686 in

269 3736 373 3780 causa
395 3717 440 3781 sit
462 3715 555 3802 quod
577 3714 684 3780 homo
706 3715 840 3797 cogitet
861 3714 991 3780 malum
1015 3724 1053 3781 et
1074 3715 1208 3794 falsum,
1232 3717 1396 3783 illustrari

202 3877 207 3885 ,
269 3820 387 3895 potest
406 3831 467 3894 per
484 3812 571 3876 haec
589 3809 624 3875 in
643 3811 774 3875 mundo
796 3809 956 3876 naturali.
1001 3810 1038 3877 A
1055 3810 1131 3878 sole
1148 3811 1219 3896 ejus
1238 3815 1395 3897 procedit

268 3908 363 3972 calor
392 3916 429 3973 et
457 3906 531 3986 lux,
559 3914 595 3971 et
625 3904 687 3972 illa
714 3905 785 3972 duo
813 3905 959 3972 influunt
982 3906 1017 3972 in
1041 3908 1157 3971 omnia
1183 3906 1336 3989 subjecta
1358 3918 1396 3973 et

268 4001 414 4085 objedta,
438 4024 527 4088 quae
550 4021 667 4068 coram
686 4003 797 4068 oculis
818 4012 1012 4086 apparent;
1039 4023 1109 4067 non
1133 4005 1238 4068 modo
1256 4005 1291 4068 in
1314 4005 1394 4068 sub·

264 4096 356 4184 jedla
377 4100 471 4165 bona
491 4109 530 4166 et
551 4099 586 4163 in
613 4095 750 4180 objedia
778 4098 935 4182 pulchra,
959 4098 1021 4164 sed
1044 4099 1151 4163 etiam
1178 4101 1211 4162 in
1241 4099 1396 4180 subjecta

268 4195 361 4259 mala
379 4206 416 4260 et
434 4197 469 4261 in
488 4193 625 4278 objedta
647 4193 850 4275 impulchra,
868 4203 905 4259 et
924 4194 1121 4276 producunt
1140 4195 1233 4259 varia
1251 4196 1285 4258 in
1305 4197 1392 4260 illis:

268 4289 412 4357 influunt
433 4291 526 4357 enirn
549 4311 619 4354 non
642 4289 755 4356 solum
777 4289 812 4355 in
838 4290 992 4369 arbores,
1016 4311 1103 4374 quae
1131 4291 1244 4356 serunt
1267 4288 1396 4356 fructus

268 4385 390 4464 bonos,
417 4389 480 4452 sed
509 4388 613 4451 etiam
639 4386 675 4450 in
702 4388 842 4450 arbores
868 4407 957 4470 quae
982 4386 1096 4450 lerunt
1118 4385 1247 4450 frudius
1269 4388 1394 4464 malos,

268 4481 375 4547 immo
396 4484 503 4548 etiam
526 4485 560 4546 in
583 4483 677 4565 ipsos
697 4479 835 4558 tructus,
862 4491 899 4548 et
924 4483 1010 4547 dant
1035 4486 1278 4565 vegetationes
1303 4484 1394 4564 illis;

268 4579 427 4644 similiter
456 4579 490 4642 in
520 4579 652 4642 semina
679 4576 782 4655 bona,
813 4588 849 4643 et
880 4599 1016 4662 quoque
1048 4579 1082 4643 in
1115 4580 1282 4643 zizanias:
1317 4591 1394 4644 tum

268 4675 375 4739 etiam
397 4675 431 4738 in
455 4673 606 4757 virgulta
628 4673 711 4737 boni
727 4677 819 4737 'usus
846 4695 907 4738 seu
929 4675 1116 4750 salutifera,
1140 4685 1176 4738 et
1200 4695 1335 4758 quoque
1359 4675 1394 4738 in
