3344 5402
694 637 898 690 SAPIENTIA
920 631 1117 687 ANGELICA

727 1015 842 1114 abaco
864 1013 1062 1100 bnuntu

337 1401 450 1485 Quor>
468 1400 630 1464 D1vruus
646 1398 766 1463 Aaron
786 1410 834 1460 ur
851 1397 996 1460 Drvrun
1011 1393 1222 1459 Sannum
1234 1403 1463 1457 repausam-

584 1508 625 1559 1u
649 1493 795 1559 Muuoo
819 1504 1035 1557 summurn
1058 1504 1108 1556 uc
1131 1488 1217 1554 Son.

399 1684 470 1766 83·
501 1681 588 1746 Sunt
605 1681 673 1744 duo
693 1678 820 1753 mundi,
839 1677 1024 1760 spiritualis
1043 1686 1079 1740 et
1098 1675 1283 1752 naturaiis;
1308 1683 1343 1738 et
1363 1693 1462 1737 mun-

335 1777 397 1841 dus
422 1777 607 1860 spiritualis
639 1797 706 1840 non
737 1775 844 1841 trahit
871 1776 1052 1857 quicquam
1075 1793 1121 1835 ex
1145 1771 1273 1834 mundo
1300 1770 1462 1844 naturali,

335 1895 398 1938 nec
423 1874 568 1936 mundus
592 1871 759 1936 naturalis
778 1893 823 1934 ex
848 1871 977 1933 mundo
1001 1868 1188 1952 spirituali;
1220 1877 1299 1931 sunt
1324 1887 1464 1950 prorsus

335 1965 488 2032 distincti
504 1989 511 2046 ;
536 1968 794 2031 communicant
814 1966 924 2029 solum
942 1987 1002 2048 per
1018 1963 1356 2046 correspondentias,
1375 1983 1464 2045 quae

335 2064 454 2147 quales
473 2071 562 2138 sunt,
583 2063 662 2125 alibi
683 2061 801 2125 multis
817 2069 996 2123 ostensum
1013 2069 1077 2124 est.
1125 2058 1182 2121 Ad
1199 2059 1265 2122 hoc
1285 2057 1463 2122 illustran-

334 2159 427 2234 dum,
448 2158 578 2223 sithoc
598 2156 808 2240 exemplum.
855 2155 958 2220 Calor
976 2157 1010 2218 in
1030 2157 1158 2218 mundo
1182 2155 1330 2218 naturali
1347 2174 1460 2218 corre·

334 2254 485 2336 spondet
514 2255 607 2318 bono
632 2253 813 2317 charitatis
840 2253 874 2315 in
902 2253 1030 2314 mundo
1060 2251 1238 2334 spirituali,
1264 2271 1304 2314 ac
1335 2249 1396 2312 lux
1426 2251 1461 2313 in

335 2351 465 2414 mundo
484 2349 632 2413 naturali
651 2349 901 2430 correspondet
921 2369 1004 2411 vero
1023 2347 1101 2410 fidei
1121 2347 1154 2408 in
1176 2347 1303 2410 mundo
1323 2345 1460 2428 spiritu-

334 2444 389 2510 ali.
436 2444 538 2528 Quod
556 2446 650 2508 calor
666 2455 702 2509 et
718 2447 846 2508 bonum
860 2444 1052 2518 charitatis,
1066 2463 1106 2506 ac
1124 2441 1184 2505 lux
1200 2453 1236 2506 et
1249 2462 1367 2506 verum
1384 2441 1461 2504 fidei

335 2562 473 2624 prorsus
497 2507 660 2605 distincta
686 2541 766 2614 sint,
788 2541 862 2623 quis
885 2560 954 2602 non
978 2537 1096 2602 videt?
1142 2537 1199 2600 Ex
1222 2539 1331 2620 prima
1357 2535 1459 2600 intui-

334 2638 432 2700 tione
448 2646 616 2718 apparent
633 2635 692 2698 illa
708 2637 756 2698 ita
773 2632 947 2710 distincta,
961 2636 1049 2698 sicut
1067 2634 1135 2697 duo
1149 2653 1285 2716 prorsus
1302 2633 1437 2695 diversa
1452 2653 1459 2708 ;

334 2733 382 2797 ita
408 2741 577 2814 apparent
607 2733 635 2794 si
666 2732 851 2814 cogitatur,
877 2731 957 2814 quid
987 2749 1169 2794 commune
1199 2729 1304 2793 habet
1332 2729 1460 2792 bonurn

333 2829 514 2892 charitatis
534 2847 610 2890 cum
628 2826 754 2902 calore,
775 2838 811 2891 et
832 2828 910 2909 quid
931 2847 1048 2891 verum
1068 2825 1146 2888 fidei
1166 2845 1243 2888 cum
1264 2824 1359 2903 luce;
1384 2842 1460 2887 cum

335 2934 451 2988 tamen
476 2922 571 2986 calor
594 2922 777 3006 spiritualis
797 2933 852 2987 est
870 2922 955 2986 illud
974 2925 1113 2996 bonum,
1135 2929 1170 2984 et
1193 2920 1252 2984 lux
1277 2918 1461 3003 spiritualis

334 3028 388 3083 est
420 3019 502 3082 illud
528 3038 655 3081 verum.
703 3016 800 3081 Haec
825 3019 967 3081 tametsi
991 3019 1039 3081 ita
1063 3014 1227 3081 distincta
1250 3017 1284 3078 in
1307 3036 1344 3078 se
1369 3022 1458 3086 sunt,

334 3136 440 3198 usque
461 3135 564 3178 unum
584 3115 713 3179 faciunt
736 3134 797 3198 per
815 3115 1182 3197 correspondentiam:
1208 3131 1312 3176 unum
1331 3111 1460 3175 faciunt

333 3213 392 3285 ita,
413 3222 451 3277 ut
470 3212 552 3275 dum
575 3211 680 3274 homo
699 3211 732 3274 in
753 3208 871 3274 Verbo
891 3211 977 3292 legit
1004 3207 1208 3274 “calorem”
1228 3217 1264 3272 et
1289 3203 1460 3280 “lucem'’

333 3318 415 3374 tunc
435 3309 574 3388 spiritus
598 3317 634 3371 et
653 3306 779 3389 angeli.
800 3309 855 3388 qui
879 3307 968 3388 apud
992 3306 1167 3369 hominem
1187 3313 1278 3378 sunt,
1294 3322 1355 3384 pro
1373 3307 1459 3364 “ca-

332 3403 428 3468 lore''
448 3403 668 3486 ¹¹¹percipiant
690 3402 906 3477 charitatem,
932 3412 967 3464 et
992 3423 1053 3484 pro
1075 3399 1202 3463 “luce’'
1221 3398 1335 3462 fidem.
1382 3393 1459 3460 Hoc

332 3499 530 3581 exemplum
561 3495 747 3562 adductum
779 3508 844 3572 est,
877 3508 915 3560 ut
946 3499 1082 3570 sciatur,
1108 3494 1200 3578 quod
1231 3495 1299 3558 duo
1330 3491 1458 3565 mundi,

332 3594 518 3676 spiritualis
543 3605 578 3657 et
598 3593 775 3669 naturalis,
797 3595 845 3656 ita
866 3589 1029 3656 distincta
1052 3593 1131 3666 sint,
1145 3601 1183 3654 ut
1203 3592 1292 3654 inter
1316 3611 1353 3653 se
1377 3586 1459 3651 nihil

332 3709 514 3753 commune
533 3689 706 3765 habeant;
732 3689 793 3752 sed
813 3709 918 3771 usque
937 3689 986 3751 ita
1005 3689 1112 3751 creati
1132 3698 1169 3751 ut
1189 3687 1457 3758 communicent,

332 3785 439 3848 immo
458 3783 723 3866 conjungantur,
744 3804 804 3866 per
824 3784 1159 3865 correspondentias.

396 3880 468 3962 84.
500 3879 671 3962 Quoniam
689 3881 756 3944 duo
776 3880 824 3943 illi
841 3881 958 3943 mundi
978 3882 1027 3943 ita
1043 3877 1195 3943 distincti
1214 3888 1306 3953 sunt,
1328 3875 1455 3959 perspi-

334 3999 395 4040 cue
419 3978 526 4041 videri
555 3986 685 4058 potest,
706 3977 797 4058 quod
822 3977 968 4039 mundus
992 3975 1179 4057 spiritualis
1199 3974 1262 4037 sub
1284 3971 1353 4036 alio
1377 3969 1457 4034 Sole

331 4074 377 4136 sit
391 4092 492 4156 quam
506 4072 651 4135 mundus
665 4072 848 4135 naturalis:
874 4073 908 4134 in
922 4072 1050 4134 mundo
1063 4071 1154 4134 enirn
1171 4066 1337 4151 spirituali
1350 4085 1458 4148 aeque

333 4179 386 4232 est
404 4167 498 4231 calor
521 4177 557 4231 et
581 4167 653 4240 lux,
675 4177 712 4230 ut
735 4169 769 4230 in
794 4167 921 4230 mundo
941 4165 1111 4242 naturali;
1142 4165 1201 4228 sed
1225 4165 1320 4227 calor
1337 4164 1383 4227 ibi
1402 4171 1458 4226 est

332 4263 528 4344 spiritualis,
550 4273 585 4326 et
606 4262 664 4326 lux
690 4263 856 4338 similiter,
874 4272 910 4326 et
930 4261 1024 4325 calor
1048 4259 1232 4344 spiritualis
1251 4269 1305 4323 est
1328 4259 1457 4322 bonum

332 4358 523 4434 charitatis,
548 4369 584 4423 et
612 4359 671 4422 lux
696 4359 881 4441 spiritualis
904 4367 957 4422 est
981 4375 1098 4421 verum
1123 4355 1209 4420 fidei.
1255 4355 1354 4418 Nunc
1379 4355 1458 4438 quia

332 4453 427 4517 calor
443 4465 478 4518 et
493 4454 553 4517 lux
571 4475 639 4518 non
656 4464 800 4536 possunt
816 4454 953 4517 aliunde
969 4454 1137 4535 originem
1153 4451 1277 4515 ducere
1293 4470 1395 4535 quam
1411 4471 1457 4513 ex

332 4547 416 4624 sole,
438 4561 599 4613 constare
622 4560 750 4629 potest,
775 4549 866 4632 quod
893 4549 928 4612 in
954 4549 1083 4612 mundo
1109 4546 1277 4632 spirituali
1301 4547 1346 4609 sit
1369 4545 1456 4608 alius

332 4641 393 4709 Sol
416 4664 519 4729 quam
538 4647 572 4709 in
596 4644 724 4709 mundo
744 4644 902 4722 naturali,
923 4654 998 4709 tum
1021 4645 1127 4710 etiam
1146 4643 1238 4728 quod
1258 4640 1318 4706 Sol
1337 4639 1456 4705 mundi
