3352 5374
334 658 376 722 80
684 673 888 727 SAPIENTIA
911 675 1106 728 ANGELICA

331 842 493 920 metallis,
508 843 647 908 mineris
659 855 695 909 et
711 845 890 929 lapidibus.
936 846 1038 930 Quod
1054 849 1088 912 in
1105 849 1157 913 his
1173 860 1209 914 et
1226 851 1260 914 in
1277 849 1344 915 illis
1356 853 1458 916 mira·

330 937 463 1014 biliora,
480 959 549 1024 quo
567 941 709 1004 interius
725 939 936 1024 spectantur,
953 955 1146 1021 occurrant,
1165 955 1285 1010 notum
1305 954 1377 1009 est:
1402 958 1458 1010 at·

330 1031 449 1098 tamen
465 1056 511 1100 ex
527 1035 594 1100 illis
606 1056 725 1120 parum
738 1037 901 1115 innotuit,
914 1039 1007 1122 quod
1024 1038 1084 1104 illa
1099 1042 1241 1105 interius
1253 1039 1459 1124 perfectiora

329 1130 399 1193 sInt
418 1130 605 1194 secundum
621 1130 749 1214 gradus
766 1131 957 1198 altitudinis
973 1154 1034 1199 seu
1049 1134 1238 1214 discretos;
1262 1137 1458 1218 ignorantia

329 1224 450 1289 horum
463 1226 630 1308 graduum
643 1227 677 1290 id
690 1225 828 1292 celavit.
872 1226 925 1293 At
938 1229 1016 1313 quia
1028 1229 1132 1294 iidem
1142 1230 1269 1312 gradus
1281 1232 1315 1294 in
1328 1231 1459 1296 mundo

328 1321 497 1404 spirituali
514 1323 694 1404 perspicue
712 1332 868 1400 exstant,
885 1333 939 1390 est
958 1325 1050 1389 enim
1069 1334 1165 1390 totus
1184 1324 1241 1389 ille
1258 1327 1416 1401 mundus,
1436 1347 1457 1390 a

327 1435 489 1498 supremo
507 1418 551 1481 ad
573 1417 737 1494 infimum,
757 1420 792 1482 in
811 1419 889 1483 illos
908 1417 1069 1484 distincte
1088 1422 1268 1496 discretus,
1288 1421 1368 1484 ideo
1391 1442 1455 1484 ex-

327 1512 407 1576 inde
427 1524 545 1596 potest
564 1513 700 1577 illorum
720 1515 876 1596 cognitio
895 1513 1039 1580 hauriri:
1063 1537 1109 1580 ex
1128 1516 1249 1600 quibus
1268 1517 1347 1580 dein
1371 1537 1454 1580 con·

327 1607 419 1672 cludi
442 1619 559 1691 potest
583 1608 627 1673 ad
650 1605 877 1692 perfectiones
895 1611 1014 1674 virium
1034 1621 1070 1675 et
1093 1611 1288 1688 formarum,
1308 1632 1396 1695 quae
1419 1613 1455 1677 in

327 1705 493 1769 similibus
511 1705 674 1787 gradibus
693 1715 773 1769 sunt
792 1707 827 1769 in
844 1706 974 1770 mundo
993 1707 1150 1771 naturali.

390 1814 488 1866 ποι.
519 1801 559 1864 1η
589 1800 718 1865 mundo
741 1802 910 1883 spirituali
940 1812 1021 1865 sunt
1051 1812 1122 1866 tres
1151 1801 1238 1867 caeli
1264 1803 1453 1867 secundum

326 1894 453 1975 gradus
469 1895 661 1960 altitudinis
678 1897 838 1960 ordinati.
884 1897 925 1961 ln
945 1916 1105 1979 supremo
1120 1898 1219 1963 caelo
1237 1909 1318 1962 sunt
1337 1898 1453 1980 angeli

326 1989 359 2052 in
388 1991 482 2054 omni
505 1989 712 2073 persec'lione
738 2012 818 2075 prae
846 1992 979 2074 angelis
1006 1993 1040 2056 in
1064 1994 1178 2058 medio
1201 1993 1318 2072 caelo;
1354 2005 1389 2057 et
1419 1994 1453 2056 in

326 2086 441 2150 medio
460 2085 557 2150 caelo
577 2098 657 2150 sunt
676 2087 792 2168 angeli
815 2089 849 2150 in
874 2089 966 2151 omni
986 2086 1195 2170 periec'lione
1220 2110 1300 2171 prae
1319 2090 1454 2171 angelis

325 2179 431 2244 infimi
455 2181 552 2245 caeli.
597 2179 846 2245 Perfectionum
870 2183 999 2263 gradus
1026 2194 1108 2247 sunt
1141 2185 1240 2261 tales,
1266 2195 1303 2249 ut
1337 2183 1453 2266 angeli

252 2341 255 2348 ,
324 2275 429 2340 infimi
453 2276 539 2342 caeli
568 2297 638 2341 non
668 2279 804 2361 possint
834 2278 876 2341 ad
906 2279 1052 2359 primum
1077 2279 1180 2344 limen
1204 2277 1452 2362 perfectionum

324 2373 525 2456 angelorum
544 2373 647 2437 medii
666 2373 752 2438 caeli
767 2374 966 2450 ascendere,
985 2393 1049 2438 nec
1068 2375 1103 2438 hi
1121 2375 1165 2439 ad
1185 2377 1329 2457 primum
1347 2376 1452 2440 limen

323 2465 570 2550 perfectionum
589 2469 793 2551 angelorum
813 2471 963 2550 supremi
981 2470 1079 2533 caeli.
1126 2469 1203 2534 Hoc
1224 2482 1366 2552 apparet
1390 2491 1451 2552 pa-

323 2565 494 2640 radoxon,
508 2565 568 2629 sed
585 2587 690 2649 usque
707 2576 762 2628 est
778 2566 917 2629 veritas.
962 2564 1074 2630 Causa
1090 2576 1155 2640 est,
1169 2567 1248 2649 quia
1260 2568 1450 2630 consociati

322 2669 404 2723 sunt
423 2660 609 2724 secundum
629 2661 757 2742 gradus
776 2659 953 2734 discretos,
974 2669 1010 2725 et
1027 2680 1095 2725 non
1116 2661 1302 2724 secundum
1322 2662 1450 2742 gradus

322 2756 516 2819 continuos.
562 2755 624 2819 Per
640 2755 891 2837 experientiam
904 2755 986 2819 milri
1003 2765 1122 2819 notum
1136 2753 1261 2820 iactum
1277 2765 1342 2830 est,
1356 2757 1448 2840 quod

322 2849 393 2916 tale
410 2850 590 2916 discrimen
607 2849 823 2915 affectionum
840 2859 876 2913 et
892 2851 1156 2932 cogitationum,
1174 2861 1210 2915 et
1229 2851 1308 2915 inde
1329 2849 1447 2936 loque·

322 2945 387 3023 lae,
408 2947 452 3010 sit
476 2947 565 3010 inter
588 2947 733 3028 angelos
752 2946 963 3027 superiorum
988 2956 1024 3009 et
1047 2946 1242 3010 inferiorum
1262 2947 1448 3022 caelorum,

322 3052 359 3107 ut
391 3040 473 3106 nihil
500 3062 681 3106 commune
704 3042 878 3120 habeant;
911 3051 947 3105 et
974 3042 1066 3125 quod
1094 3043 1362 3107 communicatio
1388 3042 1448 3107 fiat

321 3137 433 3203 solum
463 3157 523 3220 per
546 3137 884 3220 correspondentias,
909 3158 1008 3220 quae,
1024 3139 1180 3203 existunt
1205 3158 1265 3220 per
1283 3137 1447 3202 influxum

320 3234 558 3299 immediatum
588 3233 728 3298 Domini
754 3233 789 3296 in
817 3251 938 3296 omnes
968 3233 1094 3309 caelos,
1125 3245 1161 3297 et
1194 3253 1254 3316 per
1280 3232 1447 3297 influxum

321 3331 511 3394 mediatum
535 3348 594 3411 per
617 3329 749 3393 caelum
770 3347 964 3410 supremum
988 3329 1021 3391 in
1046 3327 1208 3391 infimum.
1256 3326 1353 3392 Haec
1377 3329 1447 3392 dis·

320 3427 472 3501 crimina,
492 3427 571 3508 quia
593 3425 677 3489 talia
700 3435 792 3500 sunt,
813 3443 882 3487 non
907 3432 1051 3505 possunt
1072 3424 1220 3489 naturali
1244 3423 1361 3506 lingua
1383 3445 1446 3488 ex·

320 3521 430 3605 primi,
450 3521 500 3584 ita
520 3540 588 3584 non
607 3519 773 3597 describi,
797 3519 1029 3601 cogitationes
1049 3520 1139 3582 enim
1159 3519 1360 3600 angelorum
1378 3540 1447 3584 non

320 3619 450 3682 cadunt
468 3619 501 3680 in
522 3618 616 3680 ideas
635 3617 821 3690 naturales,
841 3635 920 3680 nam
940 3626 1019 3680 sunt
1039 3615 1243 3698 spirituales.
1289 3615 1448 3699 Exprimi

320 3725 356 3778 et
376 3713 523 3778 describi
543 3713 653 3777 solum
673 3723 818 3795 possunt
837 3713 881 3775 ab
900 3715 981 3794 ipsis
1001 3733 1062 3795 per
1081 3733 1198 3778 eorum
1219 3711 1364 3795 linguas,
1385 3735 1445 3777 vo·

319 3830 377 3873 ces
401 3818 436 3873 et
462 3809 657 3890 scripturas,
678 3817 712 3872 et
735 3828 804 3872 non
828 3829 887 3889 per
907 3809 1084 3871 humanas.
1130 3806 1187 3871 Ex
1212 3828 1255 3870 eo
1277 3817 1331 3871 est
1355 3807 1446 3890 quod

319 3905 465 3983 dicatur,
480 3904 571 3988 quod
590 3904 624 3968 in
642 3904 746 3968 caelis
762 3902 945 3967 ineffabilia
960 3903 1078 3966 audita
1097 3911 1132 3966 et
1152 3903 1226 3966 visa
1242 3901 1321 3965 sint.
1367 3903 1445 3966 Dis·

319 4001 460 4065 crimina
488 3998 550 4066 illa
578 4000 793 4084 aliquantum
817 3998 1064 4080 comprehendi
1089 4006 1233 4081 possunt
1256 4015 1318 4080 per
1340 3996 1445 4061 haec:

318 4097 410 4181 quod
429 4095 662 4178 cogitationes
679 4094 879 4178 angelorum
899 4094 1047 4175 supremi
1071 4115 1131 4158 seu
1154 4093 1249 4158 tertii
1268 4091 1354 4157 caeli
1377 4095 1448 4158 sint

319 4191 552 4274 cogitationes
574 4189 701 4268 finium,
722 4200 758 4256 et
782 4191 1015 4271 cogitationes
1034 4189 1234 4273 angelorum
1258 4189 1362 4252 medii
1385 4209 1446 4254 seu

318 4287 462 4351 secundi
485 4285 572 4351 caeli
594 4287 664 4351 sint
686 4287 916 4368 cogitationes
939 4304 1128 4361 causarum,
1148 4305 1188 4348 ac
1213 4285 1447 4367 cogitationes

319 4383 523 4465 angelorum
535 4381 641 4447 infimi
650 4403 710 4446 seu
722 4381 820 4464 primi
833 4381 918 4445 caeli
931 4382 1000 4445 sint
1011 4381 1245 4463 cogitationes
1254 4378 1447 4447 effectuum.

319 4475 505 4543 Sciendum
522 4487 584 4554 est,
604 4478 696 4562 quod
715 4477 806 4541 aliud
830 4477 875 4541 sit
899 4498 945 4541 ex
969 4475 1091 4541 finibus
1111 4478 1276 4559 cogitare,
1297 4485 1333 4541 et
1354 4474 1446 4540 aliud

319 4575 363 4638 de
382 4573 526 4654 finibus;
555 4585 628 4638 tum
648 4574 739 4658 quod
757 4572 847 4636 aliud
864 4574 909 4637 sit
928 4595 973 4636 ex
991 4573 1101 4636 causis
1118 4573 1282 4654 cogitare,
1301 4581 1336 4636 et
1355 4570 1446 4635 aliud

320 4671 363 4734 de
382 4672 516 4750 causis;
546 4680 583 4733 ut
606 4679 642 4733 et
661 4669 751 4754 quod
775 4669 866 4733 aliud
890 4669 934 4733 sit
957 4690 1002 4732 ex
1026 4666 1201 4732 effectibus
1225 4668 1389 4749 cogitare,
1410 4675 1447 4729 et
