3426 5382
658 656 861 711 SAPIENTIA
883 655 1084 709 ANGELICA

476 828 529 898 (ii.)
556 827 643 899 Quod
653 826 796 896 quicquid
808 826 889 881 homo
903 843 940 880 ex
953 827 1058 882 Libero
1068 829 1162 900 facit,
1177 835 1239 887 sive
1252 837 1292 888 sit
1305 841 1435 894 rationes

624 897 673 952 vet
681 914 738 952 non
749 900 885 962 rationes,
895 899 977 953 modo
987 902 1029 952 sit
1039 902 1193 956 secundum
1205 905 1269 976 q'us
1279 909 1433 972 rotronem,

620 973 772 1095 yporeat
784 970 835 1023 illi
843 975 878 1023 ut
888 972 959 1042 ejus.

464 1041 529 1112 (iii.)
556 1041 619 1113 Quo
650 1042 793 1110 qur'cquid
801 1041 885 1094 homo
896 1057 933 1094 ex
944 1041 1049 1096 Libero
1057 1045 1213 1099 secundum
1225 1063 1309 1102 suam
1322 1054 1433 1121 cogita·

624 1115 730 1166 tionem
744 1113 839 1186 saort,
859 1115 1073 1183 approprietur
1095 1118 1127 1168 ei
1146 1119 1223 1170 sicut
1245 1121 1316 1190 q'us,
1335 1127 1364 1176 et
1386 1140 1433 1176 re·

624 1189 749 1238 maneat.

464 1256 527 1325 (iv.)
555 1256 642 1326 Quod
650 1255 733 1308 homo
740 1259 799 1324 per
811 1255 894 1308 oritas
908 1255 978 1308 illas
984 1255 1151 1326 facultates
1162 1276 1181 1310 a
1196 1260 1322 1316 Domino
1337 1265 1433 1335 rq'or·

624 1333 720 1380 metur
738 1332 767 1380 et
788 1333 993 1397 regeneretur,
1019 1333 1047 1380 et
1067 1329 1146 1397 quod
1165 1330 1270 1400 absque
1292 1333 1354 1388 r'llis
1375 1351 1433 1388 non

618 1401 715 1470 possit
725 1399 891 1469 reformari
899 1403 929 1450 et
939 1402 1120 1468 regenerari.

478 1469 529 1539 (v.)
556 1469 643 1540 Quod
658 1469 740 1522 homo
754 1469 857 1522 medei's
871 1469 933 1522 illis
946 1467 1024 1523 birris
1033 1471 1234 1541 facultatibus
1251 1479 1367 1528 tantum
1386 1493 1434 1529 re·

614 1541 757 1612 formari
771 1547 799 1594 et
817 1545 991 1611 regenerari
1001 1545 1102 1610 possit,
1118 1549 1262 1612 quantum
1271 1549 1366 1614 potest
1378 1552 1433 1617 per

624 1611 693 1665 e'llas
703 1611 815 1665 adduci
823 1612 867 1665 ad
875 1613 1095 1682 agnoscendum,
1108 1614 1187 1682 quod
1195 1632 1277 1669 omne
1290 1617 1391 1670 bonum
1405 1623 1434 1673 et

622 1699 723 1737 verum
738 1682 817 1752 quod
827 1686 940 1755 cogitat
954 1684 1081 1754 etfacit,
1096 1687 1136 1738 sit
1150 1702 1169 1738 a
1185 1685 1319 1750 Domino,
1335 1695 1362 1742 et
1376 1706 1433 1742 non

624 1771 643 1806 a
654 1759 748 1808 semet.

466 1823 530 1895 (vi.)
556 1825 643 1895 Quod
665 1825 825 1896 conjuntteo
850 1825 977 1879 Domini
996 1841 1061 1878 curn
1086 1825 1208 1888 home'ne,
1233 1834 1262 1881 et
1284 1833 1433 1900 reciproca

623 1895 750 1950 hominis
766 1913 832 1950 cum
853 1897 988 1958 Domino,
1004 1900 1062 1966 per
1082 1898 1166 1950 binas
1186 1899 1256 1952 illas
1265 1902 1435 1971 facultates

456 2036 530 2106 (vii.)
558 1966 803 2106 Quoffaoomnus
819 2037 904 2092 binas
924 2039 994 2092 illas
1003 2038 1170 2121 facultates
1188 2041 1273 2110 apud
1288 2041 1434 2098 homonem

625 2108 757 2161 illibatas
769 2126 804 2162 ac
819 2115 852 2162 ut
865 2109 981 2162 sardas
992 2126 1025 2161 en
1040 2113 1123 2162 omni
1132 2110 1266 2166 Diuinae
1276 2130 1346 2168 suae
1357 2116 1435 2170 Pro·

623 2179 773 2233 vr'denteae
778 2181 982 2249 progressione
992 2181 1146 2235 custodiat.

444 2248 528 2320 (viii.)
557 2247 643 2320 Quod
651 2250 714 2303 r'deo
726 2251 858 2303 Deoenae
868 2251 1080 2305 Providentiae
1093 2255 1142 2314 sit,
1155 2259 1189 2307 ut
1203 2253 1285 2309 homo
1296 2273 1333 2309 ex
1345 2256 1436 2312 le'bero

623 2320 777 2374 secundum
791 2323 935 2374 rotronem
948 2328 1029 2392 agat.

369 2475 437 2548 73·
469 2462 519 2547 (i.)
547 2461 645 2544 Quod
657 2461 786 2526 homini
797 2461 900 2526 Ratio
911 2473 944 2526 et
957 2462 1116 2527 Liberum
1127 2465 1184 2539 sit,
1198 2487 1255 2530 seu
1266 2468 1433 2536 Rationa-

306 2557 387 2624 litas
402 2568 434 2622 et
456 2559 614 2622 Libertas
623 2581 639 2633 ,·
662 2576 697 2621 et
712 2562 798 2639 quoa
822 2557 918 2621 binae
933 2557 1013 2621 illae
1025 2559 1213 2638 facultates
1236 2563 1307 2627 sint
1324 2586 1346 2628 a
1363 2564 1433 2629 Do·

305 2654 395 2718 mino
405 2653 501 2734 apud
508 2652 829 2735 hominem—Quod
844 2653 972 2716 homini
986 2655 1030 2717 sit
1043 2653 1188 2719 facultas
1201 2658 1433 2740 intelligendi,

306 2758 470 2831 quaeest
494 2747 723 2824 rationalitas,
749 2769 788 2812 ac
816 2747 962 2812 facultas
989 2751 1180 2831 cogitandi,
1204 2753 1355 2831 volendi,
1380 2755 1433 2820 lo·

306 2845 432 2927 quendi
451 2854 486 2907 et
506 2844 652 2906 faciendi
673 2845 705 2907 id
726 2845 817 2927 quod
837 2845 1010 2926 intelligit,
1028 2865 1116 2927 quae
1135 2857 1191 2911 est
1210 2847 1374 2928 libertas;
1398 2861 1436 2916 et

306 2940 400 3022 quod
419 2939 520 3002 binae
539 2939 620 3002 illae
640 2939 825 3002 facultates
842 2940 910 3003 sint
931 2960 950 3003 a
967 2939 1118 3004 Domino
1136 2943 1227 3024 apud
1244 2943 1434 3023 hominem,

306 3035 341 3099 in
364 3031 600 3098 transadtione
618 3033 669 3097 De
689 3033 814 3096 Divino
836 3035 964 3098 Amore
985 3043 1017 3097 et
1038 3033 1167 3100 Divina
1190 3037 1367 3120 Sapientia
1385 3041 1435 3124 (n.

307 3129 464 3211 264-270‚
483 3143 568 3211 4253
592 3139 628 3193 et
646 3151 782 3212 quoque
799 3149 912 3211 supra,
927 3149 958 3191 n.
971 3146 1025 3209 43,
1039 3129 1109 3212 44),
1124 3128 1237 3195 aetum
1255 3143 1319 3196 est.
1365 3133 1434 3200 Sed

306 3227 384 3310 quia
400 3225 499 3307 plura
514 3225 618 3288 dubia
630 3227 673 3288 de
690 3236 834 3307 utraque
850 3225 910 3288 illa
925 3224 1092 3288 facultate
1109 3227 1260 3293 incidere
1276 3242 1435 3310 possunt,

306 3341 383 3387 cum
403 3322 446 3385 de
463 3321 531 3384 illis
547 3323 731 3403 cogitatur,
749 3320 829 3384 volo
845 3322 879 3384 in
896 3320 961 3383 hoc
979 3320 1096 3385 limine
1116 3321 1228 3386 solum
1244 3324 1373 3406 aliquid
1390 3328 1435 3392 de

306 3418 414 3482 libero
433 3417 560 3500 agendi
580 3418 769 3481 secundum
788 3417 958 3479 rationem
978 3417 1069 3497 apud
1089 3417 1265 3482 hominem
1284 3421 1433 3486 tradere.

307 3525 365 3588 [2.]
399 3511 468 3578 Sed
496 3514 642 3595 primum
669 3512 848 3575 sciendum
875 3521 940 3586 est,
965 3512 1056 3594 quod
1085 3532 1187 3576 omne
1217 3512 1359 3578 liberum
1387 3519 1435 3582 sit

306 3609 442 3682 amoris,
463 3609 552 3671 adeo
568 3617 606 3670 ut
623 3627 718 3670 amor
734 3617 769 3670 et
788 3607 931 3671 liberum
949 3625 1052 3669 unum
1073 3609 1162 3686 sint;
1187 3617 1223 3671 et
1239 3610 1319 3690 quia
1336 3629 1436 3675 amor

306 3714 360 3766 est
373 3705 447 3766 vita
462 3703 621 3777 hominis,
635 3713 688 3766 est
701 3723 835 3785 quoque
848 3702 990 3765 liberum
1004 3703 1095 3766 vitae
1111 3701 1201 3783 ejus;
1223 3723 1325 3768 omne
1341 3708 1435 3772 enim

302 3797 500 3878 jucundum,
515 3797 607 3881 quod
624 3791 681 3860 est'
694 3797 836 3872 homini,
850 3808 904 3860 est
916 3819 962 3860 ex
979 3818 1096 3861 amore
1113 3796 1194 3878 ejus,
1210 3818 1279 3861 non
1295 3798 1437 3865 aliunde

306 3894 408 3957 datur
427 3893 566 3976 aliquod
587 3893 785 3975 jucundum,
806 3904 841 3957 et
865 3915 909 3956 ex
930 3893 1082 3974 jucundo
1105 3896 1234 3957 amoris
1257 3914 1360 3976 agere
1380 3909 1436 3961 est

306 4010 351 4053 ex
369 3989 502 4068 libero;
527 4008 606 4052 nam
623 3988 807 4070 jucundum
832 3989 927 4050 ducit
952 3988 1127 4052 hominem
1146 3990 1234 4053 sicut
1255 3989 1379 4054 flumen
1400 3992 1436 4055 id

306 4085 399 4168 quod
416 4086 521 4149 fertur
534 4107 578 4148 ex
592 4085 830 4148 sesecundum
843 4103 965 4147 venam
980 4082 1060 4165 ejus.
1096 4084 1195 4148 Nunc
1209 4087 1287 4168 quia
1299 4105 1438 4151 amores

306 4191 386 4245 sunt
402 4181 526 4264 plures,
541 4181 679 4263 quidam
696 4181 962 4254 concordantes,
976 4190 1011 4242 et
1027 4181 1165 4262 quidam
1182 4181 1435 4258 discordanteS,

307 4277 461 4360 sequitur
482 4276 574 4358 quod
601 4274 708 4340 libera
735 4274 892 4338 similiter
920 4275 1016 4357 plura
1044 4277 1129 4338 sint:
1160 4276 1222 4340 sed
1249 4279 1283 4340 in
1307 4297 1435 4358 genere

307 4370 434 4436 dantur
451 4372 516 4435 tria
535 4370 665 4450 libera;
694 4371 861 4444 naturale,
882 4371 1062 4446 rationale,
1083 4383 1119 4436 et
1143 4372 1329 4454 spirituale.
1377 4385 1437 4446 [sn

306 4466 465 4530 Liberum
484 4463 642 4531 naturale
656 4476 709 4531 est
728 4467 834 4531 cuivis
853 4467 982 4530 homini
999 4489 1044 4531 ex
1062 4468 1257 4532 hereditate
1273 4489 1280 4544 ;
1305 4487 1350 4531 ex
1368 4466 1433 4529 hoc

307 4561 412 4625 homo
436 4583 504 4626 non
531 4574 626 4626 amat
645 4563 736 4626 aliud
765 4583 866 4646 quam
890 4584 926 4626 se
950 4574 985 4626 et
1010 4565 1197 4640 mundum;
1230 4562 1301 4645 ejus
1325 4563 1436 4645 prima

306 4660 379 4721 vita
396 4679 464 4721 non
482 4658 573 4720 aliud
590 4669 655 4722 est.
694 4657 742 4721 Et
759 4661 837 4741 quia
849 4661 964 4722 omnia
980 4660 1071 4723 mala
1087 4681 1132 4724 ex
1149 4658 1238 4722 binis
1254 4659 1322 4723 illis
1338 4676 1436 4722 amo·
