3418 5370
529 696 580 745 ΒΕ
604 695 743 745 mvnvs
765 693 1120 745 moymarum—u.
1141 693 1213 760 ²79·
1371 693 1435 758 227

298 866 546 935 Providentiae
562 887 624 952 pro
640 865 708 932 fine
726 867 879 932 habeant
894 866 1177 930 reformationem
1195 873 1233 930 et
1251 864 1299 928 sic
1319 863 1434 928 salva·

300 967 435 1030 tionem
446 964 595 1029 hominis
608 985 616 1043 ;
636 963 685 1028 ita
700 964 932 1028 inversionem
948 972 1063 1026 status
1076 960 1158 1044 ejus,
1172 961 1229 1045 qui
1246 961 1435 1025 nativitate

302 1071 357 1125 est
380 1059 567 1134 infernalia,
589 1060 623 1122 in
643 1060 853 1141 oppositum,
873 1057 930 1140 qui
953 1065 1007 1122 est
1031 1055 1215 1134 caelestis;
1247 1055 1340 1138 quod
1363 1077 1433 1119 non

302 1155 373 1220 fieri
402 1163 523 1239 potest
546 1154 610 1217 nisi
634 1154 864 1238 progressive,
888 1153 978 1216 sicut
1001 1151 1107 1216 homo
1129 1150 1262 1215 recedit
1289 1172 1310 1215 a
1339 1151 1435 1215 malo

304 1262 341 1316 et
370 1250 442 1333 ejus
466 1249 618 1333 jucundo
641 1269 681 1312 ac
710 1251 820 1314 intrat
849 1248 884 1312 in
914 1248 1043 1312 bonum
1074 1257 1111 1311 et
1137 1245 1210 1330 ejus
1234 1246 1433 1330 jucundum.

304 1353 362 1414 [5.]
379 1346 553 1410 Tertium:
580 1344 678 1426 Quod
688 1344 745 1409 illi
753 1345 814 1428 qui
822 1344 873 1409 ita
882 1344 1031 1420 credunt,
1042 1342 1132 1406 nnn
1139 1343 1314 1426 quicquam
1325 1341 1436 1406 sciant

303 1442 388 1524 quid
398 1442 524 1507 malum
538 1453 570 1506 et
584 1442 670 1526 quid
685 1441 803 1505 bonum
817 1463 830 1504 .·
854 1461 922 1505 non
942 1443 1034 1504 enim
1051 1441 1175 1515 sciunt,
1192 1439 1284 1523 quod
1304 1439 1432 1502 malum

303 1540 348 1603 sit
363 1538 550 1620 jucundum
574 1539 879 1621 concupiscentiae
898 1538 1025 1620 agendi
1049 1548 1084 1600 et
1108 1537 1287 1619 cogitandi
1311 1548 1433 1599 contra

304 1634 468 1700 Divinum
484 1637 651 1711 ordinem,
669 1645 705 1698 et
725 1635 816 1717 quod
834 1635 961 1697 bonum
978 1635 1023 1695 sit
1036 1631 1223 1714 jucundum
1243 1629 1432 1696 affedlionis

303 1731 430 1813 agendi
447 1742 483 1796 et
500 1731 680 1814 cogitandi
699 1730 888 1793 secundum
906 1728 1069 1792 Divinum
1085 1729 1239 1791 ordinem
1255 1749 1262 1805 ;
1287 1739 1323 1793 et
1340 1728 1431 1812 quod

304 1827 479 1908 myriades
498 1827 854 1909 concupiscentiarum
875 1826 956 1899 sint,
978 1844 1065 1908 quae
1089 1825 1340 1907 unumquodvis
1358 1843 1433 1887 ma-

304 1919 374 1986 lum
391 1924 628 2006 ingrediuntur
644 1932 680 1986 et
696 1931 921 2004 componunt,
933 1930 969 1984 et
985 1921 1078 2005 quod
1095 1921 1267 2002 myriades
1279 1918 1435 1986 afleitio·

304 2037 384 2081 num
415 2021 495 2096 sint,
524 2040 611 2102 quae
642 2018 801 2082 similiter
826 2017 1077 2101 unumquodvis
1108 2017 1247 2092 bonum,
1276 2028 1311 2080 et
1339 2016 1433 2101 quod

304 2115 477 2194 myriades
497 2113 577 2178 illae
600 2115 635 2178 in
659 2115 722 2179 tali
746 2114 867 2177 ordine
890 2123 927 2179 et
952 2133 1044 2177 nexu
1068 2115 1137 2177 sint
1157 2114 1189 2176 in
1214 2114 1433 2177 interioribus

303 2208 462 2286 hominis,
488 2220 526 2274 ut
555 2231 623 2273 non
647 2229 750 2273 unum
781 2211 891 2292 possit
923 2210 1059 2286 mutari,
1084 2210 1148 2273 nisi
1175 2209 1275 2272 simul
1305 2211 1437 2274 omnia.

304 2302 370 2379 Illi,
391 2307 447 2388 qui
466 2306 532 2368 hoc
551 2324 620 2368 non
640 2307 764 2380 sciunt,
779 2306 919 2369 credere
936 2326 996 2369 seu
1015 2306 1146 2388 opinari
1165 2315 1321 2386 possunt,
1339 2304 1435 2387 quod

304 2400 443 2475 malum,
464 2400 556 2484 quod
580 2410 617 2463 ut
642 2402 778 2464 unicum
798 2419 914 2466 coram
938 2400 1007 2464 illis
1026 2409 1181 2482 apparet,
1202 2402 1312 2482 possit
1330 2401 1431 2466 facile

303 2498 482 2572 removeri,
496 2507 532 2560 et
553 2498 693 2570 bonum,
708 2497 800 2580 quod
816 2499 922 2559 etiam
940 2505 976 2559 ut
994 2497 1129 2559 unicum
1146 2507 1301 2578 apparet,
1319 2499 1431 2580 possit

304 2592 383 2656 loco
399 2592 469 2673 ejus
488 2593 613 2657 inferri.
660 2591 706 2655 Hi
726 2593 805 2674 quia
823 2611 892 2656 non
912 2593 1025 2655 sciunt
1044 2593 1122 2673 quid
1143 2592 1271 2656 malum
1294 2593 1432 2676 etquid

304 2687 443 2762 bonum,
464 2709 533 2752 non
553 2697 699 2770 possunt
717 2687 819 2752 aliter
837 2707 940 2770 quarn
959 2687 1103 2769 opinari,
1121 2687 1212 2771 quod
1236 2688 1337 2752 detur
1356 2709 1433 2752 mo·

304 2793 490 2847 mentanea
513 2785 662 2847 salvatio
684 2791 720 2848 et
744 2784 943 2847 immediata
965 2783 1221 2862 misericordia;
1255 2783 1316 2847 sed
1339 2784 1432 2866 quod

305 2896 373 2941 non
384 2878 517 2942 dabiles
529 2881 610 2951 sint,
619 2879 792 2942 videbitur
801 2881 834 2942 in
848 2879 969 2942 ultimo
980 2879 1197 2961 paragrapho
1209 2877 1306 2960 hujus
1317 2889 1433 2942 trans-

304 2971 459 3038 adtionis.
486 2983 542 3042 [6.]
563 2973 734 3056 Quartum
747 2995 754 3036 :
775 2974 872 3052 Quod
882 2975 938 3038 illi
951 2975 1012 3058 qui
1024 2975 1162 3038 crodunt
1173 2986 1435 3038 momentaneam

304 3068 527 3134 salvationem
543 3079 577 3133 et
593 3069 822 3132 immediatam
841 3070 1118 3144 misericordiam,
1136 3091 1199 3132 non
1218 3071 1328 3134 sciant
1344 3067 1437 3152 quod

304 3163 601 3247 affectiones,quae
611 3174 692 3227 sunt
700 3164 894 3239 voluntatis,
905 3165 974 3229 sint
985 3186 1096 3228 merae
1107 3167 1309 3228 mutationes
1319 3175 1433 3228 status

304 3259 577 3323 substantiarum
588 3270 676 3340 pure
690 3260 931 3342 organicorum
946 3261 1065 3325 mentis
1074 3283 1088 3334 ,·
1107 3271 1139 3324 rt
1153 3261 1244 3342 quod
1254 3261 1434 3342 cogitatio·

305 3375 371 3430 nes,
392 3376 477 3437 quae
498 3364 581 3418 sunt
600 3353 796 3431 intelleiiuS,
817 3356 887 3419 sint
904 3377 1016 3419 merae
1037 3355 1236 3418 mutationes
1259 3365 1291 3418 et
1312 3356 1432 3418 varia·

305 3449 409 3513 tiones
423 3451 562 3530 formae
577 3449 744 3525 illarum;
766 3461 799 3515 et
813 3451 904 3535 quod
917 3451 1077 3515 memoria
1094 3451 1142 3514 sit
1155 3461 1268 3514 status
1286 3451 1434 3515 istarum

305 3545 525 3610 mutationum
547 3555 580 3609 et
601 3546 829 3610 narrationum
846 3557 1057 3629 permanens.
1104 3545 1190 3628 Quis
1213 3567 1282 3610 non
1302 3567 1432 3628 agnos·

306 3641 363 3715 cit,
384 3641 523 3725 quando
546 3640 680 3718 dicitur,
705 3641 797 3726 quod
820 3641 1018 3707 affeiliones
1041 3651 1078 3705 et
1101 3643 1338 3724 cogitationes
1362 3663 1433 3707 non

305 3734 430 3799 dentur
460 3735 525 3799 nisi
557 3737 592 3800 in
625 3739 830 3802 substantiis
861 3746 896 3802 et
930 3757 1047 3802 earum
1079 3737 1206 3814 formis,
1233 3760 1320 3822 quae
1350 3747 1432 3802 sunt

304 3829 468 3915 subjeila,
497 3841 534 3898 et
556 3834 636 3918 quia
659 3835 785 3898 dantur
815 3835 848 3897 in
879 3831 1060 3910 ¹¹¹cerebro,
1084 3835 1177 3917 quod
1205 3834 1345 3917 plenum
1375 3844 1432 3898 est

305 3930 511 3994 substantiis
543 3940 580 3995 et
611 3931 739 4006 formis,
764 3943 933 3995 vocantur
962 3932 1091 3995 formae
1122 3952 1204 4014 pure
1235 3933 1431 4013 organicae.

304 4025 428 4100 Nemo,
446 4028 502 4109 qui
525 4027 742 4091 rationaliter
765 4029 911 4108 cogitat,
932 4048 1001 4091 non
1025 4038 1144 4110 potest
1168 4047 1238 4090 non
1256 4029 1368 4092 ridere
1386 4028 1431 4091 ad

304 4123 518 4204 quorundam
546 4123 760 4205 phantasias,
785 4121 877 4205 quod
903 4120 1103 4187 affectiones
1129 4132 1165 4187 et
1196 4124 1433 4205 cogitationes

305 4236 373 4280 non
397 4219 466 4280 sint
490 4217 524 4280 in
548 4214 711 4299 subjectis
734 4216 985 4294 substantiatis,
1006 4221 1067 4282 sed
1093 4218 1184 4302 quod
1207 4221 1278 4282 sint
1302 4219 1433 4282 halitus

304 4311 490 4376 modificati
513 4333 534 4377 a
557 4313 674 4378 calore
697 4322 733 4376 et
757 4312 844 4388 luce,
864 4313 952 4376 sicut
971 4325 1181 4397 apparentes
1204 4315 1373 4396 imagines
1396 4315 1433 4378 in

304 4427 382 4473 aere
400 4418 436 4472 et
453 4409 618 4488 aethere;
650 4428 728 4474 cum
747 4419 866 4472 tamen
886 4411 1056 4491 cogitatio
1076 4431 1145 4475 non
1164 4408 1241 4491 plus
1260 4411 1333 4473 dari
1351 4419 1432 4493 pot·

304 4514 358 4568 est
378 4515 540 4586 separata
562 4527 583 4568 a
606 4506 715 4570 sorma
737 4505 968 4580 substantiali,
989 4526 1091 4590 quam
1110 4507 1202 4570 visus
1221 4527 1241 4568 a
1260 4527 1321 4569 sua
1343 4527 1433 4588 quae

304 4611 358 4664 est
378 4600 508 4674 oculus,
529 4601 666 4664 auditus
685 4622 706 4665 a
724 4622 784 4664 sua
804 4621 891 4684 quae
910 4603 1009 4676 auris,
1030 4613 1065 4666 et
1085 4613 1206 4684 gustus
1225 4623 1246 4665 a
1264 4623 1324 4665 sua
1343 4623 1434 4684 quae

301 4705 358 4760 est
378 4694 519 4778 lingua.'
551 4693 678 4779 Spedla
694 4695 883 4772 cerebrum,
901 4706 936 4760 et
954 4698 1086 4761 videbis
1102 4698 1316 4761 substantias
1333 4698 1431 4759 innu-
