<?xml version="1.0" encoding="UTF-8"?>
<!DOCTYPE html PUBLIC "-//W3C//DTD XHTML 1.0 Transitional//EN"
    "http://www.w3.org/TR/xhtml1/DTD/xhtml1-transitional.dtd">
<html xmlns="http://www.w3.org/1999/xhtml" xml:lang="en" lang="en">
 <head>
  <title>
</title>
<meta http-equiv="Content-Type" content="text/html;charset=utf-8" />
  <meta name='ocr-system' content='tesseract 3.04.00' />
  <meta name='ocr-capabilities' content='ocr_page ocr_carea ocr_par ocr_line ocrx_word'/>
</head>
<body>
  <div class='ocr_page' id='page_1' title='image "./sapientaangelic01swedgoog_0065.png"; bbox 0 0 3358 5384; ppageno 0'>
   <div class='ocr_carea' id='block_1_1' title="bbox 347 636 1120 706">
    <p class='ocr_par' dir='ltr' id='par_1_1' title="bbox 347 636 1120 706">
     <span class='ocr_line' id='line_1_1' title="bbox 347 636 1120 706; baseline 0.001 -18"><span class='ocrx_word' id='word_1_1' title='bbox 347 637 388 706; x_wconf 82' lang='grc'>50</span> <span class='ocrx_word' id='word_1_2' title='bbox 698 637 901 688; x_wconf 76' lang='lat' dir='ltr'><strong>SAPIENTIA</strong></span> <span class='ocrx_word' id='word_1_3' title='bbox 924 636 1120 690; x_wconf 76' lang='lat' dir='ltr'><strong>ANGELICA</strong></span> 
     </span>
    </p>
   </div>
   <div class='ocr_carea' id='block_1_2' title="bbox 341 809 1472 1752">
    <p class='ocr_par' dir='ltr' id='par_1_2' title="bbox 341 809 1472 1752">
     <span class='ocr_line' id='line_1_2' title="bbox 344 809 1472 896; baseline 0.003 -23"><span class='ocrx_word' id='word_1_4' title='bbox 344 809 533 892; x_wconf 85' lang='lat' dir='ltr'>sapientiae</span> <span class='ocrx_word' id='word_1_5' title='bbox 554 809 598 872; x_wconf 90' lang='lat' dir='ltr'>ab</span> <span class='ocrx_word' id='word_1_6' title='bbox 616 809 762 892; x_wconf 85' lang='lat' dir='ltr'><strong>angelis,</strong></span> <span class='ocrx_word' id='word_1_7' title='bbox 782 809 917 873; x_wconf 90' lang='lat' dir='ltr'>dicetur</span> <span class='ocrx_word' id='word_1_8' title='bbox 939 809 983 874; x_wconf 90' lang='lat' dir='ltr'>de</span> <span class='ocrx_word' id='word_1_9' title='bbox 1006 811 1189 887; x_wconf 87' lang='lat' dir='ltr'>varietate,</span> <span class='ocrx_word' id='word_1_10' title='bbox 1209 831 1254 875; x_wconf 86' lang='lat' dir='ltr'>ex</span> <span class='ocrx_word' id='word_1_11' title='bbox 1278 831 1345 895; x_wconf 91' lang='lat' dir='ltr'>qua</span> <span class='ocrx_word' id='word_1_12' title='bbox 1362 831 1472 896; x_wconf 85' lang='lat' dir='ltr'>appa·</span> 
     </span>
     <span class='ocr_line' id='line_1_3' title="bbox 343 905 1471 991; baseline 0.002 -21"><span class='ocrx_word' id='word_1_13' title='bbox 343 907 455 970; x_wconf 88' lang='lat' dir='ltr'>rentia</span> <span class='ocrx_word' id='word_1_14' title='bbox 474 905 534 969; x_wconf 95' lang='lat' dir='ltr'>illa</span> <span class='ocrx_word' id='word_1_15' title='bbox 552 907 686 970; x_wconf 88' lang='lat' dir='ltr'>existit.</span> <span class='ocrx_word' id='word_1_16' title='bbox 733 905 903 970; x_wconf 86' lang='lat' dir='ltr'>Dominus</span> <span class='ocrx_word' id='word_1_17' title='bbox 921 915 975 970; x_wconf 90' lang='lat' dir='ltr'>est</span> <span class='ocrx_word' id='word_1_18' title='bbox 999 907 1033 970; x_wconf 94' lang='lat' dir='ltr'>in</span> <span class='ocrx_word' id='word_1_19' title='bbox 1056 906 1185 990; x_wconf 90' lang='lat' dir='ltr'>angelo</span> <span class='ocrx_word' id='word_1_20' title='bbox 1207 917 1244 971; x_wconf 91' lang='lat' dir='ltr'>et</span> <span class='ocrx_word' id='word_1_21' title='bbox 1267 906 1413 991; x_wconf 84' lang='lat' dir='ltr'>angelus</span> <span class='ocrx_word' id='word_1_22' title='bbox 1435 907 1471 972; x_wconf 88' lang='lat' dir='ltr'>in</span> 
     </span>
     <span class='ocr_line' id='line_1_4' title="bbox 345 999 1471 1084; baseline 0.004 -20"><span class='ocrx_word' id='word_1_23' title='bbox 345 999 506 1076; x_wconf 90' lang='lat' dir='ltr'>Domino,</span> <span class='ocrx_word' id='word_1_24' title='bbox 531 1010 569 1064; x_wconf 89' lang='lat' dir='ltr'>ut</span> <span class='ocrx_word' id='word_1_25' title='bbox 599 1002 633 1064; x_wconf 92' lang='lat' dir='ltr'>in</span> <span class='ocrx_word' id='word_1_26' title='bbox 661 1001 808 1065; x_wconf 90' lang='lat' dir='ltr'>articulo</span> <span class='ocrx_word' id='word_1_27' title='bbox 835 1001 1067 1084; x_wconf 81' lang='lat' dir='ltr'>praecedente</span> <span class='ocrx_word' id='word_1_28' title='bbox 1090 1013 1270 1068; x_wconf 88' lang='lat' dir='ltr'>ostensum</span> <span class='ocrx_word' id='word_1_29' title='bbox 1299 1012 1375 1082; x_wconf 84' lang='lat' dir='ltr'>est3</span> <span class='ocrx_word' id='word_1_30' title='bbox 1408 1003 1471 1068; x_wconf 92' lang='lat' dir='ltr'>sed</span> 
     </span>
     <span class='ocr_line' id='line_1_5' title="bbox 343 1095 1469 1182; baseline 0.005 -23"><span class='ocrx_word' id='word_1_31' title='bbox 343 1098 422 1179; x_wconf 90' lang='lat' dir='ltr'>quia</span> <span class='ocrx_word' id='word_1_32' title='bbox 440 1106 585 1179; x_wconf 91' lang='lat' dir='ltr'>apparet</span> <span class='ocrx_word' id='word_1_33' title='bbox 605 1098 692 1161; x_wconf 91' lang='lat' dir='ltr'>sicut</span> <span class='ocrx_word' id='word_1_34' title='bbox 711 1095 881 1160; x_wconf 88' lang='lat' dir='ltr'>Dominus</span> <span class='ocrx_word' id='word_1_35' title='bbox 900 1106 939 1161; x_wconf 90' lang='lat' dir='ltr'>ut</span> <span class='ocrx_word' id='word_1_36' title='bbox 961 1095 1021 1162; x_wconf 88' lang='lat' dir='ltr'>Sol</span> <span class='ocrx_word' id='word_1_37' title='bbox 1045 1099 1091 1162; x_wconf 89' lang='lat' dir='ltr'>sit</span> <span class='ocrx_word' id='word_1_38' title='bbox 1114 1107 1216 1162; x_wconf 87' lang='lat' dir='ltr'>extra</span> <span class='ocrx_word' id='word_1_39' title='bbox 1234 1097 1342 1174; x_wconf 91' lang='lat' dir='ltr'>illum,</span> <span class='ocrx_word' id='word_1_40' title='bbox 1362 1118 1469 1182; x_wconf 87' lang='lat' dir='ltr'>appa·</span> 
     </span>
     <span class='ocr_line' id='line_1_6' title="bbox 343 1191 1469 1277; baseline 0.004 -23"><span class='ocrx_word' id='word_1_41' title='bbox 343 1204 396 1255; x_wconf 88' lang='lat' dir='ltr'>ret</span> <span class='ocrx_word' id='word_1_42' title='bbox 417 1193 522 1256; x_wconf 92' lang='lat' dir='ltr'>etiam</span> <span class='ocrx_word' id='word_1_43' title='bbox 542 1193 633 1275; x_wconf 89' lang='lat' dir='ltr'>quod</span> <span class='ocrx_word' id='word_1_44' title='bbox 653 1191 822 1256; x_wconf 88' lang='lat' dir='ltr'>Dominus</span> <span class='ocrx_word' id='word_1_45' title='bbox 841 1193 959 1257; x_wconf 92' lang='lat' dir='ltr'>videat</span> <span class='ocrx_word' id='word_1_46' title='bbox 978 1192 1073 1256; x_wconf 92' lang='lat' dir='ltr'>illum</span> <span class='ocrx_word' id='word_1_47' title='bbox 1093 1214 1113 1257; x_wconf 89' lang='lat' dir='ltr'>e</span> <span class='ocrx_word' id='word_1_48' title='bbox 1132 1191 1225 1268; x_wconf 88' lang='lat' dir='ltr'>Sole,</span> <span class='ocrx_word' id='word_1_49' title='bbox 1246 1203 1282 1257; x_wconf 91' lang='lat' dir='ltr'>et</span> <span class='ocrx_word' id='word_1_50' title='bbox 1301 1195 1393 1277; x_wconf 90' lang='lat' dir='ltr'>quod</span> <span class='ocrx_word' id='word_1_51' title='bbox 1411 1193 1469 1260; x_wconf 91' lang='lat' dir='ltr'>ille</span> 
     </span>
     <span class='ocr_line' id='line_1_7' title="bbox 342 1285 1468 1372; baseline 0.004 -22"><span class='ocrx_word' id='word_1_52' title='bbox 342 1288 458 1352; x_wconf 89' lang='lat' dir='ltr'>videat</span> <span class='ocrx_word' id='word_1_53' title='bbox 470 1287 656 1352; x_wconf 90' lang='lat' dir='ltr'>Dominum</span> <span class='ocrx_word' id='word_1_54' title='bbox 673 1288 707 1351; x_wconf 91' lang='lat' dir='ltr'>in</span> <span class='ocrx_word' id='word_1_55' title='bbox 723 1285 816 1363; x_wconf 88' lang='lat' dir='ltr'>Sole,</span> <span class='ocrx_word' id='word_1_56' title='bbox 828 1288 920 1370; x_wconf 89' lang='lat' dir='ltr'>quod</span> <span class='ocrx_word' id='word_1_57' title='bbox 933 1299 987 1353; x_wconf 91' lang='lat' dir='ltr'>est</span> <span class='ocrx_word' id='word_1_58' title='bbox 1004 1309 1115 1371; x_wconf 89' lang='lat' dir='ltr'>paene</span> <span class='ocrx_word' id='word_1_59' title='bbox 1127 1290 1217 1352; x_wconf 91' lang='lat' dir='ltr'>sicut</span> <span class='ocrx_word' id='word_1_60' title='bbox 1233 1289 1349 1372; x_wconf 85' lang='lat' dir='ltr'>imago</span> <span class='ocrx_word' id='word_1_61' title='bbox 1360 1308 1468 1372; x_wconf 87' lang='lat' dir='ltr'>appa·</span> 
     </span>
     <span class='ocr_line' id='line_1_8' title="bbox 342 1381 1466 1469; baseline 0.003 -22"><span class='ocrx_word' id='word_1_62' title='bbox 342 1393 395 1447; x_wconf 88' lang='lat' dir='ltr'>ret</span> <span class='ocrx_word' id='word_1_63' title='bbox 411 1385 443 1446; x_wconf 94' lang='lat' dir='ltr'>in</span> <span class='ocrx_word' id='word_1_64' title='bbox 460 1384 611 1467; x_wconf 93' lang='lat' dir='ltr'>speculo.</span> <span class='ocrx_word' id='word_1_65' title='bbox 658 1381 773 1466; x_wconf 86' lang='lat' dir='ltr'>Quare</span> <span class='ocrx_word' id='word_1_66' title='bbox 789 1385 817 1446; x_wconf 88' lang='lat' dir='ltr'>si</span> <span class='ocrx_word' id='word_1_67' title='bbox 834 1405 879 1447; x_wconf 86' lang='lat' dir='ltr'>ex</span> <span class='ocrx_word' id='word_1_68' title='bbox 896 1386 1099 1467; x_wconf 86' lang='lat' dir='ltr'>apparentia</span> <span class='ocrx_word' id='word_1_69' title='bbox 1111 1384 1171 1448; x_wconf 94' lang='lat' dir='ltr'>illa</span> <span class='ocrx_word' id='word_1_70' title='bbox 1184 1383 1393 1469; x_wconf 89' lang='lat' dir='ltr'>loquendum</span> <span class='ocrx_word' id='word_1_71' title='bbox 1409 1387 1466 1462; x_wconf 90' lang='lat' dir='ltr'>sit,</span> 
     </span>
     <span class='ocr_line' id='line_1_9' title="bbox 342 1478 1467 1562; baseline 0.003 -20"><span class='ocrx_word' id='word_1_72' title='bbox 342 1487 424 1542; x_wconf 93' lang='lat' dir='ltr'>tunc</span> <span class='ocrx_word' id='word_1_73' title='bbox 437 1499 491 1542; x_wconf 90' lang='lat' dir='ltr'>res</span> <span class='ocrx_word' id='word_1_74' title='bbox 505 1478 585 1542; x_wconf 94' lang='lat' dir='ltr'>talis</span> <span class='ocrx_word' id='word_1_75' title='bbox 597 1488 652 1543; x_wconf 87' lang='lat' dir='ltr'>est</span> <span class='ocrx_word' id='word_1_76' title='bbox 667 1500 674 1556; x_wconf 86' lang='lat'>;</span> <span class='ocrx_word' id='word_1_77' title='bbox 699 1478 790 1562; x_wconf 91' lang='lat' dir='ltr'>quod</span> <span class='ocrx_word' id='word_1_78' title='bbox 804 1478 973 1544; x_wconf 90' lang='lat' dir='ltr'>Dominus</span> <span class='ocrx_word' id='word_1_79' title='bbox 985 1480 1103 1544; x_wconf 92' lang='lat' dir='ltr'>videat</span> <span class='ocrx_word' id='word_1_80' title='bbox 1119 1490 1155 1545; x_wconf 93' lang='lat' dir='ltr'>et</span> <span class='ocrx_word' id='word_1_81' title='bbox 1172 1479 1334 1562; x_wconf 91' lang='lat' dir='ltr'>inspiciat</span> <span class='ocrx_word' id='word_1_82' title='bbox 1347 1499 1467 1545; x_wconf 89' lang='lat' dir='ltr'>unum·</span> 
     </span>
     <span class='ocr_line' id='line_1_10' title="bbox 341 1573 1467 1658; baseline 0.004 -23"><span class='ocrx_word' id='word_1_83' title='bbox 341 1575 495 1656; x_wconf 90' lang='lat' dir='ltr'>quemvis</span> <span class='ocrx_word' id='word_1_84' title='bbox 513 1573 599 1638; x_wconf 83' lang='lat' dir='ltr'>facie</span> <span class='ocrx_word' id='word_1_85' title='bbox 618 1575 662 1637; x_wconf 92' lang='lat' dir='ltr'>ad</span> <span class='ocrx_word' id='word_1_86' title='bbox 681 1573 815 1650; x_wconf 82' lang='lat' dir='ltr'>faciem,</span> <span class='ocrx_word' id='word_1_87' title='bbox 836 1575 897 1638; x_wconf 93' lang='lat' dir='ltr'>sed</span> <span class='ocrx_word' id='word_1_88' title='bbox 918 1575 1008 1658; x_wconf 76' lang='lat' dir='ltr'>qaod</span> <span class='ocrx_word' id='word_1_89' title='bbox 1025 1575 1175 1638; x_wconf 89' lang='lat' dir='ltr'>vicissim</span> <span class='ocrx_word' id='word_1_90' title='bbox 1194 1573 1311 1657; x_wconf 83' lang='lat' dir='ltr'>angeli</span> <span class='ocrx_word' id='word_1_91' title='bbox 1331 1595 1400 1638; x_wconf 93' lang='lat' dir='ltr'>non</span> <span class='ocrx_word' id='word_1_92' title='bbox 1419 1576 1467 1640; x_wconf 89' lang='lat' dir='ltr'>ita</span> 
     </span>
     <span class='ocr_line' id='line_1_11' title="bbox 341 1667 1466 1752; baseline 0.004 -21"><span class='ocrx_word' id='word_1_93' title='bbox 341 1667 548 1732; x_wconf 91' lang='lat' dir='ltr'>Dominum:</span> <span class='ocrx_word' id='word_1_94' title='bbox 574 1669 623 1733; x_wconf 93' lang='lat' dir='ltr'>illi</span> <span class='ocrx_word' id='word_1_95' title='bbox 642 1671 698 1752; x_wconf 89' lang='lat' dir='ltr'>qui</span> <span class='ocrx_word' id='word_1_96' title='bbox 717 1671 750 1732; x_wconf 91' lang='lat' dir='ltr'>in</span> <span class='ocrx_word' id='word_1_97' title='bbox 770 1689 886 1732; x_wconf 91' lang='lat' dir='ltr'>amore</span> <span class='ocrx_word' id='word_1_98' title='bbox 905 1671 938 1732; x_wconf 94' lang='lat' dir='ltr'>in</span> <span class='ocrx_word' id='word_1_99' title='bbox 959 1668 1144 1733; x_wconf 92' lang='lat' dir='ltr'>Dominum</span> <span class='ocrx_word' id='word_1_100' title='bbox 1167 1691 1188 1733; x_wconf 90' lang='lat' dir='ltr'>a</span> <span class='ocrx_word' id='word_1_101' title='bbox 1207 1668 1358 1733; x_wconf 92' lang='lat' dir='ltr'>Domino</span> <span class='ocrx_word' id='word_1_102' title='bbox 1374 1681 1466 1748; x_wconf 90' lang='lat' dir='ltr'>sunt,</span> 
     </span>
    </p>
   </div>
   <div class='ocr_carea' id='block_1_3' title="bbox 340 1761 1578 1846">
    <p class='ocr_par' dir='ltr' id='par_1_3' title="bbox 340 1761 1578 1846">
     <span class='ocr_line' id='line_1_12' title="bbox 340 1761 1578 1846; baseline 0.004 -21"><span class='ocrx_word' id='word_1_103' title='bbox 340 1764 461 1828; x_wconf 92' lang='lat' dir='ltr'>vident</span> <span class='ocrx_word' id='word_1_104' title='bbox 474 1764 591 1846; x_wconf 91' lang='lat' dir='ltr'>Ipsum</span> <span class='ocrx_word' id='word_1_105' title='bbox 604 1761 743 1840; x_wconf 70' lang='lat' dir='ltr'>diredie,</span> <span class='ocrx_word' id='word_1_106' title='bbox 758 1765 837 1828; x_wconf 94' lang='lat' dir='ltr'>ideo</span> <span class='ocrx_word' id='word_1_107' title='bbox 852 1763 901 1827; x_wconf 93' lang='lat' dir='ltr'>illi</span> <span class='ocrx_word' id='word_1_108' title='bbox 917 1774 999 1828; x_wconf 89' lang='lat' dir='ltr'>sunt</span> <span class='ocrx_word' id='word_1_109' title='bbox 1014 1766 1047 1828; x_wconf 93' lang='lat' dir='ltr'>in</span> <span class='ocrx_word' id='word_1_110' title='bbox 1064 1766 1196 1828; x_wconf 91' lang='lat' dir='ltr'>oriente</span> <span class='ocrx_word' id='word_1_111' title='bbox 1209 1773 1246 1828; x_wconf 88' lang='lat' dir='ltr'>et</span> <span class='ocrx_word' id='word_1_112' title='bbox 1262 1765 1465 1830; x_wconf 87' lang='lat' dir='ltr'>occidente:</span> <span class='ocrx_word' id='word_1_113' title='bbox 1575 1831 1578 1838; x_wconf 81' lang='grc'><em>,</em></span> 
     </span>
    </p>
   </div>
   <div class='ocr_carea' id='block_1_4' title="bbox 263 1858 1465 4712">
    <p class='ocr_par' dir='ltr' id='par_1_4' title="bbox 336 1858 1465 2900">
     <span class='ocr_line' id='line_1_13' title="bbox 340 1858 1463 1942; baseline 0.002 -20"><span class='ocrx_word' id='word_1_114' title='bbox 340 1858 389 1922; x_wconf 94' lang='lat' dir='ltr'>illi</span> <span class='ocrx_word' id='word_1_115' title='bbox 408 1869 524 1922; x_wconf 86' lang='lat' dir='ltr'>autem</span> <span class='ocrx_word' id='word_1_116' title='bbox 542 1860 598 1942; x_wconf 91' lang='lat' dir='ltr'>qui</span> <span class='ocrx_word' id='word_1_117' title='bbox 617 1860 693 1942; x_wconf 88' lang='lat' dir='ltr'>plus</span> <span class='ocrx_word' id='word_1_118' title='bbox 712 1860 745 1922; x_wconf 94' lang='lat' dir='ltr'>in</span> <span class='ocrx_word' id='word_1_119' title='bbox 761 1860 931 1941; x_wconf 89' lang='lat' dir='ltr'>sapientia</span> <span class='ocrx_word' id='word_1_120' title='bbox 949 1869 1041 1935; x_wconf 92' lang='lat' dir='ltr'>sunt,</span> <span class='ocrx_word' id='word_1_121' title='bbox 1059 1860 1179 1923; x_wconf 90' lang='lat' dir='ltr'>vident</span> <span class='ocrx_word' id='word_1_122' title='bbox 1199 1859 1384 1924; x_wconf 89' lang='lat' dir='ltr'>Dominum</span> <span class='ocrx_word' id='word_1_123' title='bbox 1401 1861 1463 1925; x_wconf 94' lang='lat' dir='ltr'>ob·</span> 
     </span>
     <span class='ocr_line' id='line_1_14' title="bbox 340 1953 1465 2040; baseline 0.004 -23"><span class='ocrx_word' id='word_1_124' title='bbox 340 1953 431 2037; x_wconf 88' lang='lat' dir='ltr'>lique</span> <span class='ocrx_word' id='word_1_125' title='bbox 450 1955 493 2017; x_wconf 93' lang='lat' dir='ltr'>ad</span> <span class='ocrx_word' id='word_1_126' title='bbox 510 1955 694 2032; x_wconf 82' lang='lat' dir='ltr'>dextrum3</span> <span class='ocrx_word' id='word_1_127' title='bbox 714 1963 750 2017; x_wconf 88' lang='lat' dir='ltr'>et</span> <span class='ocrx_word' id='word_1_128' title='bbox 769 1954 826 2036; x_wconf 89' lang='lat' dir='ltr'>qui</span> <span class='ocrx_word' id='word_1_129' title='bbox 845 1955 955 2018; x_wconf 92' lang='lat' dir='ltr'>minus</span> <span class='ocrx_word' id='word_1_130' title='bbox 977 1956 1011 2018; x_wconf 95' lang='lat' dir='ltr'>in</span> <span class='ocrx_word' id='word_1_131' title='bbox 1031 1955 1200 2037; x_wconf 86' lang='lat' dir='ltr'>sapientia</span> <span class='ocrx_word' id='word_1_132' title='bbox 1218 1965 1311 2032; x_wconf 85' lang='lat' dir='ltr'>sunt,</span> <span class='ocrx_word' id='word_1_133' title='bbox 1329 1956 1465 2040; x_wconf 88' lang='lat' dir='ltr'>oblique</span> 
     </span>
     <span class='ocr_line' id='line_1_15' title="bbox 340 2047 1463 2133; baseline 0.003 -21"><span class='ocrx_word' id='word_1_134' title='bbox 340 2050 384 2112; x_wconf 89' lang='lat' dir='ltr'>ad</span> <span class='ocrx_word' id='word_1_135' title='bbox 403 2050 598 2127; x_wconf 90' lang='lat' dir='ltr'>sinistrum;</span> <span class='ocrx_word' id='word_1_136' title='bbox 622 2049 701 2112; x_wconf 90' lang='lat' dir='ltr'>ideo</span> <span class='ocrx_word' id='word_1_137' title='bbox 720 2048 754 2112; x_wconf 93' lang='lat' dir='ltr'>hi</span> <span class='ocrx_word' id='word_1_138' title='bbox 773 2059 809 2112; x_wconf 91' lang='lat' dir='ltr'>et</span> <span class='ocrx_word' id='word_1_139' title='bbox 828 2047 873 2112; x_wconf 92' lang='lat' dir='ltr'>illi</span> <span class='ocrx_word' id='word_1_140' title='bbox 891 2059 971 2113; x_wconf 91' lang='lat' dir='ltr'>sunt</span> <span class='ocrx_word' id='word_1_141' title='bbox 990 2051 1025 2114; x_wconf 92' lang='lat' dir='ltr'>in</span> <span class='ocrx_word' id='word_1_142' title='bbox 1044 2051 1283 2133; x_wconf 88' lang='lat' dir='ltr'>septentrione</span> <span class='ocrx_word' id='word_1_143' title='bbox 1303 2061 1339 2115; x_wconf 90' lang='lat' dir='ltr'>et</span> <span class='ocrx_word' id='word_1_144' title='bbox 1363 2053 1463 2116; x_wconf 88' lang='lat' dir='ltr'>meri·</span> 
     </span>
     <span class='ocr_line' id='line_1_16' title="bbox 339 2143 1464 2230; baseline 0.005 -23"><span class='ocrx_word' id='word_1_145' title='bbox 339 2145 405 2208; x_wconf 91' lang='lat' dir='ltr'>die.</span> <span class='ocrx_word' id='word_1_146' title='bbox 451 2143 552 2226; x_wconf 84' lang='lat' dir='ltr'>Quod</span> <span class='ocrx_word' id='word_1_147' title='bbox 576 2143 611 2210; x_wconf 95' lang='lat' dir='ltr'>hi</span> <span class='ocrx_word' id='word_1_148' title='bbox 641 2145 675 2207; x_wconf 92' lang='lat' dir='ltr'>in</span> <span class='ocrx_word' id='word_1_149' title='bbox 698 2143 837 2227; x_wconf 91' lang='lat' dir='ltr'>obliquo</span> <span class='ocrx_word' id='word_1_150' title='bbox 855 2143 999 2228; x_wconf 75' lang='lat' dir='ltr'>aspediu</span> <span class='ocrx_word' id='word_1_151' title='bbox 1021 2147 1102 2222; x_wconf 92' lang='lat' dir='ltr'>sint,</span> <span class='ocrx_word' id='word_1_152' title='bbox 1122 2155 1176 2210; x_wconf 93' lang='lat' dir='ltr'>est</span> <span class='ocrx_word' id='word_1_153' title='bbox 1199 2147 1277 2230; x_wconf 91' lang='lat' dir='ltr'>quia</span> <span class='ocrx_word' id='word_1_154' title='bbox 1300 2166 1397 2210; x_wconf 93' lang='lat' dir='ltr'>amor</span> <span class='ocrx_word' id='word_1_155' title='bbox 1427 2158 1464 2213; x_wconf 91' lang='lat' dir='ltr'>et</span> 
     </span>
     <span class='ocr_line' id='line_1_17' title="bbox 339 2240 1462 2322; baseline 0.002 -18"><span class='ocrx_word' id='word_1_156' title='bbox 339 2241 510 2322; x_wconf 89' lang='lat' dir='ltr'>sapientia</span> <span class='ocrx_word' id='word_1_157' title='bbox 525 2250 563 2305; x_wconf 92' lang='lat' dir='ltr'>ut</span> <span class='ocrx_word' id='word_1_158' title='bbox 583 2258 686 2304; x_wconf 91' lang='lat' dir='ltr'>unum</span> <span class='ocrx_word' id='word_1_159' title='bbox 703 2241 896 2322; x_wconf 91' lang='lat' dir='ltr'>procedunt</span> <span class='ocrx_word' id='word_1_160' title='bbox 915 2261 935 2304; x_wconf 92' lang='lat' dir='ltr'>a</span> <span class='ocrx_word' id='word_1_161' title='bbox 954 2240 1116 2319; x_wconf 87' lang='lat' dir='ltr'>Domino,</span> <span class='ocrx_word' id='word_1_162' title='bbox 1134 2242 1195 2305; x_wconf 91' lang='lat' dir='ltr'>sed</span> <span class='ocrx_word' id='word_1_163' title='bbox 1213 2261 1283 2305; x_wconf 92' lang='lat' dir='ltr'>non</span> <span class='ocrx_word' id='word_1_164' title='bbox 1302 2252 1340 2305; x_wconf 88' lang='lat' dir='ltr'>ut</span> <span class='ocrx_word' id='word_1_165' title='bbox 1359 2263 1462 2306; x_wconf 89' lang='lat' dir='ltr'>unum</span> 
     </span>
     <span class='ocr_line' id='line_1_18' title="bbox 339 2334 1463 2421; baseline 0.003 -21"><span class='ocrx_word' id='word_1_166' title='bbox 339 2339 551 2421; x_wconf 89' lang='lat' dir='ltr'>recipiuntur</span> <span class='ocrx_word' id='word_1_167' title='bbox 579 2335 624 2400; x_wconf 90' lang='lat' dir='ltr'>ab</span> <span class='ocrx_word' id='word_1_168' title='bbox 655 2336 802 2420; x_wconf 84' lang='lat' dir='ltr'>angelis,</span> <span class='ocrx_word' id='word_1_169' title='bbox 827 2346 864 2400; x_wconf 96' lang='lat' dir='ltr'>ut</span> <span class='ocrx_word' id='word_1_170' title='bbox 894 2357 1028 2420; x_wconf 82' lang='lat' dir='ltr'>qnoque</span> <span class='ocrx_word' id='word_1_171' title='bbox 1052 2339 1142 2420; x_wconf 90' lang='lat' dir='ltr'>prius</span> <span class='ocrx_word' id='word_1_172' title='bbox 1165 2334 1294 2401; x_wconf 64' lang='lat' dir='ltr'>dictum</span> <span class='ocrx_word' id='word_1_173' title='bbox 1318 2347 1392 2416; x_wconf 87' lang='lat' dir='ltr'>est;</span> <span class='ocrx_word' id='word_1_174' title='bbox 1427 2349 1463 2404; x_wconf 89' lang='lat' dir='ltr'>et</span> 
     </span>
     <span class='ocr_line' id='line_1_19' title="bbox 337 2432 1463 2517; baseline 0.002 -21"><span class='ocrx_word' id='word_1_175' title='bbox 337 2435 516 2515; x_wconf 89' lang='lat' dir='ltr'>sapientia,</span> <span class='ocrx_word' id='word_1_176' title='bbox 534 2453 623 2517; x_wconf 91' lang='lat' dir='ltr'>quae</span> <span class='ocrx_word' id='word_1_177' title='bbox 638 2432 793 2496; x_wconf 90' lang='lat' dir='ltr'>abundat</span> <span class='ocrx_word' id='word_1_178' title='bbox 809 2452 911 2515; x_wconf 92' lang='lat' dir='ltr'>super</span> <span class='ocrx_word' id='word_1_179' title='bbox 925 2452 1089 2508; x_wconf 90' lang='lat' dir='ltr'>amorem,</span> <span class='ocrx_word' id='word_1_180' title='bbox 1106 2442 1249 2516; x_wconf 91' lang='lat' dir='ltr'>apparet</span> <span class='ocrx_word' id='word_1_181' title='bbox 1268 2433 1405 2516; x_wconf 90' lang='lat' dir='ltr'>quidem</span> <span class='ocrx_word' id='word_1_182' title='bbox 1425 2442 1463 2498; x_wconf 90' lang='lat' dir='ltr'>ut</span> 
     </span>
     <span class='ocr_line' id='line_1_20' title="bbox 337 2528 1462 2613; baseline 0 -21"><span class='ocrx_word' id='word_1_183' title='bbox 337 2529 516 2611; x_wconf 87' lang='lat' dir='ltr'>sapientia,</span> <span class='ocrx_word' id='word_1_184' title='bbox 537 2529 599 2592; x_wconf 86' lang='lat' dir='ltr'>sed</span> <span class='ocrx_word' id='word_1_185' title='bbox 618 2548 724 2613; x_wconf 90' lang='lat' dir='ltr'>usque</span> <span class='ocrx_word' id='word_1_186' title='bbox 743 2546 813 2592; x_wconf 90' lang='lat' dir='ltr'>non</span> <span class='ocrx_word' id='word_1_187' title='bbox 832 2537 897 2603; x_wconf 92' lang='lat' dir='ltr'>est,</span> <span class='ocrx_word' id='word_1_188' title='bbox 918 2529 997 2612; x_wconf 90' lang='lat' dir='ltr'>quia</span> <span class='ocrx_word' id='word_1_189' title='bbox 1015 2528 1307 2612; x_wconf 85' lang='lat' dir='ltr'>superabundanti</span> <span class='ocrx_word' id='word_1_190' title='bbox 1326 2530 1462 2611; x_wconf 91' lang='lat' dir='ltr'>sapien·</span> 
     </span>
     <span class='ocr_line' id='line_1_21' title="bbox 336 2622 1462 2708; baseline 0.002 -20"><span class='ocrx_word' id='word_1_191' title='bbox 336 2625 408 2688; x_wconf 89' lang='lat' dir='ltr'>tiae</span> <span class='ocrx_word' id='word_1_192' title='bbox 434 2644 503 2688; x_wconf 93' lang='lat' dir='ltr'>non</span> <span class='ocrx_word' id='word_1_193' title='bbox 533 2625 624 2688; x_wconf 91' lang='lat' dir='ltr'>inest</span> <span class='ocrx_word' id='word_1_194' title='bbox 647 2625 721 2689; x_wconf 89' lang='lat' dir='ltr'>vita</span> <span class='ocrx_word' id='word_1_195' title='bbox 751 2643 797 2687; x_wconf 86' lang='lat' dir='ltr'>ex</span> <span class='ocrx_word' id='word_1_196' title='bbox 826 2643 954 2689; x_wconf 88' lang='lat' dir='ltr'>amore.</span> <span class='ocrx_word' id='word_1_197' title='bbox 998 2622 1056 2688; x_wconf 89' lang='lat' dir='ltr'>Ex</span> <span class='ocrx_word' id='word_1_198' title='bbox 1086 2623 1139 2687; x_wconf 92' lang='lat' dir='ltr'>his</span> <span class='ocrx_word' id='word_1_199' title='bbox 1162 2633 1273 2708; x_wconf 87' lang='lat' dir='ltr'>patet,</span> <span class='ocrx_word' id='word_1_200' title='bbox 1294 2624 1384 2688; x_wconf 90' lang='lat' dir='ltr'>unde</span> <span class='ocrx_word' id='word_1_201' title='bbox 1407 2636 1462 2691; x_wconf 93' lang='lat' dir='ltr'>est</span> 
     </span>
     <span class='ocr_line' id='line_1_22' title="bbox 337 2717 1462 2803; baseline 0.003 -22"><span class='ocrx_word' id='word_1_202' title='bbox 337 2718 519 2783; x_wconf 90' lang='lat' dir='ltr'>diversitas</span> <span class='ocrx_word' id='word_1_203' title='bbox 534 2719 752 2802; x_wconf 85' lang='lat' dir='ltr'>receptionis,</span> <span class='ocrx_word' id='word_1_204' title='bbox 767 2717 871 2800; x_wconf 87' lang='lat' dir='ltr'>juxta</span> <span class='ocrx_word' id='word_1_205' title='bbox 889 2737 991 2803; x_wconf 91' lang='lat' dir='ltr'>quam</span> <span class='ocrx_word' id='word_1_206' title='bbox 1011 2719 1244 2784; x_wconf 90' lang='lat' dir='ltr'>habitationes</span> <span class='ocrx_word' id='word_1_207' title='bbox 1260 2717 1462 2802; x_wconf 88' lang='lat' dir='ltr'>angelorum</span> 
     </span>
     <span class='ocr_line' id='line_1_23' title="bbox 336 2813 1259 2900; baseline 0 -22"><span class='ocrx_word' id='word_1_208' title='bbox 336 2815 526 2880; x_wconf 88' lang='lat' dir='ltr'>secundum</span> <span class='ocrx_word' id='word_1_209' title='bbox 545 2813 668 2899; x_wconf 88' lang='lat' dir='ltr'>plagas</span> <span class='ocrx_word' id='word_1_210' title='bbox 686 2815 721 2880; x_wconf 92' lang='lat' dir='ltr'>in</span> <span class='ocrx_word' id='word_1_211' title='bbox 741 2815 871 2878; x_wconf 91' lang='lat' dir='ltr'>mundo</span> <span class='ocrx_word' id='word_1_212' title='bbox 890 2815 1060 2898; x_wconf 90' lang='lat' dir='ltr'>spirituali</span> <span class='ocrx_word' id='word_1_213' title='bbox 1079 2825 1259 2900; x_wconf 88' lang='lat' dir='ltr'>apparent.</span> 
     </span>
    </p>

    <p class='ocr_par' dir='ltr' id='par_1_5' title="bbox 332 2907 1462 3949">
     <span class='ocr_line' id='line_1_24' title="bbox 399 2907 1462 2994; baseline 0.003 -21"><span class='ocrx_word' id='word_1_214' title='bbox 399 2911 496 2976; x_wconf 78' lang='lat'>126.</span> <span class='ocrx_word' id='word_1_215' title='bbox 526 2907 630 2994; x_wconf 81' lang='lat' dir='ltr'>Quod</span> <span class='ocrx_word' id='word_1_216' title='bbox 648 2911 742 2975; x_wconf 90' lang='lat' dir='ltr'>varia</span> <span class='ocrx_word' id='word_1_217' title='bbox 764 2912 920 2994; x_wconf 89' lang='lat' dir='ltr'>receptio</span> <span class='ocrx_word' id='word_1_218' title='bbox 938 2912 1064 2976; x_wconf 90' lang='lat' dir='ltr'>amoris</span> <span class='ocrx_word' id='word_1_219' title='bbox 1087 2921 1123 2976; x_wconf 93' lang='lat' dir='ltr'>et</span> <span class='ocrx_word' id='word_1_220' title='bbox 1146 2911 1339 2992; x_wconf 87' lang='lat' dir='ltr'>sapientiae</span> <span class='ocrx_word' id='word_1_221' title='bbox 1356 2909 1462 2976; x_wconf 86' lang='lat' dir='ltr'>saciat</span> 
     </span>
     <span class='ocr_line' id='line_1_25' title="bbox 336 3005 1462 3090; baseline 0.003 -22"><span class='ocrx_word' id='word_1_222' title='bbox 336 3005 477 3090; x_wconf 90' lang='lat' dir='ltr'>plagam</span> <span class='ocrx_word' id='word_1_223' title='bbox 499 3006 534 3071; x_wconf 89' lang='lat' dir='ltr'>in</span> <span class='ocrx_word' id='word_1_224' title='bbox 559 3005 688 3071; x_wconf 89' lang='lat' dir='ltr'>mundo</span> <span class='ocrx_word' id='word_1_225' title='bbox 705 3005 885 3090; x_wconf 90' lang='lat' dir='ltr'>spirituali,</span> <span class='ocrx_word' id='word_1_226' title='bbox 906 3016 1068 3071; x_wconf 92' lang='lat' dir='ltr'>constare</span> <span class='ocrx_word' id='word_1_227' title='bbox 1087 3016 1205 3088; x_wconf 88' lang='lat' dir='ltr'>potest</span> <span class='ocrx_word' id='word_1_228' title='bbox 1229 3027 1275 3070; x_wconf 89' lang='lat' dir='ltr'>ex</span> <span class='ocrx_word' id='word_1_229' title='bbox 1298 3027 1351 3082; x_wconf 91' lang='lat' dir='ltr'>eo,</span> <span class='ocrx_word' id='word_1_230' title='bbox 1369 3005 1462 3090; x_wconf 91' lang='lat' dir='ltr'>quod</span> 
     </span>
     <span class='ocr_line' id='line_1_26' title="bbox 335 3099 1461 3185; baseline 0.001 -20"><span class='ocrx_word' id='word_1_231' title='bbox 335 3099 481 3184; x_wconf 89' lang='lat' dir='ltr'>angelus</span> <span class='ocrx_word' id='word_1_232' title='bbox 500 3109 614 3166; x_wconf 93' lang='lat' dir='ltr'>mutet</span> <span class='ocrx_word' id='word_1_233' title='bbox 637 3099 777 3185; x_wconf 87' lang='lat' dir='ltr'>plagam</span> <span class='ocrx_word' id='word_1_234' title='bbox 796 3103 986 3166; x_wconf 91' lang='lat' dir='ltr'>secundum</span> <span class='ocrx_word' id='word_1_235' title='bbox 1005 3103 1257 3166; x_wconf 90' lang='lat' dir='ltr'>incrementum</span> <span class='ocrx_word' id='word_1_236' title='bbox 1281 3111 1317 3166; x_wconf 89' lang='lat' dir='ltr'>et</span> <span class='ocrx_word' id='word_1_237' title='bbox 1341 3101 1461 3167; x_wconf 92' lang='lat' dir='ltr'>decre·</span> 
     </span>
     <span class='ocr_line' id='line_1_27' title="bbox 335 3196 1460 3282; baseline -0.001 -21"><span class='ocrx_word' id='word_1_238' title='bbox 335 3204 492 3262; x_wconf 86' lang='lat' dir='ltr'>mentum</span> <span class='ocrx_word' id='word_1_239' title='bbox 504 3197 631 3262; x_wconf 89' lang='lat' dir='ltr'>amoris</span> <span class='ocrx_word' id='word_1_240' title='bbox 642 3197 732 3282; x_wconf 89' lang='lat' dir='ltr'>apud</span> <span class='ocrx_word' id='word_1_241' title='bbox 749 3196 868 3277; x_wconf 89' lang='lat' dir='ltr'>illum;</span> <span class='ocrx_word' id='word_1_242' title='bbox 893 3217 937 3261; x_wconf 88' lang='lat' dir='ltr'>ex</span> <span class='ocrx_word' id='word_1_243' title='bbox 954 3217 1021 3280; x_wconf 92' lang='lat' dir='ltr'>quo</span> <span class='ocrx_word' id='word_1_244' title='bbox 1038 3206 1148 3279; x_wconf 91' lang='lat' dir='ltr'>patet,</span> <span class='ocrx_word' id='word_1_245' title='bbox 1162 3197 1254 3280; x_wconf 91' lang='lat' dir='ltr'>quod</span> <span class='ocrx_word' id='word_1_246' title='bbox 1270 3196 1375 3281; x_wconf 88' lang='lat' dir='ltr'>plaga</span> <span class='ocrx_word' id='word_1_247' title='bbox 1390 3217 1460 3262; x_wconf 94' lang='lat' dir='ltr'>non</span> 
     </span>
     <span class='ocr_line' id='line_1_28' title="bbox 335 3291 1459 3377; baseline 0.002 -21"><span class='ocrx_word' id='word_1_248' title='bbox 335 3295 381 3357; x_wconf 93' lang='lat' dir='ltr'>sit</span> <span class='ocrx_word' id='word_1_249' title='bbox 404 3313 425 3356; x_wconf 91' lang='lat' dir='ltr'>a</span> <span class='ocrx_word' id='word_1_250' title='bbox 448 3292 599 3359; x_wconf 90' lang='lat' dir='ltr'>Domino</span> <span class='ocrx_word' id='word_1_251' title='bbox 617 3302 656 3358; x_wconf 89' lang='lat' dir='ltr'>ut</span> <span class='ocrx_word' id='word_1_252' title='bbox 675 3291 767 3370; x_wconf 88' lang='lat' dir='ltr'>Sole,</span> <span class='ocrx_word' id='word_1_253' title='bbox 788 3293 850 3358; x_wconf 89' lang='lat' dir='ltr'>sed</span> <span class='ocrx_word' id='word_1_254' title='bbox 873 3294 965 3377; x_wconf 89' lang='lat' dir='ltr'>quod</span> <span class='ocrx_word' id='word_1_255' title='bbox 989 3295 1035 3357; x_wconf 93' lang='lat' dir='ltr'>sit</span> <span class='ocrx_word' id='word_1_256' title='bbox 1058 3293 1103 3358; x_wconf 88' lang='lat' dir='ltr'>ab</span> <span class='ocrx_word' id='word_1_257' title='bbox 1125 3293 1253 3376; x_wconf 88' lang='lat' dir='ltr'>angelo</span> <span class='ocrx_word' id='word_1_258' title='bbox 1269 3292 1459 3358; x_wconf 89' lang='lat' dir='ltr'>secundum</span> 
     </span>
     <span class='ocr_line' id='line_1_29' title="bbox 334 3387 1459 3473; baseline 0.001 -20"><span class='ocrx_word' id='word_1_259' title='bbox 334 3389 581 3473; x_wconf 89' lang='lat' dir='ltr'>receptionem.</span> <span class='ocrx_word' id='word_1_260' title='bbox 625 3387 745 3455; x_wconf 89' lang='lat' dir='ltr'>Simile</span> <span class='ocrx_word' id='word_1_261' title='bbox 760 3398 814 3453; x_wconf 92' lang='lat' dir='ltr'>est</span> <span class='ocrx_word' id='word_1_262' title='bbox 831 3407 908 3453; x_wconf 92' lang='lat' dir='ltr'>cum</span> <span class='ocrx_word' id='word_1_263' title='bbox 921 3388 1060 3454; x_wconf 92' lang='lat' dir='ltr'>homine</span> <span class='ocrx_word' id='word_1_264' title='bbox 1075 3390 1188 3472; x_wconf 91' lang='lat' dir='ltr'>quoad</span> <span class='ocrx_word' id='word_1_265' title='bbox 1205 3389 1362 3472; x_wconf 92' lang='lat' dir='ltr'>spiritum</span> <span class='ocrx_word' id='word_1_266' title='bbox 1377 3387 1459 3471; x_wconf 86' lang='lat' dir='ltr'>ejus.</span> 
     </span>
     <span class='ocr_line' id='line_1_30' title="bbox 335 3483 1458 3569; baseline 0.001 -22"><span class='ocrx_word' id='word_1_267' title='bbox 335 3484 398 3550; x_wconf 93' lang='lat' dir='ltr'>Ille</span> <span class='ocrx_word' id='word_1_268' title='bbox 417 3486 530 3569; x_wconf 88' lang='lat' dir='ltr'>quoad</span> <span class='ocrx_word' id='word_1_269' title='bbox 549 3485 706 3569; x_wconf 87' lang='lat' dir='ltr'>spiritum</span> <span class='ocrx_word' id='word_1_270' title='bbox 729 3493 783 3548; x_wconf 90' lang='lat' dir='ltr'>est</span> <span class='ocrx_word' id='word_1_271' title='bbox 806 3485 840 3547; x_wconf 91' lang='lat' dir='ltr'>in</span> <span class='ocrx_word' id='word_1_272' title='bbox 864 3485 1011 3567; x_wconf 89' lang='lat' dir='ltr'>quadarn</span> <span class='ocrx_word' id='word_1_273' title='bbox 1034 3483 1139 3567; x_wconf 87' lang='lat' dir='ltr'>plaga</span> <span class='ocrx_word' id='word_1_274' title='bbox 1162 3484 1280 3548; x_wconf 91' lang='lat' dir='ltr'>mundi</span> <span class='ocrx_word' id='word_1_275' title='bbox 1298 3483 1458 3567; x_wconf 89' lang='lat' dir='ltr'>spiritua·</span> 
     </span>
     <span class='ocr_line' id='line_1_31' title="bbox 334 3578 1459 3665; baseline 0.001 -22"><span class='ocrx_word' id='word_1_276' title='bbox 334 3579 386 3656; x_wconf 89' lang='lat' dir='ltr'>lis,</span> <span class='ocrx_word' id='word_1_277' title='bbox 404 3581 438 3643; x_wconf 93' lang='lat' dir='ltr'>in</span> <span class='ocrx_word' id='word_1_278' title='bbox 457 3601 659 3665; x_wconf 90' lang='lat' dir='ltr'>quacunque</span> <span class='ocrx_word' id='word_1_279' title='bbox 675 3580 778 3664; x_wconf 90' lang='lat' dir='ltr'>plaga</span> <span class='ocrx_word' id='word_1_280' title='bbox 795 3579 912 3643; x_wconf 90' lang='lat' dir='ltr'>mundi</span> <span class='ocrx_word' id='word_1_281' title='bbox 930 3578 1095 3643; x_wconf 89' lang='lat' dir='ltr'>naturalis</span> <span class='ocrx_word' id='word_1_282' title='bbox 1113 3580 1177 3658; x_wconf 90' lang='lat' dir='ltr'>sit;</span> <span class='ocrx_word' id='word_1_283' title='bbox 1202 3599 1282 3642; x_wconf 92' lang='lat' dir='ltr'>nam</span> <span class='ocrx_word' id='word_1_284' title='bbox 1300 3588 1339 3644; x_wconf 97' lang='lat' dir='ltr'>ut</span> <span class='ocrx_word' id='word_1_285' title='bbox 1357 3599 1459 3664; x_wconf 86' lang='lat' dir='ltr'>supra</span> 
     </span>
     <span class='ocr_line' id='line_1_32' title="bbox 333 3672 1458 3758; baseline -0.001 -20"><span class='ocrx_word' id='word_1_286' title='bbox 333 3672 462 3739; x_wconf 64' lang='lat' dir='ltr'>dictum</span> <span class='ocrx_word' id='word_1_287' title='bbox 482 3684 547 3751; x_wconf 89' lang='lat' dir='ltr'>est,</span> <span class='ocrx_word' id='word_1_288' title='bbox 565 3675 691 3758; x_wconf 89' lang='lat' dir='ltr'>plagae</span> <span class='ocrx_word' id='word_1_289' title='bbox 707 3676 825 3738; x_wconf 89' lang='lat' dir='ltr'>mundi</span> <span class='ocrx_word' id='word_1_290' title='bbox 841 3673 1028 3755; x_wconf 89' lang='lat' dir='ltr'>spiritualis</span> <span class='ocrx_word' id='word_1_291' title='bbox 1045 3693 1113 3738; x_wconf 92' lang='lat' dir='ltr'>non</span> <span class='ocrx_word' id='word_1_292' title='bbox 1130 3693 1313 3737; x_wconf 92' lang='lat' dir='ltr'>commune</span> <span class='ocrx_word' id='word_1_293' title='bbox 1328 3672 1458 3738; x_wconf 89' lang='lat' dir='ltr'>habent</span> 
     </span>
     <span class='ocr_line' id='line_1_33' title="bbox 333 3768 1455 3852; baseline -0.001 -19"><span class='ocrx_word' id='word_1_294' title='bbox 333 3789 411 3834; x_wconf 91' lang='lat' dir='ltr'>cum</span> <span class='ocrx_word' id='word_1_295' title='bbox 431 3770 543 3852; x_wconf 92' lang='lat' dir='ltr'>plagis</span> <span class='ocrx_word' id='word_1_296' title='bbox 562 3771 679 3835; x_wconf 89' lang='lat' dir='ltr'>mundi</span> <span class='ocrx_word' id='word_1_297' title='bbox 699 3768 888 3834; x_wconf 90' lang='lat' dir='ltr'>naturalis:</span> <span class='ocrx_word' id='word_1_298' title='bbox 921 3770 954 3832; x_wconf 93' lang='lat' dir='ltr'>in</span> <span class='ocrx_word' id='word_1_299' title='bbox 977 3769 1031 3833; x_wconf 92' lang='lat' dir='ltr'>his</span> <span class='ocrx_word' id='word_1_300' title='bbox 1049 3779 1103 3833; x_wconf 89' lang='lat' dir='ltr'>est</span> <span class='ocrx_word' id='word_1_301' title='bbox 1122 3768 1228 3833; x_wconf 93' lang='lat' dir='ltr'>homo</span> <span class='ocrx_word' id='word_1_302' title='bbox 1247 3768 1360 3852; x_wconf 89' lang='lat' dir='ltr'>quoad</span> <span class='ocrx_word' id='word_1_303' title='bbox 1379 3788 1455 3832; x_wconf 94' lang='lat' dir='ltr'>cor·</span> 
     </span>
     <span class='ocr_line' id='line_1_34' title="bbox 332 3865 997 3949; baseline -0.002 -20"><span class='ocrx_word' id='word_1_304' title='bbox 332 3885 405 3948; x_wconf 87' lang='lat' dir='ltr'>pus,</span> <span class='ocrx_word' id='word_1_305' title='bbox 425 3865 544 3930; x_wconf 88' lang='lat' dir='ltr'>inillis</span> <span class='ocrx_word' id='word_1_306' title='bbox 563 3875 679 3930; x_wconf 90' lang='lat' dir='ltr'>autem</span> <span class='ocrx_word' id='word_1_307' title='bbox 698 3866 811 3949; x_wconf 90' lang='lat' dir='ltr'>quoad</span> <span class='ocrx_word' id='word_1_308' title='bbox 831 3866 997 3948; x_wconf 89' lang='lat' dir='ltr'>spiritum.</span> 
     </span>
    </p>

    <p class='ocr_par' dir='ltr' id='par_1_6' title="bbox 263 3957 1455 4712">
     <span class='ocr_line' id='line_1_35' title="bbox 395 3957 1455 4044; baseline -0.005 -18"><span class='ocrx_word' id='word_1_309' title='bbox 395 3973 485 4044; x_wconf 75' lang='lat'>127·</span> <span class='ocrx_word' id='word_1_310' title='bbox 514 3959 566 4026; x_wconf 93' lang='lat' dir='ltr'>Ut</span> <span class='ocrx_word' id='word_1_311' title='bbox 584 3980 681 4025; x_wconf 91' lang='lat' dir='ltr'>amor</span> <span class='ocrx_word' id='word_1_312' title='bbox 698 3972 735 4027; x_wconf 91' lang='lat' dir='ltr'>et</span> <span class='ocrx_word' id='word_1_313' title='bbox 754 3962 925 4043; x_wconf 86' lang='lat' dir='ltr'>sapientia</span> <span class='ocrx_word' id='word_1_314' title='bbox 941 3960 1030 4041; x_wconf 89' lang='lat' dir='ltr'>apud</span> <span class='ocrx_word' id='word_1_315' title='bbox 1050 3959 1211 4041; x_wconf 90' lang='lat' dir='ltr'>angelum</span> <span class='ocrx_word' id='word_1_316' title='bbox 1231 3969 1266 4023; x_wconf 96' lang='lat' dir='ltr'>et</span> <span class='ocrx_word' id='word_1_317' title='bbox 1285 3958 1374 4042; x_wconf 91' lang='lat' dir='ltr'>apud</span> <span class='ocrx_word' id='word_1_318' title='bbox 1392 3957 1455 4021; x_wconf 94' lang='lat' dir='ltr'>ho·</span> 
     </span>
     <span class='ocr_line' id='line_1_36' title="bbox 263 4050 1453 4138; baseline -0.003 -18"><span class='ocrx_word' id='word_1_319' title='bbox 263 4123 269 4134; x_wconf 64' lang='grc'>,</span> <span class='ocrx_word' id='word_1_320' title='bbox 332 4057 459 4121; x_wconf 93' lang='lat' dir='ltr'>minem</span> <span class='ocrx_word' id='word_1_321' title='bbox 479 4075 583 4119; x_wconf 91' lang='lat' dir='ltr'>unum</span> <span class='ocrx_word' id='word_1_322' title='bbox 602 4055 741 4131; x_wconf 84' lang='lat' dir='ltr'>iaciant,</span> <span class='ocrx_word' id='word_1_323' title='bbox 762 4067 842 4119; x_wconf 86' lang='lat' dir='ltr'>sunt</span> <span class='ocrx_word' id='word_1_324' title='bbox 862 4057 956 4138; x_wconf 89' lang='lat' dir='ltr'>paria</span> <span class='ocrx_word' id='word_1_325' title='bbox 973 4057 1007 4118; x_wconf 93' lang='lat' dir='ltr'>in</span> <span class='ocrx_word' id='word_1_326' title='bbox 1024 4057 1182 4119; x_wconf 91' lang='lat' dir='ltr'>omnibus</span> <span class='ocrx_word' id='word_1_327' title='bbox 1201 4055 1354 4138; x_wconf 86' lang='lat' dir='ltr'>corporis</span> <span class='ocrx_word' id='word_1_328' title='bbox 1373 4050 1453 4136; x_wconf 84' lang='lat' dir='ltr'>ejus,</span> 
     </span>
     <span class='ocr_line' id='line_1_37' title="bbox 332 4148 1453 4234; baseline -0.004 -18"><span class='ocrx_word' id='word_1_329' title='bbox 332 4149 442 4228; x_wconf 89' lang='lat' dir='ltr'>Oculi,</span> <span class='ocrx_word' id='word_1_330' title='bbox 463 4172 560 4216; x_wconf 88' lang='lat' dir='ltr'>aures</span> <span class='ocrx_word' id='word_1_331' title='bbox 583 4161 620 4216; x_wconf 88' lang='lat' dir='ltr'>et</span> <span class='ocrx_word' id='word_1_332' title='bbox 644 4172 743 4215; x_wconf 89' lang='lat' dir='ltr'>nares</span> <span class='ocrx_word' id='word_1_333' title='bbox 760 4162 840 4216; x_wconf 92' lang='lat' dir='ltr'>sunt</span> <span class='ocrx_word' id='word_1_334' title='bbox 864 4152 977 4234; x_wconf 90' lang='lat' dir='ltr'>paria;</span> <span class='ocrx_word' id='word_1_335' title='bbox 1009 4170 1141 4227; x_wconf 87' lang='lat' dir='ltr'>manus,</span> <span class='ocrx_word' id='word_1_336' title='bbox 1162 4150 1266 4214; x_wconf 92' lang='lat' dir='ltr'>lumbi</span> <span class='ocrx_word' id='word_1_337' title='bbox 1290 4159 1326 4213; x_wconf 91' lang='lat' dir='ltr'>et</span> <span class='ocrx_word' id='word_1_338' title='bbox 1348 4148 1453 4232; x_wconf 89' lang='lat' dir='ltr'>pedes</span> 
     </span>
     <span class='ocr_line' id='line_1_38' title="bbox 331 4245 1450 4330; baseline -0.002 -20"><span class='ocrx_word' id='word_1_339' title='bbox 331 4256 411 4311; x_wconf 90' lang='lat' dir='ltr'>sunt</span> <span class='ocrx_word' id='word_1_340' title='bbox 436 4248 552 4330; x_wconf 89' lang='lat' dir='ltr'>paria;</span> <span class='ocrx_word' id='word_1_341' title='bbox 583 4246 760 4310; x_wconf 91' lang='lat' dir='ltr'>cerebrum</span> <span class='ocrx_word' id='word_1_342' title='bbox 791 4248 824 4310; x_wconf 90' lang='lat' dir='ltr'>in</span> <span class='ocrx_word' id='word_1_343' title='bbox 852 4247 920 4309; x_wconf 92' lang='lat' dir='ltr'>duo</span> <span class='ocrx_word' id='word_1_344' title='bbox 943 4245 1196 4329; x_wconf 88' lang='lat' dir='ltr'>hemisphaeria</span> <span class='ocrx_word' id='word_1_345' title='bbox 1219 4246 1364 4309; x_wconf 89' lang='lat' dir='ltr'>divisum</span> <span class='ocrx_word' id='word_1_346' title='bbox 1387 4253 1450 4322; x_wconf 86' lang='lat' dir='ltr'>est,</span> 
     </span>
     <span class='ocr_line' id='line_1_39' title="bbox 330 4338 1451 4424; baseline -0.004 -19"><span class='ocrx_word' id='word_1_347' title='bbox 330 4343 441 4406; x_wconf 90' lang='lat' dir='ltr'>corin</span> <span class='ocrx_word' id='word_1_348' title='bbox 461 4343 558 4406; x_wconf 89' lang='lat' dir='ltr'>binas</span> <span class='ocrx_word' id='word_1_349' title='bbox 578 4361 744 4417; x_wconf 86' lang='lat' dir='ltr'>cameras,</span> <span class='ocrx_word' id='word_1_350' title='bbox 765 4342 882 4424; x_wconf 90' lang='lat' dir='ltr'>pulmo</span> <span class='ocrx_word' id='word_1_351' title='bbox 901 4343 934 4404; x_wconf 91' lang='lat' dir='ltr'>in</span> <span class='ocrx_word' id='word_1_352' title='bbox 953 4341 1052 4404; x_wconf 90' lang='lat' dir='ltr'>binos</span> <span class='ocrx_word' id='word_1_353' title='bbox 1072 4340 1182 4416; x_wconf 91' lang='lat' dir='ltr'>lobos,</span> <span class='ocrx_word' id='word_1_354' title='bbox 1200 4339 1357 4404; x_wconf 90' lang='lat' dir='ltr'>similiter</span> <span class='ocrx_word' id='word_1_355' title='bbox 1375 4338 1451 4404; x_wconf 88' lang='lat' dir='ltr'>reli-</span> 
     </span>
     <span class='ocr_line' id='line_1_40' title="bbox 330 4436 1453 4521; baseline -0.003 -21"><span class='ocrx_word' id='word_1_356' title='bbox 330 4458 406 4521; x_wconf 90' lang='lat' dir='ltr'>qua.</span> <span class='ocrx_word' id='word_1_357' title='bbox 452 4437 507 4501; x_wconf 90' lang='lat' dir='ltr'>Ita</span> <span class='ocrx_word' id='word_1_358' title='bbox 526 4438 559 4501; x_wconf 95' lang='lat' dir='ltr'>in</span> <span class='ocrx_word' id='word_1_359' title='bbox 579 4437 707 4520; x_wconf 89' lang='lat' dir='ltr'>angelo</span> <span class='ocrx_word' id='word_1_360' title='bbox 725 4447 761 4502; x_wconf 88' lang='lat' dir='ltr'>et</span> <span class='ocrx_word' id='word_1_361' title='bbox 781 4438 920 4501; x_wconf 90' lang='lat' dir='ltr'>homine</span> <span class='ocrx_word' id='word_1_362' title='bbox 939 4446 994 4501; x_wconf 93' lang='lat' dir='ltr'>est</span> <span class='ocrx_word' id='word_1_363' title='bbox 1012 4438 1175 4501; x_wconf 86' lang='lat' dir='ltr'>dextrum</span> <span class='ocrx_word' id='word_1_364' title='bbox 1194 4446 1231 4500; x_wconf 93' lang='lat' dir='ltr'>et</span> <span class='ocrx_word' id='word_1_365' title='bbox 1254 4436 1428 4499; x_wconf 89' lang='lat' dir='ltr'>sinistrum</span> <span class='ocrx_word' id='word_1_366' title='bbox 1444 4455 1453 4514; x_wconf 88' lang='lat'>;</span> 
     </span>
     <span class='ocr_line' id='line_1_41' title="bbox 330 4531 1454 4616; baseline -0.003 -20"><span class='ocrx_word' id='word_1_367' title='bbox 330 4543 366 4597; x_wconf 93' lang='lat' dir='ltr'>et</span> <span class='ocrx_word' id='word_1_368' title='bbox 387 4552 506 4598; x_wconf 92' lang='lat' dir='ltr'>omnes</span> <span class='ocrx_word' id='word_1_369' title='bbox 523 4543 638 4616; x_wconf 87' lang='lat' dir='ltr'>partes</span> <span class='ocrx_word' id='word_1_370' title='bbox 655 4534 802 4598; x_wconf 87' lang='lat' dir='ltr'>dextrae</span> <span class='ocrx_word' id='word_1_371' title='bbox 814 4552 932 4596; x_wconf 91' lang='lat' dir='ltr'>eorum</span> <span class='ocrx_word' id='word_1_372' title='bbox 951 4553 988 4596; x_wconf 90' lang='lat' dir='ltr'>se</span> <span class='ocrx_word' id='word_1_373' title='bbox 1007 4531 1157 4596; x_wconf 81' lang='lat' dir='ltr'>referunt</span> <span class='ocrx_word' id='word_1_374' title='bbox 1173 4531 1218 4596; x_wconf 89' lang='lat' dir='ltr'>ad</span> <span class='ocrx_word' id='word_1_375' title='bbox 1236 4548 1389 4595; x_wconf 89' lang='lat' dir='ltr'>amorem</span> <span class='ocrx_word' id='word_1_376' title='bbox 1407 4548 1454 4593; x_wconf 86' lang='lat' dir='ltr'>ex</span> 
     </span>
     <span class='ocr_line' id='line_1_42' title="bbox 328 4625 1452 4712; baseline -0.001 -22"><span class='ocrx_word' id='word_1_377' title='bbox 328 4647 397 4710; x_wconf 90' lang='lat' dir='ltr'>quo</span> <span class='ocrx_word' id='word_1_378' title='bbox 412 4630 591 4711; x_wconf 91' lang='lat' dir='ltr'>sapientia,</span> <span class='ocrx_word' id='word_1_379' title='bbox 612 4638 648 4694; x_wconf 89' lang='lat' dir='ltr'>et</span> <span class='ocrx_word' id='word_1_380' title='bbox 668 4647 789 4694; x_wconf 89' lang='lat' dir='ltr'>omnes</span> <span class='ocrx_word' id='word_1_381' title='bbox 812 4638 927 4711; x_wconf 90' lang='lat' dir='ltr'>partes</span> <span class='ocrx_word' id='word_1_382' title='bbox 945 4627 1105 4694; x_wconf 90' lang='lat' dir='ltr'>sinistrae</span> <span class='ocrx_word' id='word_1_383' title='bbox 1123 4626 1168 4692; x_wconf 86' lang='lat' dir='ltr'>ad</span> <span class='ocrx_word' id='word_1_384' title='bbox 1183 4625 1390 4712; x_wconf 88' lang='lat' dir='ltr'>sapientiam</span> <span class='ocrx_word' id='word_1_385' title='bbox 1404 4645 1452 4690; x_wconf 85' lang='lat' dir='ltr'>ex</span> 
     </span>
    </p>
   </div>
   <div class='ocr_carea' id='block_1_5' title="bbox 0 0 1684 5384">
    <p class='ocr_par' dir='ltr' id='par_1_7' title="bbox 0 0 1684 5384">
     <span class='ocr_line' id='line_1_43' title="bbox 0 0 1684 5384; baseline 0 6"><span class='ocrx_word' id='word_1_386' title='bbox 0 0 1684 5384; x_wconf 95' lang='lat' dir='ltr'> </span> 
     </span>
    </p>
   </div>
  </div>
 </body>
</html>
