3434 5364
465 701 516 751 na
540 699 674 751 mvmo
697 699 841 764 suoru,
862 700 954 752 rans
977 699 1091 751 v.—u.
1110 703 1183 767 404
1324 704 1380 770 191

261 872 314 935 tio
333 870 476 946 sciendi,
498 881 616 934 notum
635 878 709 935 est:
740 891 801 955 per
818 871 907 935 hanc
927 891 1009 954 puer
1027 871 1136 935 inians
1155 869 1258 935 discit
1278 869 1380 952 loqui,

263 975 299 1030 et
319 967 423 1029 discit
439 965 567 1046 legere,
588 977 623 1028 et
647 975 770 1048 postea
789 967 891 1030 discit
910 967 1101 1030 successive
1121 965 1204 1029 talia
1223 986 1309 1049 quae
1330 967 1381 1028 in-

263 1056 425 1123 tellectus
437 1069 528 1123 sunt.
575 1058 675 1140 Quod
689 1079 785 1124 amor
810 1061 867 1144 qui
879 1071 933 1125 est
946 1060 1147 1136 voluntatis,
1161 1059 1195 1124 id
1211 1069 1380 1142 operetur,

261 1171 333 1218 non
349 1163 467 1236 potest
484 1155 518 1216 in
538 1154 675 1218 dubium
691 1157 826 1234 vocari3
850 1175 929 1219 nam
946 1156 1010 1219 nisi
1026 1175 1122 1218 amor
1141 1175 1202 1219 seu
1220 1154 1381 1218 voluntas

263 1259 385 1330 ageret
404 1249 448 1326 id,
470 1268 538 1311 non
556 1247 663 1312 fieret.
709 1247 810 1331 Quod
829 1247 963 1314 affeElio
983 1251 1111 1314 sciendi
1131 1251 1175 1313 sit
1193 1251 1298 1312 cuivis
1317 1249 1380 1312 ho-

262 1345 344 1408 mini
364 1353 445 1426 post
468 1344 699 1420 nativitatem,
720 1354 755 1408 et
779 1346 870 1428 quod
894 1365 954 1428 per
976 1344 1070 1408 illam
1090 1345 1201 1409 discat
1220 1344 1314 1420 talia,
1335 1364 1381 1407 ex

262 1439 382 1518 quibus
401 1435 597 1503 intellecius
620 1459 680 1521 per
702 1439 828 1520 gradus
846 1441 1021 1515 formatur,
1041 1441 1165 1503 crescit
1189 1451 1225 1503 et
1249 1439 1381 1521 perfici-

262 1540 327 1608 tur,
340 1533 480 1616 quisque
497 1532 577 1595 dum
594 1553 639 1594 ex
656 1534 790 1597 ratione
807 1534 956 1597 consulit
972 1535 1235 1616 experientiam,
1253 1553 1379 1616 agnos·

262 1628 320 1691 cit.
367 1624 468 1708 Quod
491 1627 570 1689 inde
593 1627 639 1690 sit
661 1624 796 1690 affeciio
819 1629 901 1703 veri,
921 1630 1026 1692 etiam
1051 1638 1171 1711 patet;
1199 1647 1279 1692 narn
1302 1645 1380 1690 cum

260 1721 367 1786 homo
389 1743 434 1786 ex
454 1718 632 1786 affectione
652 1723 782 1785 sciendi
801 1721 909 1785 lacius
929 1731 982 1786 est
1006 1723 1218 1804 intelligens,
1239 1742 1307 1785 non
1330 1723 1380 1785 ita

260 1815 368 1880 fertur
394 1813 572 1880 affeiiione
591 1816 634 1878 ad
658 1817 844 1892 sciendum,
865 1818 952 1880 sicut
971 1816 1150 1880 affectione
1173 1818 1217 1880 ad
1241 1817 1378 1880 ratioci-

261 1911 423 1986 nandum,
441 1918 476 1975 et
494 1912 537 1974 ad
557 1910 829 1974 concludendum
849 1911 933 1974 talia
949 1932 1035 1994 quae
1055 1911 1125 1993 ejus
1144 1912 1269 1974 amoris
1286 1920 1377 1987 sunt,

260 2007 332 2071 sive
349 2007 417 2069 sint
434 2006 667 2080 oeconomica,
685 2007 756 2069 sive
773 2005 893 2081 civilia,
911 2007 983 2070 sive
995 2006 1146 2069 moralia.
1192 2005 1276 2070 Cum
1293 2005 1377 2070 haec

260 2098 395 2165 affectio
414 2100 569 2164 elevatur
588 2121 693 2183 usque
716 2101 759 2163 ad
784 2100 982 2183 spiritualia,
1002 2100 1040 2164 fit
1070 2101 1129 2164 illa
1152 2097 1286 2165 affectio
1308 2101 1379 2164 veri

259 2194 458 2277 spiritualis.
503 2192 604 2276 Quod
632 2194 703 2277 ejus
731 2195 874 2277 primum
908 2215 968 2259 seu
997 2196 1251 2259 initiamentum
1278 2194 1378 2259 suerit

259 2286 394 2354 affeiiio
413 2289 553 2365 sciendi,
574 2289 680 2352 videri
699 2298 817 2371 potest
836 2310 882 2353 ex
906 2311 958 2365 eo,
979 2290 1070 2372 quod
1090 2287 1225 2352 affeclio
1242 2290 1314 2352 veri
1332 2289 1377 2354 sit

258 2384 420 2449 exaltata
434 2381 570 2448 affectio
584 2385 713 2448 sciendi
726 2404 734 2464 ;
758 2403 837 2447 nam
849 2383 937 2448 affici
952 2385 1053 2460 veris,
1067 2392 1122 2448 est
1138 2405 1183 2448 ex
1199 2381 1378 2449 affeitionc

258 2479 350 2543 velle
369 2479 456 2542 scire
474 2478 543 2557 illa,
564 2487 600 2542 et
621 2498 698 2543 cum
716 2479 849 2544 invenit
867 2479 936 2555 illa,
956 2499 1003 2543 ex
1022 2478 1172 2560 jucundo
1190 2474 1378 2543 affestionis

258 2573 393 2639 haurire
412 2573 480 2638 illa.

325 2666 412 2754 (vii.)
438 2666 537 2747 Quod
554 2667 664 2732 altera
678 2667 857 2753 conyirncit‘o
879 2667 926 2732 sit
942 2678 1008 2750 per
1028 2667 1233 2753 affet'iionem
1248 2666 1374 2732 intelli-

253 2763 367 2846 gendi,
383 2783 426 2826 ex
442 2783 509 2845 qua
519 2763 686 2845 perceptio
700 2762 782 2841 veri,
800 2773 898 2846 patet
914 2764 1031 2839 cuivis,
1049 2765 1105 2846 qui
1120 2763 1185 2828 hoc
1205 2783 1250 2828 ex
1269 2764 1375 2827 ratio·

258 2858 329 2922 nali
344 2858 526 2921 intuitione
538 2856 613 2922 vult
630 2857 785 2922 lustrare.
830 2858 886 2921 Ex
899 2859 1060 2921 rationali
1072 2859 1253 2922 intuitione
1266 2867 1374 2940 patet,

253 2953 348 3038 ¹quod
369 2949 503 3016 affectio
522 2954 650 3016 veriet
680 2955 858 3036 perceptio
884 2954 955 3017 veri
985 2954 1053 3017 sint
1077 2954 1177 3017 binae
1195 2952 1376 3020 facultates

257 3045 466 3121 intelleclus,
491 3067 577 3130 quae
606 3047 695 3128 apud
719 3048 885 3130 quosdam
915 3049 950 3111 in
973 3066 1076 3111 unum
1099 3048 1318 3124 conveniunt,
1339 3057 1375 3113 et

257 3142 348 3225 apud
371 3143 537 3226 quosdam
561 3162 652 3205 non:
684 3143 773 3225 apud
796 3143 874 3207 illos
897 3144 931 3206 in
954 3162 1057 3206 unum
1080 3143 1298 3217 conveniunt,
1317 3144 1376 3226 qui

256 3237 378 3302 volunt
398 3236 578 3301 intelleclu
598 3236 771 3320 percipere
790 3259 882 3312 vera,
899 3248 935 3302 et
956 3257 1024 3301 non
1041 3237 1130 3319 apud
1147 3237 1223 3299 illos
1243 3238 1299 3320 qui
1317 3258 1374 3300 so-

257 3332 328 3397 lum
346 3333 468 3398 volunt
487 3333 573 3396 scire
588 3352 678 3396 vera.
724 3331 824 3396 Patet
841 3335 956 3408 etiam,
974 3331 1064 3415 quod
1082 3333 1222 3414 quisque
1238 3342 1374 3395 tantum

256 3428 292 3491 in
310 3429 532 3510 perceptione
550 3428 621 3491 veri
640 3428 695 3500 sit,
716 3436 880 3510 quantum
904 3429 938 3489 in
957 3424 1137 3491 affefiiione
1156 3425 1373 3508 intelligendi

256 3533 331 3587 est:
363 3523 463 3586 deme
486 3524 576 3586 enim
599 3519 814 3585 affectionem
837 3521 1054 3603 intelligendi
1072 3538 1200 3595 verum,
1220 3528 1256 3583 et
1279 3519 1374 3584 nulla

257 3619 436 3702 perceptio
455 3619 525 3681 veri
544 3618 627 3696 erit;
658 3625 695 3681 at
718 3618 762 3681 da
785 3615 999 3682 affectionem
1019 3616 1236 3697 intelligendi
1254 3634 1373 3680 verum

255 3723 294 3778 et
317 3715 383 3776 erit
406 3714 584 3795 perceptio
606 3711 678 3794 ejus
701 3712 886 3778 secundum
911 3712 1054 3793 gradum
1074 3709 1263 3775 affeitionis
1281 3711 1372 3793 ejus;

254 3827 336 3872 nam
359 3807 499 3882 homini,
522 3809 575 3870 cui
605 3809 742 3889 integra
763 3817 817 3872 ost
847 3809 945 3881 ratio,
971 3825 1135 3889 nusquam
1166 3806 1265 3871 deest
1295 3827 1373 3888 per-

253 3904 372 3984 ceptio
394 3903 477 3977 veri,
497 3903 685 3966 dummodo
708 3902 757 3965 illi
780 3912 833 3966 est
857 3900 991 3966 affectio
1009 3901 1226 3982 intelligendi
1245 3919 1373 3966 verum.

253 3997 359 4080 Quod
391 3997 539 4063 facultas
571 3999 787 4079 intelligendi
819 4017 947 4073 verum,
972 4017 1058 4080 quae
1090 4006 1234 4060 vocatur
1266 3996 1371 4060 ratio·

252 4093 394 4168 nalitus,
412 4095 458 4157 sit
477 4094 583 4157 cuivis
598 4092 739 4168 homini,
759 4113 859 4174 supra
877 4101 1055 4156 ostensum
1075 4101 1139 4155 est.

322 4186 420 4273 (viii.)
447 4186 544 4266 Quod
562 4188 663 4251 tertia
677 4187 856 4272 conjimbiio
871 4187 919 4250 sit
934 4197 1000 4269 per
1013 4185 1218 4270 affelirimem
1234 4182 1375 4250 vivendi

250 4283 301 4358 r'd,
320 4303 363 4346 ex
380 4305 446 4365 qua
463 4280 775 4365 cogitatio-Quod
792 4282 883 4345 aliud
902 4283 947 4346 sit
966 4279 1100 4345 affeciio
1119 4280 1259 4354 sciendi,
1279 4279 1370 4343 aliud

249 4375 388 4444 affectio
403 4376 629 4460 intelligendi,
647 4387 682 4441 et
701 4377 792 4440 aliud
808 4374 942 4441 affectio
957 4376 1095 4440 videndi
1114 4376 1261 4448 id,-scu
1279 4374 1372 4457 quod

248 4471 347 4540 aliud
371 4474 416 4536 sit
440 4469 574 4536 all'efflo
592 4472 674 4546 veri,
695 4472 787 4537 aliud
807 4473 983 4554 perceptio
1001 4472 1083 4544 veri,
1103 4479 1139 4534 et
1162 4468 1254 4532 aliud
1273 4469 1369 4551 cogi·

248 4569 468 4642 tatio-non
496 4574 594 4649 patet
618 4567 683 4631 nisi
709 4586 811 4650 quam
830 4568 973 4630 obscure
996 4565 1085 4648 apud
1108 4564 1197 4640 illos,
1221 4566 1278 4647 qui
1300 4583 1369 4628 non

247 4673 399 4748 possunt
419 4658 582 4727 distincte
600 4664 774 4745 percipere
793 4661 1012 4744 operationes
1031 4661 1167 4736 mentis,
1185 4661 1246 4723 sed
1271 4667 1369 4742 patet
