3424 5368
506 672 558 724 ΒΕ
586 671 725 724 mvnvs
747 671 1102 723 momontum-N.
1128 659 1201 724 262.
1369 676 1438 744 209

300 851 377 908 tum
397 842 524 909 Divino
543 843 652 920 Bono,
670 843 762 928 quod
781 864 802 907 a
821 843 972 909 Domino
995 845 1165 928 procedit,
1182 854 1218 910 et
1243 865 1303 930 per
1320 846 1354 911 id
1378 855 1436 913 est

303 937 458 1003 Verbum
484 935 679 1021 conjundiio
709 939 850 1003 Domini
879 959 956 1004 cum
987 941 1146 1015 ecclesia,
1170 950 1207 1005 et
1234 944 1435 1024 praesentia

302 1033 400 1111 caeli,
418 1045 456 1099 ut
475 1035 509 1098 in
527 1033 691 1098 Dotirina
706 1033 822 1098 Novae
833 1033 1085 1118 Horosolymae
1101 1036 1143 1099 de
1161 1035 1346 1118 Scriptura
1365 1037 1431 1102 Sa·

301 1151 361 1194 cra
392 1128 589 1212 (n.62-69),
614 1141 794 1194 ostensum
823 1139 895 1209 est;
934 1151 973 1194 ac
1005 1133 1201 1214 praesentia
1225 1132 1365 1198 Domini
1394 1143 1433 1198 et

302 1222 389 1289 caeli
408 1233 463 1288 est
482 1224 673 1309 ubicunque
693 1224 848 1289 Verbum
867 1223 987 1290 sandie
1011 1226 1146 1307 legitur.
1193 1225 1261 1290 Hic
1278 1236 1331 1291 est
1355 1226 1432 1292 finis
1515 1265 1517 1268 >

304 1318 449 1383 Divinae
484 1319 725 1384 Providentiae
751 1330 894 1404 propter
916 1339 1018 1404 quem
1048 1321 1244 1385 conservati
1271 1332 1362 1398 sunt,
1393 1333 1430 1388 et

303 1433 363 1496 per
380 1414 523 1477 multum
542 1415 634 1478 orbis
657 1416 906 1497 circumsparsi.
953 1414 1073 1497 Qualis
1093 1436 1167 1479 sors
1191 1416 1326 1481 illorum
1350 1428 1431 1500 post

304 1517 452 1572 mortem
475 1517 541 1584 est,
565 1511 722 1573 videatur
744 1511 778 1573 in
805 1509 1055 1576 Continuatione
1076 1509 1117 1574 de
1149 1509 1272 1575 Ultimo
1294 1511 1432 1586 Judicro

301 1613 336 1666 et
351 1603 479 1668 Mundo
495 1603 681 1685 Spirituali
696 1604 743 1688 (n.
760 1605 893 1690 79-82).

366 1702 462 1767 261.
492 1699 591 1766 Haec
608 1722 697 1765 nunc
715 1711 794 1766 sunt
814 1723 902 1786 quae
921 1723 1023 1785 supra
1045 1701 1092 1785 (n.
1106 1702 1184 1787 238)
1209 1704 1318 1769 allata
1336 1717 1429 1784 sunt,
1464 1727 1469 1736 ¹

303 1815 364 1880 per
382 1816 469 1878 quae
488 1797 655 1861 naturalis
673 1797 779 1863 homo
791 1819 828 1862 se
840 1797 1032 1873 confirmat,
1049 1809 1109 1864 aut
1129 1798 1331 1866 confirmare
1350 1813 1430 1886 pot·

302 1902 357 1957 est
377 1901 499 1956 contra
522 1891 682 1957 Divinam
707 1893 973 1960 Providentiam.
1020 1894 1216 1980 Sequuntur
1232 1898 1344 1963 adhuc
1367 1899 1430 1964 ali·

302 2009 380 2073 qua,
394 2009 480 2072 quae
493 2009 595 2072 supra
610 1988 657 2072 (n.
669 1989 747 2074 239)
759 2001 950 2056 memorata
962 2002 1149 2077 sunt,quae
1162 1994 1268 2057 etiam
1282 1996 1431 2060 naturali

301 2083 433 2148 homini
455 2093 601 2168 possunt
618 2103 679 2167 pro
702 2089 916 2168 argumentis
938 2087 1103 2152 inservire
1121 2098 1245 2152 contra
1269 2089 1430 2155 Divinam

304 2178 573 2257 Providentiam,
597 2190 633 2244 et
657 2201 792 2265 quoque
821 2183 855 2246 in
878 2182 1022 2248 aliorum
1045 2182 1180 2247 animos
1206 2184 1368 2261 incidere,
1393 2195 1429 2252 et

302 2275 417 2359 aliqua
433 2274 536 2339 dubia
551 2277 718 2352 excitare,
737 2298 823 2361 quae
843 2287 927 2358 sunt
935 2298 988 2340 :-

366 2373 463 2438 262.
494 2369 546 2456 (i.)
577 2370 675 2450 Quod
692 2383 808 2436 contra
829 2373 991 2436 Divinam
1013 2372 1271 2437 Providentiam
1294 2375 1431 2440 dubium

298 2466 412 2548 possit
422 2466 653 2548 r'nserriexeo,
666 2467 757 2549 qnod
771 2477 858 2530 totus
875 2466 1094 2533 Christianus
1113 2468 1206 2532 orbis
1224 2469 1310 2532 colat
1323 2469 1430 2536 Deum

303 2582 404 2626 unum
418 2561 479 2625 snb
495 2561 606 2625 tribus
623 2561 796 2637 Personas,
814 2563 905 2645 qnod
918 2573 977 2639 est,
996 2573 1067 2627 tres
1085 2563 1199 2628 Deos:
1217 2574 1251 2627 et
1264 2564 1355 2647 qnod
1367 2565 1432 2630 nuc

303 2679 407 2741 usqne
424 2658 611 2734 nesciverit,
624 2657 715 2740 quod
727 2657 818 2721 Deus
841 2658 888 2722 sit
910 2679 995 2722 unus
1008 2668 1157 2739 persona
1174 2669 1208 2722 et
1222 2659 1377 2737 essentia,
1394 2661 1431 2724 in

302 2775 366 2836 quo
389 2751 554 2830 Trinitas,
573 2761 605 2816 et
622 2752 713 2837 qnod
730 2752 788 2818 ille
801 2754 892 2817 Deus
911 2753 1432 2822 sitDominus.-Ratiocinat0r

304 2849 357 2914 De
374 2850 498 2913 Divina
510 2848 730 2914 Providentia
742 2849 855 2914 dicere
874 2858 1004 2933 potest,
1018 2847 1149 2914 Annon
1169 2859 1240 2916 tres
1259 2850 1430 2918 Personae

302 2955 373 3010 tres
397 2945 454 3009 Dii
469 2955 560 3020 sunt,
582 2945 662 3008 dum
685 2946 896 3028 unaquaevis
920 2945 1071 3010 Persona
1093 2965 1154 3028 per
1177 2967 1214 3010 se
1237 2957 1293 3011 est
1312 2946 1430 3012 Deus?

303 3038 389 3122 Quis
417 3049 536 3124 potest
558 3040 659 3103 aliter
682 3039 858 3122 cogitare?
907 3039 1019 3105 Immo
1042 3041 1117 3124 quis
1140 3040 1241 3105 aliter
1269 3041 1429 3124 cogitati

186 3161 189 3166 ·
302 3135 382 3218 lpse
398 3134 614 3200 Athanasius
632 3154 701 3199 non
724 3136 839 3218 potuit
864 3134 987 3214 aliter;
1011 3155 1116 3219 quare
1134 3135 1169 3198 in
1193 3133 1260 3199 fide
1280 3134 1428 3219 Symbo-

302 3230 380 3310 lica,
398 3253 485 3316 quae
504 3231 549 3296 ab
568 3231 649 3313 Ipso
667 3231 876 3306 nominatur,
894 3229 990 3307 dicit,

357 3365 513 3421 “Tametsi
524 3381 562 3420 ex
576 3364 750 3421 Christiana
761 3364 889 3420 veritate
901 3380 1065 3436 agnoscere
1078 3364 1223 3419 debemus
1231 3345 1430 3493 unampuam·

301 3454 361 3522 que
371 3436 536 3493 Personam
549 3453 615 3492 esse
632 3436 730 3492 Deum
746 3446 778 3491 et
795 3436 978 3499 Dominum
998 3452 1094 3506 usque
1107 3452 1168 3490 non
1188 3435 1259 3490 licet
1272 3452 1309 3491 ex
1354 3437 1430 3494 hris-

301 3518 385 3564 uana
397 3509 456 3564 fide
470 3509 570 3564 dicere
584 3525 636 3563 seu
653 3509 810 3562 nominare
821 3516 885 3562 tres
900 3505 984 3562 Deos
996 3517 1050 3562 aut
1061 3515 1124 3563 tres
1137 3506 1316 3564 Dominos.”

302 3642 365 3707 Per
387 3642 453 3706 hoc
473 3662 543 3706 non
566 3641 658 3705 aliud
682 3641 897 3722 intelligitur,
917 3660 1020 3725 quam
1043 3641 1136 3724 quod
1159 3641 1348 3705 debeamus
1366 3661 1429 3724 ag·

301 3758 445 3802 noscere
460 3747 532 3800 tres
549 3736 644 3800 Deos
657 3747 692 3800 et
713 3737 894 3812 Dominos,
915 3735 976 3820 sed
993 3736 1085 3819 quod
1104 3756 1174 3799 non
1192 3736 1296 3800 liceat
1315 3737 1429 3802 dicere

300 3854 360 3897 seu
388 3835 565 3896 nominare
584 3842 656 3896 tres
679 3832 774 3897 Deos
794 3841 831 3896 et
854 3841 924 3896 tres
948 3831 1127 3896 Dominos.
1174 3843 1232 3905 [2.]
1260 3829 1345 3913 Quis
1372 3853 1429 3894 us·

299 3948 401 4011 quam
416 3936 533 4010 potest
550 3928 724 4010 percipere
738 3947 842 3992 unum
855 3927 979 4002 Deum,
994 3927 1059 3990 nisi
1072 3927 1177 3991 etiam
1190 3945 1276 3989 unus
1289 3927 1334 3990 sit
1351 3944 1429 4007 per·

299 4022 408 4087 sona?
452 4021 487 4086 Si
511 4023 646 4097 dicitur,
667 4024 758 4107 quod
778 4023 954 4107 percipere
973 4024 1096 4106 possit,
1117 4023 1145 4086 si
1168 4023 1316 4104 cogitat,
1337 4024 1429 4105 quod

300 4140 367 4183 una
386 4119 539 4183 essentia
554 4119 598 4182 sit
611 4117 746 4195 Tribus,
764 4120 838 4203 quis
851 4140 898 4183 ex
914 4119 979 4183 hoc
993 4118 1085 4182 aliud
1099 4117 1245 4200 percipit
1258 4129 1294 4182 et
1310 4127 1430 4201 potest

300 4216 485 4297 percipere,
506 4234 609 4297 quam
628 4215 720 4298 quod
732 4215 780 4278 sic
795 4215 973 4278 unanimes
989 4215 1070 4291 sint,
1088 4223 1124 4278 et
1141 4214 1233 4296 quod
1252 4215 1429 4278 consenti·

299 4319 372 4384 ant,
389 4319 425 4374 et
443 4301 550 4392 usqiie
566 4310 658 4392 quod
675 4319 747 4374 tres
766 4309 823 4373 Dii
840 4309 934 4374 sint?
980 4309 1027 4374 Et
1044 4311 1072 4374 si
1089 4310 1193 4375 altius
1208 4311 1355 4392 cogitat,
1374 4330 1429 4373 se·

300 4425 377 4470 cum
396 4405 492 4480 dicit,
510 4403 694 4486 Quomodo
710 4414 830 4488 potest
853 4405 979 4469 Divina
1001 4407 1164 4482 essentia,
1185 4425 1273 4489 quae
1296 4404 1430 4469 infinita

298 4511 364 4576 est,
393 4499 523 4564 dividi?
556 4511 592 4563 et
616 4501 791 4584 quomodo
814 4510 931 4582 potest
960 4501 1019 4565 illa
1045 4501 1090 4566 ab
1115 4511 1259 4565 aeterno
1286 4501 1429 4583 gignere

298 4596 414 4668 alium,
432 4605 468 4659 et
488 4594 599 4659 adhuc
616 4596 805 4676 producere
818 4596 922 4660 alium
942 4597 998 4680 qui
1018 4596 1061 4660 ab
1075 4606 1219 4680 utroque
1236 4595 1428 4679 procedat?

299 4687 335 4754 Si
359 4692 495 4768 dicitur,
515 4690 607 4772 quod
631 4691 665 4754 id
682 4692 892 4755 credendum
915 4693 971 4768 sit,
992 4701 1028 4756 et
1051 4692 1095 4755 de
1111 4711 1154 4755 eo
1177 4710 1247 4755 non
1266 4690 1426 4771 cogitan-
