3352 5374
452 643 500 692 ne
525 641 936 703 oruruonuonrr,1>nns
961 645 1076 699 v.-u.
1097 642 1166 708 359.
1302 627 1356 688 161

645 1111 759 1209 {aare
785 1112 958 1192 muium.

240 1491 354 1574 Quor)
377 1508 402 1556 a
426 1491 586 1557 Doumo
606 1505 706 1556 arun
727 1504 912 1556 nomnen
930 1503 1083 1555 cnunTn
1102 1500 1151 1553 aT
1173 1501 1360 1554 Toaunaa

366 1601 452 1652 sruT
483 1600 561 1651 ouo
584 1600 859 1652 necarrncunn
882 1599 931 1649 nT
954 1597 1204 1649 unarrncuna
1227 1583 1358 1661 Iasrus,

366 1695 470 1760 QUAE
501 1695 709 1747 vocAuTun
741 1681 956 1746 VonuuTns
986 1693 1035 1744 ΕΤ
1072 1679 1360 1760 ΙΝτΕιιΕετυε;

365 1777 580 1852 Vonunrns
613 1792 688 1843 Tuo
719 1778 862 1841 Drvrno
885 1777 1029 1841 Auoae
1062 1777 1189 1853 Irsrus,
1215 1789 1264 1840 ΕΤ
1297 1776 1358 1840 In-

365 1886 584 1938 Tennacrus
608 1887 680 1938 mo
703 1873 848 1937 Durum
871 1870 1081 1936 SnerauTm
1100 1872 1231 1938 Irsrus.

300 2044 399 2127 358·
431 2042 559 2109 netum
576 2054 629 2108 est
649 2045 692 2108 de
710 2045 835 2108 Divino
852 2042 982 2107 Amore
1001 2053 1037 2107 et
1056 2043 1099 2106 de
1119 2042 1243 2106 Divina
1260 2041 1358 2127 Sapi-

238 2141 333 2205 entia
354 2138 417 2202 Dei
437 2139 624 2215 Creatoris,
646 2140 702 2222 qui
725 2149 778 2203 est
804 2139 971 2202 Dominus
995 2139 1039 2201 ab
1063 2148 1224 2217 aeterno;
1255 2148 1291 2202 et
1315 2141 1359 2202 de

238 2234 412 2298 creatione
432 2234 601 2310 universi;
626 2250 714 2294 nunc
732 2232 858 2314 aliquid
882 2232 1015 2294 dicetur
1033 2231 1076 2293 de
1100 2232 1275 2294 creatione
1294 2231 1357 2294 ho·

238 2327 347 2389 minis.
394 2324 539 2405 Legitur
559 2325 649 2406 quod
670 2324 774 2387 homo
793 2333 930 2386 creatus
958 2324 1002 2386 sit
1030 2323 1063 2385 in
1087 2323 1271 2402 imaginem
1293 2323 1357 2384 Dei

237 2417 424 2480 secundum
446 2415 706 2479 similitudinem
727 2415 837 2497 Ipsius
858 2414 989 2497 (Genes.
1010 2415 1029 2477 i.
1050 2413 1116 2496 26).
1162 2415 1223 2477 Per
1243 2416 1356 2478 “ima-

236 2511 352 2590 ginem
374 2507 436 2571 Dei
447 2508 462 2532 ”
479 2509 524 2571 ibi
544 2507 749 2590 intelligitur
769 2507 893 2570 Divina
909 2507 1089 2588 sapientia,
1107 2519 1143 2570 et
1162 2528 1221 2589 per
1239 2510 1358 2571 “simi-

236 2601 416 2664 litudinem
436 2599 499 2663 Dei
508 2599 523 2625 ”
538 2599 680 2662 Divinus
696 2619 791 2663 amor
806 2621 812 2676 ;
833 2620 911 2662 nam
929 2600 1097 2681 sapientia
1114 2620 1181 2662 non
1198 2599 1290 2663 aliud
1303 2613 1357 2665 est

236 2712 337 2775 quam
353 2694 470 2774 imago
487 2694 623 2765 amoris,
639 2693 732 2755 sistit
748 2693 837 2753 enim
854 2711 950 2753 amor
966 2713 1003 2754 se
1019 2693 1203 2754 videndum
1220 2703 1255 2756 et
1273 2713 1356 2774 cog-

237 2785 448 2849 noscendum
465 2785 498 2846 in
515 2785 684 2866 sapientia
697 2804 704 2860 ;
729 2793 764 2846 et
779 2785 856 2866 quia
868 2785 913 2846 ibi
926 2784 1058 2847 videtur
1073 2794 1108 2846 et
1125 2787 1356 2866 cognoscitur,

236 2886 290 2940 est
310 2877 479 2957 sapientia
497 2878 614 2958 imago
632 2876 713 2956 ejus.
763 2875 874 2939 Amor
897 2878 1001 2939 etiam
1021 2887 1075 2939 est
1096 2877 1182 2940 Esse
1201 2879 1303 2954 vitae,
1322 2889 1357 2941 et

236 2971 405 3050 sapientia
424 2978 479 3033 est
497 2969 661 3033 Existere
680 2971 772 3031 vitae
792 2990 837 3031 ex
857 2969 927 3033 illo.
974 2968 1166 3032 Similitudo
1186 2980 1221 3032 et
1241 2972 1357 3052 imago

237 3061 301 3124 Dei
313 3072 456 3144 apparet
473 3063 650 3143 perspicue
667 3062 756 3142 apud
774 3062 918 3142 angelos
933 3083 940 3138 ;
964 3062 1078 3124 elucet
1095 3063 1184 3124 enim
1201 3082 1297 3127 amor
1313 3065 1357 3126 ab

234 3153 386 3217 interiori
405 3156 439 3217 in
459 3153 544 3217 facie
564 3154 710 3228 illorum,
731 3163 767 3216 et
788 3155 957 3234 sapientia
979 3155 1012 3215 in
1036 3153 1298 3234 pulchritudine,
1320 3169 1355 3218 et

237 3244 455 3326 pulchritudo
468 3257 520 3310 est
532 3245 640 3309 forma
652 3246 778 3308 amoris
797 3246 951 3308 illorum:
980 3245 1050 3308 vidi
1069 3255 1104 3308 et
1124 3247 1281 3327 cognovi.

298 3351 400 3419 359.
433 3335 550 3400 Homo
579 3357 646 3400 non
678 3349 795 3420 potest
826 3359 900 3400 esse
929 3339 1043 3417 imago
1074 3336 1138 3400 Dei
1167 3339 1355 3402 secundum

236 3430 493 3495 similitudinem
515 3433 635 3515 Ipsius,
657 3435 721 3495 nisi
741 3433 834 3496 Deus
859 3435 903 3497 sit
929 3433 960 3495 in
985 3432 1056 3508 illo,
1077 3443 1111 3496 et
1132 3435 1177 3497 sit
1196 3433 1268 3496 vita
1284 3434 1355 3515 ejus

236 3523 279 3586 ab
297 3525 431 3586 intimo.
480 3523 582 3606 Quod
608 3525 700 3587 Deus
726 3527 770 3588 sit
797 3527 830 3588 in
857 3525 1006 3601 homine,
1031 3534 1067 3588 et
1093 3527 1137 3588 ab
1163 3525 1285 3590 intimo
1308 3528 1354 3591 sit

237 3616 307 3678 vita
320 3615 402 3696 ejus,
418 3618 572 3698 sequitur
588 3638 632 3679 ex
651 3616 717 3679 illis
734 3639 820 3698 quae
837 3638 938 3700 supra
956 3615 1003 3699 (n,
1019 3617 1096 3697 4-6)
1116 3619 1355 3683 demonstrata

236 3717 326 3782 sunt,
345 3709 436 3790 quod
460 3709 553 3771 solus
578 3709 671 3771 Deus
690 3710 735 3772 sit
754 3708 849 3784 Vita,
870 3719 906 3774 et
931 3710 1022 3793 quod
1046 3709 1202 3774 homines
1229 3722 1265 3775 et
1292 3733 1352 3775 an-

236 3799 303 3879 geli
323 3801 392 3862 sint
411 3801 618 3882 recipientes
637 3802 730 3864 vitae
756 3801 801 3865 ab
820 3802 910 3883 Ipso.
956 3801 1086 3866 Notum
1106 3805 1209 3868 etiam
1230 3813 1285 3868 est
1308 3825 1354 3867 ex

236 3888 364 3966 Verbo,
381 3893 471 3974 quod
490 3893 583 3955 Deus
599 3892 644 3956 sit
661 3894 693 3956 in
710 3893 861 3968 homine,
879 3906 914 3958 et
931 3897 1022 3977 quod
1039 3898 1251 3959 mansionem
1264 3897 1353 3977 apud

235 3981 331 4046 illum
353 3983 476 4062 faciat3
516 3993 552 4047 et
575 3986 653 4067 quia
678 3996 798 4049 notum
822 3997 875 4050 est
899 4009 944 4050 ex
969 3986 1096 4060 Verbo,
1120 3987 1275 4050 sollenne
1299 3999 1352 4051 est

236 4075 529 4156 praedicatoribus
548 4070 673 4152 dicere,
694 4087 732 4141 ut
759 4089 963 4161 praeparent
983 4101 1019 4143 se
1050 4080 1092 4142 ad
1120 4080 1351 4159 recipiendum

237 4165 359 4241 Deum,
385 4176 422 4231 ut
445 4167 552 4231 intret
575 4169 609 4231 in
631 4169 719 4244 illos,
738 4180 775 4234 ut
792 4173 835 4234 sit
855 4173 888 4234 in
908 4173 1065 4235 cordibus
1082 4191 1208 4241 eorum,
1226 4181 1263 4234 ut
1282 4173 1353 4236 sint

236 4258 470 4324 habitaculum
484 4261 612 4343 ipsius:
638 4262 794 4326 similiter
807 4263 954 4346 loquitur
966 4265 1111 4327 devotus
1128 4264 1161 4326 in
1174 4264 1331 4344 precibus
1344 4288 1352 4344 ;

235 4350 284 4414 ita
306 4352 446 4434 quidam
470 4354 621 4434 apertius
644 4355 687 4417 de
711 4353 839 4437 Spiritu
862 4353 1000 4429 Sancto,
1025 4374 1126 4438 quem
1150 4356 1294 4419 credunt
1319 4359 1351 4420 in

236 4443 317 4524 ipsis
341 4464 427 4519 esse,
447 4447 526 4508 dum
551 4448 584 4508 in
608 4444 729 4509 sancto
752 4447 826 4510 zelo
845 4442 935 4522 sunt,
960 4459 996 4510 et
1026 4469 1070 4510 ex
1094 4447 1154 4510 illo
1181 4449 1350 4530 cogitant,

237 4533 421 4616 loquuntur
442 4547 477 4600 et
501 4539 711 4617 praedicant.
758 4537 859 4620 Quod
884 4538 1029 4620 Spiritus
1049 4538 1193 4604 Sandtus
1213 4541 1257 4604 sit
1282 4541 1352 4604 Do·

236 4628 357 4703 minus,
386 4636 422 4690 et
451 4648 520 4691 non
548 4628 667 4712 aliquis
692 4630 784 4694 Deus
812 4633 867 4715 qui
897 4643 950 4694 est
979 4632 1128 4695 Persona
1153 4652 1213 4713 per
1240 4653 1288 4709 se,
1316 4635 1350 4696 in
