3426 5382
509 652 559 702 un
582 653 719 704 ntvnm
743 654 1100 710 anonumum-rt.
1122 658 1192 730 153.
1369 664 1427 731 ¹03

294 825 398 904 mino,
419 823 626 909 intelligitur
648 847 710 912 per
731 826 810 906 hoc,
832 828 898 894 “Si
924 851 992 895 non
1018 831 1134 897 lavero
1157 842 1201 912 te,
1223 854 1292 899 non
1315 834 1427 903 habes

294 931 428 1005 partem
448 921 615 988 Mecum.”
660 921 764 1006 Quod
787 924 916 991 lavatio
937 929 1026 1010 apud
1044 927 1195 1010 Judaeos
1221 952 1425 1016 repraesen-

293 1021 419 1083 taverit
443 1018 715 1104 purificationem
742 1041 763 1084 a
790 1021 901 1102 malis,
925 1033 962 1089 et
989 1025 1081 1108 quod
1106 1026 1192 1089 haec
1217 1047 1277 1110 per
1298 1030 1424 1094 “lava-

293 1113 423 1179 tionem
433 1115 449 1140 ’'
471 1117 505 1178 in
525 1114 643 1179 Verbo
666 1115 890 1198 significetur,
914 1128 950 1184 et
972 1120 1065 1203 quod
1096 1140 1156 1202 per
1181 1123 1423 1192 “lavationem

292 1211 440 1294 pedum¹'
456 1210 668 1294 significetur
684 1212 876 1297 purificatio
892 1215 1058 1280 naturalis
1077 1238 1137 1280 seu
1156 1221 1294 1283 externi
1310 1221 1422 1286 homi·

292 1307 354 1380 niS,
376 1308 490 1371 multis
509 1318 688 1372 ostensum
709 1309 816 1372 estin
836 1309 985 1374 Arcanis
1006 1309 1224 1378 caelestibus.

355 1417 446 1486 152.
478 1403 650 1487 Quoniam
674 1404 804 1468 homini
829 1405 1002 1471 internum
1025 1417 1061 1472 et
1084 1419 1269 1473 externum
1294 1421 1359 1486 est,
1379 1433 1420 1477 ac

290 1508 470 1582 utrumque
500 1500 755 1564 reformandum
783 1511 837 1564 est
869 1511 906 1565 ut
937 1501 1042 1566 homo
1068 1503 1273 1569 reformatus
1301 1508 1357 1581 sit,
1383 1519 1420 1574 et

290 1597 450 1677 quoniam
475 1615 577 1660 nemo
600 1596 775 1660 reformari
800 1607 929 1681 potest,
954 1599 1018 1661 nisi
1041 1598 1203 1683 exploret
1231 1622 1280 1677 se,
1302 1603 1420 1668 videat

289 1701 325 1755 et
345 1703 515 1774 agnoscat
535 1714 596 1756 sua
615 1694 717 1770 mala,
738 1704 773 1758 et
794 1705 917 1777 postea
939 1695 1083 1760 desistat
1102 1696 1145 1760 ab
1165 1696 1243 1774 illis,
1264 1701 1420 1782 sequitur

289 1791 380 1872 quod
406 1809 474 1852 non
503 1789 614 1853 solum
639 1798 823 1854 externum
854 1791 1106 1874 explorandum
1137 1793 1194 1868 sit,
1220 1795 1280 1858 sed
1310 1797 1416 1861 etiam

288 1885 472 1948 internum.
517 1883 551 1949 Si
588 1895 772 1949 externum
807 1885 918 1949 solum
953 1887 1167 1969 exploratur,
1203 1888 1308 1953 homo
1345 1911 1415 1956 non

288 1981 383 2044 videt
411 1981 504 2044 aliud
533 2002 634 2064 quam
662 1982 754 2064 quod
784 1978 967 2046 actualiter
993 1984 1226 2060 commiserat,
1254 1997 1290 2049 ut
1321 1989 1415 2068 quod

288 2097 356 2140 non
376 2077 551 2152 occiderit,
569 2097 638 2140 non
656 2077 873 2142 adulteratus
893 2080 949 2154 sit,
972 2098 1040 2142 non
1060 2079 1191 2142 furatus
1211 2081 1267 2156 sit,
1289 2092 1324 2145 et
1345 2102 1413 2148 non

286 2175 371 2240 false
398 2185 549 2240 testatus
579 2177 635 2251 sit,
664 2185 699 2239 et
728 2177 776 2238 sic
808 2196 930 2257 porro:
968 2179 1016 2240 ita
1047 2177 1210 2260 explorat
1242 2178 1332 2242 mala
1362 2182 1414 2244 sui

287 2274 449 2354 corporis,
469 2282 506 2336 et
530 2293 597 2335 non
622 2272 713 2335 mala
737 2273 787 2335 sui
810 2272 968 2353 spiritus;
1002 2282 1038 2336 et
1062 2283 1180 2336 tamen
1205 2274 1295 2336 mala
1314 2277 1412 2356 spiri·

286 2378 342 2432 tus
361 2368 577 2451 exploranda
596 2379 688 2443 sunt,
706 2378 743 2431 ut
763 2369 837 2452 quis
857 2368 1030 2432 reformari
1048 2370 1158 2451 possit
1174 2390 1181 2446 ;
1210 2389 1288 2432 nam
1306 2369 1413 2434 homo

285 2465 369 2529 vivit
400 2467 537 2547 spiritus
560 2476 639 2547 post
663 2475 823 2539 mortem,
847 2475 882 2528 et
907 2465 1022 2528 omnia
1046 2464 1147 2538 mala,
1173 2486 1260 2547 quae
1289 2468 1322 2528 in
1350 2466 1412 2530 illo

285 2572 376 2638 sunt,
401 2571 600 2638 remanent;
635 2570 670 2623 et
694 2561 834 2642 spiritus
858 2581 926 2623 non
951 2560 1049 2623 aliter
1071 2560 1282 2642 exploratur,
1308 2581 1410 2642 quarn

285 2669 321 2722 ut
355 2658 459 2721 homo
492 2657 656 2721 attendat
691 2657 734 2718 ad
772 2657 1005 2738 cogitationes
1040 2676 1129 2731 suas,
1164 2657 1329 2740 imprimis
1365 2658 1410 2721 ad

283 2754 507 2828 intentiones,
528 2773 606 2816 narn
626 2753 840 2816 intentiones
863 2763 943 2816 sunt
967 2752 1202 2832 cogitationes
1221 2774 1266 2815 ex
1285 2753 1409 2817 volun·

284 2860 378 2928 tate;
413 2850 458 2913 ibi
481 2859 561 2913 sunt
586 2847 676 2911 mala
698 2849 732 2911 in
756 2848 888 2930 origine
912 2868 973 2911 sua
996 2857 1031 2911 et
1056 2849 1089 2910 in
1114 2848 1227 2911 radice
1252 2869 1322 2923 sua,
1340 2849 1407 2914 hoc

283 2956 348 3021 est,
368 2947 402 3009 in
422 2944 709 3028 concupiscentiis
733 2943 802 3006 suis
826 2955 861 3006 et
885 2945 919 3006 in
939 2942 1096 3024 jucundis
1115 2945 1204 3022 suis;
1236 2964 1322 3026 quae
1343 2945 1408 3009 nisi

283 3044 443 3106 videntur
458 3052 494 3106 et
513 3050 758 3122 agnoscuntur,
779 3039 884 3103 homo
904 3060 1009 3121 usque
1029 3040 1062 3102 in
1080 3039 1179 3102 malis
1197 3049 1261 3114 est,
1283 3050 1407 3103 utcun-

282 3160 345 3223 que
369 3140 403 3202 in
426 3137 581 3201 externis
607 3157 675 3199 non
700 3137 921 3199 commiserat
943 3135 1012 3197 illa.
1059 3133 1161 3215 Quod
1181 3137 1337 3216 cogitare
1361 3155 1406 3200 ex

279 3235 475 3302 intentione
495 3235 540 3296 sit
560 3232 648 3296 velle
673 3241 708 3296 et
729 3231 849 3304 iacere,
871 3240 968 3312 patet
986 3251 1006 3292 a
1026 3228 1164 3293 Domini
1185 3231 1308 3306 verbis,

330 3381 378 3430 “Si
393 3381 453 3442 quis
465 3380 601 3441 aspexerit
614 3378 752 3426 mulierem
767 3377 894 3434 alienam,
906 3375 944 3425 ita
955 3385 985 3424 ut
997 3377 1169 3438 concupiscat
1182 3389 1251 3434 earn,
1263 3374 1319 3438 jam
1332 3375 1407 3426 adul·

411 3446 508 3496 terium
521 3459 581 3494 cum
594 3445 640 3493 illa
654 3442 817 3492 1¹1c0mmisit
830 3443 856 3490 in
869 3443 949 3491 corde
958 3440 972 3460 '’
985 3441 1092 3502 (Martie.
1106 3456 1129 3490 v.
1144 3440 1193 3504 28).

278 3600 373 3664 Talis
392 3600 590 3683 exploratio
612 3607 665 3661 est
689 3598 814 3660 interni
837 3595 995 3672 hominis,
1016 3615 1061 3659 ex
1085 3616 1152 3678 qua
1171 3596 1407 3661 essentialiter

278 3697 479 3780 exploratur
498 3704 662 3758 externus
681 3693 795 3756 homo.

341 3807 437 3876 153.
468 3788 611 3872 Saepius
642 3791 784 3852 miratus
813 3808 900 3862 sum,
931 3786 1023 3870 quod
1055 3788 1197 3852 tametsi
1227 3788 1405 3852 universus

277 3889 369 3953 orbis
386 3886 600 3951 Christianus
624 3886 731 3960 novit,
753 3885 843 3968 quod
867 3883 1030 3966 fugienda
1053 3884 1123 3947 sint
1146 3884 1238 3947 mala
1262 3893 1299 3946 ut
1323 3904 1404 3966 pec·

277 3994 368 4058 cata,
387 3992 423 4046 et
443 3982 534 4066 quod
557 3981 685 4065 alioqui
709 4001 777 4044 non
802 3981 1033 4056 remittantur,
1053 3989 1090 4043 et
1114 3981 1142 4044 si
1165 3989 1309 4063 peccata
1334 3997 1405 4043 non

277 4083 510 4155 remittuntur,
535 4077 630 4142 nulla
652 4078 697 4141 sit
719 4077 879 4153 salvatio,
904 4097 1010 4159 usque
1033 4084 1151 4140 tamen
1178 4077 1269 4139 inter
1292 4075 1404 4140 mille·

277 4199 340 4242 nos
364 4177 424 4239 vix
452 4197 538 4239 unus
565 4176 631 4240 hoc
656 4175 767 4254 sciat;
804 4174 1003 4258 inquisitum
1031 4182 1086 4236 est
1114 4173 1180 4237 hoc
1211 4173 1245 4235 in
1275 4173 1403 4238 mundo
1460 4163 1461 4168 ἵ

278 4270 454 4354 spirituali,
485 4291 524 4336 ac
554 4273 603 4336 ita
632 4271 810 4335 inventum
841 4280 905 4334 est.
952 4267 1105 4352 Quisque
1135 4269 1225 4332 enim
1256 4269 1290 4332 in
1320 4269 1404 4334 orbe

277 4368 474 4434 Christiano
498 4369 594 4433 novit
617 4368 651 4430 id
675 4389 720 4430 ex
745 4365 957 4431 orationibus
978 4361 1165 4448 praelectis
1189 4371 1307 4428 c'oram
1336 4364 1404 4433 iltis

277 4467 333 4548 qui
349 4463 514 4530 Sanctam
531 4462 660 4529 Cenam
680 4463 821 4538 obeunt,
840 4481 919 4526 nam
935 4462 968 4525 id
987 4461 1021 4524 in
1041 4460 1108 4524 illis
1125 4471 1243 4542 aperte
1260 4461 1403 4541 dicitur·,

276 4571 312 4627 et
343 4571 461 4625 tamen
493 4579 571 4624 cum
600 4568 809 4644 quaeruntur
835 4577 916 4621 num
947 4557 1059 4620 sciant
1088 4556 1166 4634 hoc,
1191 4557 1404 4639 respondent

276 4658 370 4742 quod
391 4678 461 4722 non
485 4658 609 4734 sciant,
630 4666 665 4720 et
688 4655 780 4738 quod
804 4674 872 4718 non
897 4653 1069 4718 sciverint.
1116 4652 1227 4717 Causa
1247 4662 1301 4716 est
1324 4654 1404 4736 quia
