3418 5370
492 699 544 750 os
567 697 704 750 DtleA
727 698 1084 755 anonumum-N.
1104 691 1174 773 283.
1337 709 1398 774 231

273 871 377 939 discit
399 870 525 948 civilia,
553 871 697 936 moralia
722 882 759 938 et
787 872 989 955 spiritualia,
1017 895 1105 960 quae
1133 879 1239 941 etiam
1267 879 1403 962 cogita-

272 969 387 1036 tiones
405 967 478 1051 ejus
496 968 641 1043 intrant,
661 977 697 1032 et
721 979 903 1032 removent
925 969 1077 1040 insanias
1100 969 1188 1047 illas,
1210 982 1245 1036 et
1263 993 1323 1056 per
1343 973 1404 1038 illa

273 1086 294 1129 a
316 1064 469 1129 Domino
492 1073 655 1143 sanatur;
685 1063 746 1128 sed
776 1084 882 1147 usque
907 1084 976 1127 non
1003 1065 1095 1130 ultra
1121 1086 1224 1150 quam
1253 1078 1291 1132 ut
1314 1071 1403 1134 sciat

273 1159 448 1225 custodire
467 1166 616 1241 portam,
637 1157 701 1222 nisi
721 1158 826 1221 etiam
850 1167 1020 1241 agnoscat
1040 1159 1164 1238 Deum,
1185 1169 1221 1226 et
1239 1162 1403 1246 imploret

273 1277 376 1340 opem
400 1256 522 1340 ipsius,
546 1264 585 1321 ut
616 1254 727 1340 possit
751 1255 913 1319 resistere
940 1255 1029 1319 illis:
1065 1268 1101 1320 et
1128 1268 1296 1341 quantum
1319 1270 1402 1325 tunc

272 1351 416 1428 resistit,
434 1361 573 1417 tantum
597 1371 666 1415 non
690 1350 847 1415 admittit
871 1350 1003 1415 illasio
1025 1351 1250 1430 intentiones
1268 1363 1303 1420 et
1322 1365 1402 1419 tan·
1449 1359 1453 1368 '

274 1446 354 1512 dem
384 1466 447 1510 nec
477 1447 513 1510 in
544 1447 789 1529 cogitationes.
836 1451 894 1513 [4.]
924 1445 1011 1512 Cum
1041 1448 1160 1532 itaque
1190 1449 1224 1512 in
1253 1449 1405 1514 hominis

274 1541 437 1606 libertate
460 1552 515 1607 est
534 1543 691 1624 cogitare
715 1543 805 1606 sicut
828 1540 937 1618 lubet,
953 1553 1097 1626 propter
1119 1542 1222 1607 finem
1246 1554 1283 1608 ut
1306 1565 1405 1610 amor

273 1637 368 1702 vitae
384 1637 455 1719 ejus
472 1658 491 1701 e
508 1636 659 1701 latibulis
676 1639 745 1700 suis
761 1639 795 1700 in
814 1636 926 1700 lucem
943 1636 1141 1702 intelledius
1157 1638 1228 1721 ejus
1245 1640 1403 1722 prodeat,

274 1739 309 1796 et
327 1733 419 1816 quod
438 1732 564 1817 alioqui
582 1751 651 1796 non
670 1733 774 1796 sciret
797 1731 926 1816 aliquid
946 1734 988 1796 de
1008 1754 1070 1796 suo
1090 1734 1193 1810 malo,
1214 1745 1250 1798 et
1270 1735 1319 1798 ita
1337 1755 1402 1801 nec

273 1826 410 1910 fugaret
439 1828 534 1903 illud,
561 1829 715 1911 sequitur
746 1828 839 1912 quod
867 1829 902 1891 id
931 1829 1022 1911 apud
1052 1829 1149 1893 illum
1180 1839 1404 1910 accresceret,

275 1943 381 2008 usque
400 1933 438 1988 ut
455 1943 523 1987 non
541 1924 638 1987 locus
654 1923 960 2006 redintegrationis
977 1935 1173 2006 superesset
1189 1926 1279 2007 apud
1295 1926 1404 2004 illum,

275 2029 312 2083 et
341 2041 445 2102 aegre
480 2018 572 2101 apud
604 2019 741 2094 liberos,
773 2021 801 2082 si
831 2040 917 2102 quos
947 2021 1129 2102 gigneret;
1165 2040 1245 2084 nam
1275 2021 1406 2088 malum

274 2117 429 2199 parentis
447 2115 639 2178 traducitur
657 2115 692 2178 in
712 2114 855 2196 prolem.
901 2114 969 2179 Sed
992 2115 1058 2179 hoc
1080 2137 1122 2179 ne
1141 2115 1213 2192 fiat,
1235 2116 1408 2182 Dominus

275 2213 448 2294 providet.

339 2305 434 2372 282.
469 2306 638 2369 Potuisset
656 2306 824 2369 Dominus
844 2327 966 2370 sanare
986 2305 1202 2372 intelledtum
1219 2307 1309 2390 apud
1329 2328 1405 2372 om·

276 2419 356 2464 nem
373 2399 560 2476 hominem,
582 2410 618 2464 et
642 2402 690 2463 sic
714 2400 826 2464 iacere
851 2411 888 2465 ut
913 2422 980 2465 non
1005 2402 1097 2464 mala
1116 2403 1177 2464 sed
1196 2402 1288 2465 bona
1308 2405 1404 2486 cogi-

276 2504 350 2574 tet;
383 2494 449 2558 hoc
476 2516 537 2578 per
559 2497 673 2558 varios
701 2497 855 2571 timores,
880 2516 940 2578 per
963 2497 1139 2571 miracula,
1165 2517 1225 2578 per
1249 2496 1407 2581 loquelas

276 2610 353 2654 cum
378 2588 558 2666 defundiis,
584 2610 712 2673 perque
731 2591 881 2654 visiones
901 2600 936 2654 et
954 2593 1110 2670 somnia;
1135 2593 1196 2655 sed
1221 2593 1326 2656 modo
1348 2614 1404 2656 sa·

276 2707 357 2750 nare
390 2684 617 2761 intellettum,
649 2695 703 2749 est
740 2686 852 2749 solum
883 2687 1102 2750 extrinsecus
1133 2709 1255 2750 sanare
1292 2687 1405 2751 homi-

276 2802 374 2860 nem;
398 2778 597 2845 intellectus
615 2783 706 2844 enim
723 2801 800 2844 cum
817 2782 889 2863 ejus
909 2783 1125 2863 cogitatione
1145 2793 1199 2847 est
1219 2795 1404 2848 externum

275 2880 368 2944 vitae
391 2877 551 2952 hominis,
576 2897 615 2940 ac
633 2877 797 2940 voluntas
820 2897 898 2940 cum
921 2877 992 2959 ejus
1016 2876 1196 2942 affeEiione
1219 2890 1272 2943 est
1297 2881 1405 2942 inter·

276 2993 357 3038 num
374 2975 466 3036 vitae
483 2970 554 3053 ejus
570 2993 577 3049 ;
602 2993 706 3055 quare
724 2974 860 3036 sanatio
877 2973 982 3037 solius
998 2971 1196 3037 intelletius
1213 2974 1301 3038 soret
1318 2976 1407 3039 sicut

276 3071 413 3134 sanatio
433 3067 621 3152 palliativa,
640 3089 700 3151 per
718 3087 820 3151 quam
841 3068 1040 3150 malignitas
1058 3070 1203 3133 interior
1221 3070 1352 3132 inclusa
1368 3079 1405 3135 et

276 3165 423 3229 inhibita
446 3165 554 3238 exire,
580 3172 801 3227 consumeret
829 3165 974 3246 primum
998 3165 1111 3227 vicina
1140 3173 1177 3228 et
1202 3175 1325 3246 postea
1351 3185 1405 3228 re·

277 3271 384 3336 mota,
405 3281 512 3343 usque
532 3259 613 3322 dum
633 3278 734 3321 omne
754 3259 973 3322 morticinum
992 3269 1097 3324 esset.
1144 3259 1224 3341 Ipsa
1243 3259 1407 3323 voluntas

277 3367 340 3432 est,
369 3377 457 3440 quae
484 3355 640 3418 sananda
669 3363 734 3430 est,
761 3374 830 3417 non
859 3374 919 3438 per
948 3353 1114 3418 influxum
1143 3352 1342 3418 intelledius
1370 3356 1406 3422 in

277 3452 383 3526 illam,
402 3453 481 3535 quia
496 3450 554 3514 ille
572 3471 641 3514 non
658 3451 770 3526 datur,
788 3449 849 3513 sed
870 3470 930 3531 per
947 3447 1211 3514 instruitionem
1231 3460 1267 3514 et
1286 3450 1406 3515 horta·

278 3549 408 3612 tionem
425 3549 469 3610 ab
481 3543 671 3611 intelledm.
710 3545 744 3608 Si
761 3543 959 3609 intelleEtus
976 3545 1087 3608 solum
1105 3557 1295 3622 sanaretur,
1309 3545 1407 3614 fieret

278 3643 382 3707 homo
406 3645 494 3706 sicut
519 3643 667 3706 cadaver
689 3642 880 3717 conditum,
901 3661 961 3704 seu
985 3642 1198 3706 aromatibus
1221 3643 1407 3725 fragranti·

278 3738 340 3802 bus
359 3750 394 3802 et
414 3740 500 3802 rosis
520 3737 815 3812 circumvelatum,
837 3757 924 3820 quac
948 3737 1043 3800 brevi
1062 3758 1082 3801 a
1101 3739 1270 3801 cadavere
1290 3738 1406 3802 trahe·

278 3844 354 3897 rent
378 3845 547 3916 putorem,
568 3843 606 3895 ut
631 3853 700 3895 non
724 3831 866 3913 alicujus
889 3833 1026 3896 naribus
1046 3844 1190 3914 possent
1208 3834 1406 3914 admoveri;

278 3929 327 3992 ita
345 3929 440 3993 fieret
462 3949 538 3990 cum
557 3929 646 3990 veris
666 3926 875 3991 caelestibus
898 3929 931 3991 in
955 3926 1147 4004 intelleth
1167 3929 1195 3992 si
1215 3929 1325 3992 malus
1345 3950 1407 3992 vo·

278 4023 424 4089 luntatis
442 4045 538 4087 amor
553 4025 798 4087 obstrueretur.

274 4114 277 4121 ’
341 4119 440 4202 283.
471 4117 573 4201 Quod
597 4119 817 4201 permittatur
840 4118 969 4181 homini
994 4120 1151 4200 cogitare
1179 4118 1272 4182 mala
1298 4140 1408 4202 usque

279 4215 322 4278 ad
346 4216 577 4278 intentionem
601 4233 729 4287 eorum,
751 4223 816 4289 est,
837 4223 875 4277 ut
898 4212 1028 4277 ditium
1048 4225 1114 4288 est,
1136 4224 1173 4278 ut
1198 4235 1258 4296 per
1282 4214 1407 4292 civilia,

279 4309 434 4383 moralia,
452 4320 488 4374 et
505 4309 694 4392 spiritualia
711 4319 976 4386 removeantur;
1001 4309 1093 4390 quod
1109 4308 1147 4372 fit
1164 4330 1241 4372 cum
1258 4311 1407 4391 cogitat,

279 4406 371 4490 quod
395 4416 517 4468 contra
536 4404 667 4485 justum
691 4413 728 4467 et
752 4425 898 4488 aequum
930 4407 986 4478 sit,
1013 4415 1136 4492 contra
1164 4405 1349 4486 honestum
1373 4416 1410 4470 et

279 4501 455 4575 decorum,
476 4511 512 4564 et
533 4509 653 4562 contra
672 4500 801 4562 bonum
822 4510 857 4564 et
876 4521 1006 4574 verum,
1023 4502 1072 4562 ita
1096 4511 1218 4563 contra
1240 4500 1408 4582 tranquil·

279 4594 361 4673 lum,
375 4595 508 4659 laetum
525 4605 562 4658 et
577 4594 718 4658 beatum
732 4597 836 4658 vitae.
883 4597 946 4660 Per
961 4597 1020 4659 illa
1039 4597 1105 4659 tria
1122 4605 1222 4658 sanat
1241 4595 1410 4658 Dominus

279 4709 434 4757 amorem
460 4688 654 4754 voluntatis
682 4689 852 4769 hominis;
888 4702 923 4754 et
951 4691 1087 4773 quidem
1112 4691 1257 4772 primum
1282 4709 1341 4771 per
1365 4691 1409 4752 ti·
