3426 5382
498 658 550 710 DE
573 655 711 710 mvnvs
734 655 1091 710 momontum-N.
1114 659 1183 730 174.
1348 665 1415 737 119

272 829 371 898 Dicit
398 829 567 896 Dominus

322 969 404 1102 guod
416 971 476 1020 sine
494 969 559 1032 Ipso
573 969 640 1020 nihil
653 970 760 1032 possint
774 969 865 1021 lacere
876 969 952 1037 (Joh.
964 984 1009 1022 xv.
1023 969 1065 1034 5);

349 1036 403 1086 uod
421 1037 580 1114 homounon
600 1049 708 1087 sumere
725 1037 813 1100 possit
830 1037 981 1102 quicquam,
996 1038 1049 1088 nisi
1066 1038 1102 1088 sit
1119 1038 1212 1091 datum
1229 1039 1269 1093 1111
1291 1056 1307 1092 e
1330 1041 1411 1096 caelo

324 1167 358 1219 Et
369 1102 536 1234 qubiloi‘ailli
544 1101 675 1218 idldaelis
685 1169 771 1219 solem
780 1183 859 1219 suum
870 1170 969 1218 exoriri
980 1170 1061 1219 iaciat
1070 1186 1153 1234 super
1162 1173 1250 1223 malos
1261 1182 1289 1224 et
1300 1176 1388 1226 bonos
1398 1189 1409 1237 t

405 1245 433 1286 et
445 1235 565 1300 pluvium
580 1235 669 1286 mittat
686 1249 768 1300 super
779 1235 868 1299 justos
881 1245 908 1285 et
920 1235 1037 1299 injustos
1050 1235 1157 1298 (Matth.
1170 1252 1194 1288 v.
1206 1237 1265 1303 45);
1352 1267 1359 1278 ·

272 1437 332 1500 per
350 1414 489 1480 “solem
497 1415 513 1442 ‘’
527 1415 733 1499 intelligitur
746 1415 801 1480 hic
823 1425 860 1481 ut
878 1416 959 1480 alibi
978 1417 1013 1481 in
1030 1417 1148 1483 Verbo
1163 1419 1198 1482 in
1215 1441 1319 1485 sensu
1334 1423 1409 1505 ejus

272 1512 440 1595 spirituali
454 1512 616 1576 Divinum
631 1512 766 1576 Bonum
781 1513 896 1576 Divini
910 1511 1062 1590 Amoris,
1076 1525 1112 1578 et
1125 1534 1187 1597 per
1201 1517 1409 1598 “pluviam''

272 1608 434 1673 Divinum
449 1608 580 1672 Verum
598 1608 745 1672 Divinae
765 1607 985 1690 Sapientiae;
1009 1608 1094 1673 haec
1112 1611 1236 1676 dantur
1252 1613 1351 1676 malis
1368 1623 1406 1679 et

271 1706 370 1768 bonis
389 1725 429 1769 ac
443 1704 546 1786 justis
567 1715 603 1768 et
623 1703 769 1785 injustis,
794 1724 875 1767 nam
895 1705 923 1767 si
948 1724 1018 1768 non
1034 1706 1209 1782 darentur,
1227 1727 1296 1771 non
1314 1709 1407 1775 soret

270 1799 372 1864 alicui
392 1801 572 1883 perceptio
596 1811 631 1864 et
656 1801 837 1883 cogitatio.
886 1798 988 1884 Quod
1010 1803 1114 1866 modo
1127 1803 1231 1866 'unica
1249 1805 1323 1867 vita
1345 1806 1406 1882 sit,

269 1915 315 1958 ex
334 1917 401 1978 qua
419 1896 492 1959 vita
511 1896 670 1959 omnibus
689 1905 755 1971 est,
777 1916 879 1978 supra
895 1907 1072 1960 ostensum
1091 1908 1168 1978 est;
1199 1919 1239 1962 ac
1259 1920 1404 1983 percep·

269 1993 320 2056 tio
342 2001 377 2056 et
396 1991 565 2073 cogitatio
585 2002 640 2055 est
661 1993 778 2071 vitae;
803 2014 909 2077 quare
929 2014 974 2057 ex
994 1993 1117 2057 eodem
1136 1994 1243 2068 fonte,
1264 2014 1309 2057 ex
1334 2016 1407 2077 quo

269 2089 352 2162 vita,
371 2098 424 2151 est
446 2107 580 2170 quoque
598 2089 777 2170 perceptio
793 2097 829 2151 et
849 2089 1029 2171 cogitatio.
1075 2085 1177 2170 Quod
1197 2092 1309 2153 omnis
1328 2090 1404 2168 lux,

268 2205 356 2269 quae
378 2184 460 2248 facit
485 2179 712 2260 intellettum,
738 2185 783 2247 sit
809 2205 855 2246 ex
880 2183 961 2248 Sole
985 2185 1103 2247 mundi
1126 2185 1324 2268 spiritualis,
1344 2186 1404 2270 qui

268 2291 322 2344 est
344 2281 524 2354 Dominus,
544 2280 662 2342 multis
679 2280 770 2362 prius
791 2281 1068 2344 demonstratum
1088 2291 1151 2344 est.

332 2398 424 2468 174.
458 2382 521 2466 (v.)
550 2382 648 2461 Quod
667 2383 761 2454 homa
780 2406 801 2448 a
819 2383 963 2447 Domino
983 2384 1018 2447 in
1039 2384 1188 2449 externis
1205 2385 1349 2449 ducatur
1368 2396 1406 2451 et

168 2514 170 2518 .
267 2481 424 2544 doceatur
450 2481 484 2543 in
514 2479 606 2542 amni
631 2479 831 2560 apparentia
862 2479 948 2542 sicut
976 2502 999 2543 a
1031 2479 1265 2544 semet—Hoc
1296 2480 1335 2546 fit
1364 2483 1400 2546 in

267 2579 420 2642 externis
448 2577 531 2658 ejus,
558 2597 626 2640 non
661 2587 776 2639 autem
810 2577 843 2639 in
874 2578 1024 2640 internis.
1069 2575 1149 2640 Non
1180 2578 1301 2663 aliquis
1333 2581 1402 2645 scit

267 2673 441 2758 quomodo
472 2671 640 2736 Dominus
666 2672 760 2735 ducit
789 2684 824 2736 et
853 2673 957 2736 docet
988 2673 1162 2737 hominem
1193 2675 1226 2737 in
1255 2675 1404 2738 internis

266 2769 347 2851 ejus,
372 2771 460 2833 sicut
493 2789 561 2832 non
590 2770 656 2832 scit
686 2769 860 2852 quomodo
884 2771 999 2833 anima
1022 2782 1185 2853 operatur
1213 2781 1250 2836 ut
1278 2770 1402 2834 oculus

265 2868 394 2941 videat,
415 2867 505 2930 auris
530 2865 658 2939 audiat,
681 2865 797 2947 lingua
821 2876 857 2930 et
882 2887 921 2928 os
946 2866 1117 2949 loquatur,
1138 2885 1196 2930 cor
1215 2877 1298 2949 agat
1318 2886 1400 2929 san·

264 2965 415 3046 guinem,
450 2961 568 3044 pulmo
602 2962 759 3044 respiret,
792 2961 1003 3025 ventriculus
1039 2962 1186 3044 digerat,
1221 2963 1324 3044 hepar
1360 2971 1400 3027 et

265 3079 430 3140 pancreas
461 3058 659 3140 disponant,
688 3078 787 3120 renes
821 3068 1016 3132 secernant,
1045 3068 1082 3122 et
1112 3060 1289 3123 innumera
1319 3058 1399 3122 alia.

265 3154 363 3219 Haec
384 3175 452 3218 non
474 3154 516 3216 ad
538 3154 796 3235 perceptionem
821 3164 857 3217 et
880 3156 1113 3218 sensationem
1134 3155 1281 3218 hominis
1300 3155 1396 3217 veni·

264 3261 333 3315 unt.
380 3249 546 3315 Similiter
565 3249 624 3312 illa
644 3269 730 3332 quae
757 3272 777 3311 a
801 3248 951 3312 Domino
969 3248 1054 3313 fiunt
1078 3249 1110 3312 in
1135 3247 1335 3311 substantiis
1359 3256 1399 3312 et

262 3348 379 3412 formis
396 3345 613 3410 interioribus
628 3345 764 3418 mentiS,
775 3344 861 3407 haec
880 3343 1009 3408 infinite
1026 3344 1123 3427 plura
1136 3355 1225 3406 sunt.
1263 3340 1397 3425 Opera·

262 3444 377 3507 tiones
398 3441 535 3504 Domini
554 3442 588 3504 in
605 3439 672 3503 illis
693 3460 762 3503 non
784 3453 952 3524 apparent
972 3439 1122 3518 homini;
1154 3450 1190 3502 at
1210 3439 1273 3522 ipsi
1291 3435 1395 3500 effec-

262 3551 318 3602 tus
349 3548 529 3620 apparent,
556 3537 612 3619 qui
641 3546 722 3599 sunt
755 3537 865 3612 multi,
886 3548 921 3601 et
954 3559 1089 3621 quoque
1111 3536 1245 3619 aliquae
1268 3553 1397 3596 causae

263 3631 453 3698 effestuum.
502 3631 549 3695 Hi
580 3642 661 3695 sunt
690 3643 848 3708 externa,
874 3635 906 3696 in
933 3634 1053 3716 quibus
1083 3633 1187 3696 homo
1218 3650 1284 3694 una
1314 3649 1392 3694 cum

262 3729 414 3793 Domino
433 3738 510 3806 est;
542 3738 578 3791 et
598 3729 676 3810 quia
700 3739 848 3792 externa
868 3749 970 3791 unum
989 3727 1119 3792 iaciunt
1139 3746 1215 3791 cum
1234 3726 1395 3801 internis,

261 3845 341 3889 nam
360 3825 549 3888 cohaerent
568 3825 603 3887 in
624 3844 690 3888 una
707 3827 805 3900 serie,
823 3827 903 3890 ideo
920 3847 988 3890 non
1009 3834 1125 3908 potest
1141 3824 1241 3888 aliter
1257 3825 1395 3906 disponi

260 3925 294 3986 in
311 3922 453 3985 internis
477 3941 498 3983 a
522 3919 683 3995 Domino,
704 3941 805 4005 quam
830 3924 1017 3986 secundum
1041 3921 1074 3983 id
1098 3921 1189 4003 quod
1213 3921 1248 3983 in
1271 3932 1390 3996 exter·

260 4019 313 4081 nis
344 4016 538 4098 disponitur
562 4018 676 4080 medio
701 4017 850 4081 homine.
897 4023 954 4082 [2.]
986 4014 1088 4099 Quod
1119 4017 1224 4081 homo
1247 4017 1392 4098 cogitet,

259 4113 356 4188 velit,
382 4112 544 4196 loquatur
571 4120 607 4176 et
632 4111 736 4178 faciat
763 4114 798 4176 in
829 4114 923 4177 omni
949 4113 1153 4195 apparentia
1179 4113 1267 4176 sicut
1294 4133 1314 4174 a
1340 4133 1392 4182 se,

251 4206 405 4288 'quisque
424 4205 532 4280 novit,
553 4214 587 4268 et
605 4205 696 4287 quod
715 4205 844 4289 absque
856 4227 905 4269 ¹ea
923 4205 1126 4288 apparentia
1145 4203 1240 4267 nulla
1258 4203 1391 4267 homini

263 4299 425 4363 voluntas
441 4311 477 4364 et
496 4297 703 4376 intellectus,
718 4301 766 4364 ita
786 4299 881 4363 nulla
899 4297 1033 4364 affectio
1049 4310 1086 4363 et
1103 4300 1272 4381 cogitatio
1288 4299 1390 4378 soret,

264 4405 299 4459 et
323 4415 458 4479 quoque
482 4394 577 4458 nulla
600 4397 755 4479 receptio
778 4395 918 4476 alicujus
942 4395 1022 4459 boni
1042 4405 1077 4458 et
1096 4396 1165 4457 veri
1186 4415 1206 4457 a
1225 4395 1390 4469 Domino,

263 4493 405 4575 quisque
437 4502 555 4574 potest
578 4493 705 4555 videre.
750 4489 921 4573 Quoniam
953 4492 1001 4554 ita
1031 4503 1096 4566 est,
1121 4491 1273 4573 sequitur
1296 4489 1389 4572 quod

264 4588 393 4671 absque
426 4587 485 4650 illa
519 4589 722 4670 apparentia
757 4587 851 4649 nulla
882 4588 968 4650 soret
1004 4587 1158 4667 cognitio
1190 4586 1265 4660 Dei,
1294 4583 1391 4648 nulla

265 4683 415 4748 charitas
434 4694 469 4746 et
489 4681 583 4759 fides,
604 4695 640 4746 et
660 4684 740 4745 inde
760 4682 854 4745 nulla
877 4683 1074 4746 reformatio
1099 4693 1133 4745 et
1158 4683 1388 4762 regeneratio,
