3352 5374
327 677 387 761 136
670 688 873 742 sensum
896 689 1093 740 nuosmcn

322 876 476 941 naturae,
496 874 641 949 possunt
660 885 706 930 ex
729 861 920 948 permultis,
940 884 1027 947 quae
1050 864 1085 928 in
1109 874 1232 928 natura
1255 864 1384 942 vident,
1404 886 1445 930 se

320 959 523 1025 confirmare
542 979 603 1042 pro
623 957 759 1035 Divino,
779 979 898 1041 aeque,
915 959 1020 1023 immo
1040 957 1126 1042 plus,
1144 978 1244 1042 quam
1264 958 1313 1022 illi
1331 960 1387 1043 qui
1406 980 1445 1024 se

321 1055 527 1119 confirmant
550 1075 612 1138 pro
635 1064 779 1132 natura;
811 1053 859 1117 illi
882 1055 973 1117 enim
997 1055 1053 1137 qui
1082 1074 1120 1118 se
1144 1054 1347 1120 confirmant
1381 1075 1443 1139 pro

322 1151 458 1227 Divino,
476 1151 665 1214 attendunt
683 1150 727 1213 ad
746 1149 913 1213 mirabilia
932 1171 1018 1233 quae
1035 1150 1292 1231 conspiciuntur
1310 1152 1343 1214 in
1363 1171 1442 1234 pro·

320 1243 537 1311 ductionibus
561 1255 633 1310 tam
656 1243 903 1328 vegetabilium
923 1264 1024 1327 quam
1047 1244 1255 1309 animalium.
1299 1245 1341 1309 In
1359 1257 1442 1328 pro-

320 1339 528 1406 duliiom'bus
539 1339 774 1424 vegetabrlt'um
787 1362 800 1403 .·
823 1340 914 1423 quod
927 1361 973 1404 ex
986 1339 1153 1405 seminulo
1162 1337 1255 1422 jacto
1268 1341 1301 1404 in
1315 1353 1442 1406 terram

320 1449 426 1503 exeat
460 1438 570 1515 radix,
595 1458 656 1521 per
684 1437 835 1501 radicem
862 1436 979 1513 caulis,
1003 1457 1042 1500 ac
1074 1437 1266 1501 successive
1292 1437 1441 1515 frondes,

320 1532 411 1609 solia,
432 1533 543 1610 flores,
568 1530 705 1609 fructus,
725 1553 831 1615 usque
851 1532 894 1596 ad
914 1553 1004 1597 nova
1023 1534 1154 1597 semina
1165 1553 1173 1612 ;
1198 1553 1334 1614 prorsus
1354 1535 1443 1599 sicut

320 1646 439 1692 semen
458 1628 561 1691 sciret
579 1627 734 1692 ordinem
754 1627 989 1703 successionis,
1009 1636 1069 1691 aut
1093 1646 1291 1709 processum
1316 1648 1383 1711 quo
1405 1649 1443 1694 se

319 1732 564 1788 renovaturum
596 1724 651 1787 sit.
697 1721 783 1805 Quis
816 1723 996 1787 rationalis
1020 1724 1175 1806 cogitare
1197 1733 1327 1806 potest,
1351 1725 1442 1809 quod

320 1818 384 1894 sol,
404 1819 461 1902 qui
484 1828 539 1883 est
558 1839 659 1902 purus
678 1819 777 1900 ignis,
796 1818 863 1882 hoc
887 1819 986 1895 sciat,
1007 1828 1065 1882 aut
1088 1819 1180 1900 quod
1199 1819 1310 1902 possit
1326 1818 1442 1883 indere

321 1914 426 1978 calori
449 1935 510 1978 suo
533 1923 569 1978 et
592 1913 658 1978 luci
681 1935 772 1987 suae,
794 1923 831 1977 ut
855 1914 940 1978 talia
962 1911 1099 1988 efficiat,
1120 1923 1193 1978 tum
1217 1914 1308 1996 quod
1332 1915 1442 1995 possit

202 2033 206 2042 ·
319 2010 466 2074 formare
483 2010 649 2073 mirabilia
667 2010 700 2073 in
719 2009 797 2084 illis,
818 2029 857 2072 ac
877 2009 1057 2074 intendere
1076 2009 1198 2072 usum?
1244 2008 1371 2084 Homo,
1389 2010 1443 2074 cui

319 2106 491 2169 rationale
514 2105 686 2168 elevatum
710 2115 775 2182 est,
800 2124 878 2168 cum
904 2104 964 2168 illa
987 2104 1082 2168 videt
1106 2113 1142 2168 et
1169 2104 1348 2186 expendit,
1373 2125 1442 2169 non

319 2211 437 2284 potest
452 2201 554 2265 aliter
569 2201 735 2282 cogitare,
753 2219 854 2283 quam
874 2199 966 2283 quod
985 2200 1054 2264 sint
1073 2199 1118 2263 ab
1137 2198 1218 2281 Ipso
1234 2201 1287 2263 cui
1310 2199 1443 2264 infinita

320 2297 490 2381 sapientia
510 2305 575 2372 est,
595 2297 646 2361 ita
667 2317 688 2359 a
711 2295 797 2358 Deo.
843 2295 898 2359 Illi
921 2296 977 2379 qui
1000 2304 1194 2378 agnoscunt
1214 2294 1386 2372 Divinum,
1407 2296 1441 2359 id

320 2413 454 2476 quoque
473 2392 594 2456 vident
613 2401 650 2456 et
670 2392 851 2474 cogitant,
882 2400 918 2454 at
942 2390 992 2454 illi
1011 2392 1157 2474 quinon
1180 2401 1387 2473 agnoscunt,
1407 2393 1441 2456 id

319 2508 388 2552 non
404 2489 524 2553 vident
543 2498 579 2552 et
599 2489 768 2570 cogitant,
785 2487 865 2570 quia
883 2507 951 2549 non
969 2486 1110 2563 volunt;
1135 2497 1171 2550 et
1190 2489 1236 2550 sit
1252 2488 1442 2552 demittunt

318 2584 487 2647 rationale
501 2603 596 2646 suum
614 2584 646 2646 in
661 2583 830 2658 sensuale,
842 2583 932 2666 quod
946 2601 1065 2646 omnes
1077 2581 1173 2646 ideas
1185 2603 1264 2646 suas
1277 2582 1383 2646 trahit
1395 2603 1441 2646 ex

318 2678 446 2742 lumine
463 2681 494 2742 in
509 2698 577 2760 quo
587 2687 668 2741 sunt
680 2698 801 2740 sensus
812 2679 975 2758 corporis,
990 2697 1029 2740 ac
1042 2677 1201 2741 fallacias
1209 2677 1344 2741 illorum
1358 2697 1442 2742 con-

319 2771 444 2849 firmat,
463 2773 621 2848 dicendo,
638 2777 657 2804 “
668 2770 803 2834 Numne
814 2772 911 2834 vides
927 2771 1037 2834 solem
1053 2790 1113 2853 per
1128 2771 1278 2835 calorem
1292 2791 1388 2835 suum
1405 2781 1442 2836 et

318 2867 431 2931 lucem
446 2887 541 2931 suam
552 2867 637 2931 haec
650 2877 854 2948 operantem
867 2867 879 2930 i
921 2865 1011 2948 Quid
1024 2877 1078 2931 est
1091 2868 1123 2930 id
1138 2868 1229 2949 quod
1242 2886 1310 2930 non
1322 2867 1441 2932 vides?

320 2984 402 3028 num
415 2973 469 3027 est
483 2963 609 3046 aliquid
623 2961 653 3026 ?’'
695 2962 750 3025 llli
762 2964 818 3045 qui
831 2983 867 3026 se
881 2961 1086 3026 confirmant
1101 2983 1161 3044 pro
1175 2961 1311 3038 Divino,
1324 2972 1441 3027 atten-

319 3059 405 3122 dunt
422 3059 465 3121 ad
483 3058 650 3121 mirabilia
663 3078 750 3140 quae
763 3059 1018 3141 conspiciuntur
1033 3060 1067 3120 in
1079 3059 1354 3140 produfflionibus
1366 3058 1441 3123 am'·

319 3153 476 3218 molium:
495 3163 533 3217 ut
547 3153 600 3216 hic
613 3153 725 3216 solum
737 3173 924 3218 memorem
937 3155 970 3217 in
983 3154 1058 3217 ovis
1073 3175 1080 3232 ;
1100 3153 1191 3235 quod
1204 3155 1238 3216 in
1251 3154 1318 3216 illis
1331 3152 1441 3219 lateat

319 3249 420 3331 pullis
440 3251 473 3313 in
493 3271 555 3313 suo
574 3250 705 3312 semine
724 3270 785 3312 seu
805 3251 1050 3314 inchoamento
1070 3269 1146 3312 cum
1167 3251 1259 3312 omni
1276 3251 1441 3332 requisito

319 3365 425 3428 usque
446 3347 489 3408 ad
510 3345 761 3420 exclusionem,
782 3355 819 3409 et
838 3366 971 3428 quoque
990 3364 1067 3409 cum
1087 3347 1180 3407 omni
1201 3347 1441 3427 progressione

318 3450 399 3522 post
418 3441 655 3506 exclusionem
672 3461 777 3524 usque
801 3451 838 3505 ut
862 3440 921 3504 fiat
941 3442 1013 3504 avis
1032 3451 1091 3505 aut
1111 3440 1252 3504 volatile
1276 3442 1309 3504 in
1333 3440 1441 3504 forma

319 3537 509 3617 genitoris;
534 3546 569 3600 et
589 3538 616 3599 si
633 3537 786 3600 attendit
803 3537 846 3599 ad
865 3536 1019 3611 sormam,
1040 3537 1130 3618 quod
1151 3536 1210 3599 illa
1230 3535 1308 3599 talis
1328 3537 1383 3610 sit,
1402 3547 1439 3600 ut

319 3653 388 3695 non
401 3635 522 3715 possit,
535 3635 563 3696 si
576 3633 647 3698 alte
658 3635 804 3715 cogitat,
814 3653 914 3716 quam
928 3635 961 3696 in
972 3643 1151 3715 stuporem
1163 3633 1289 3709 venire,
1301 3643 1338 3696 ut
1349 3634 1440 3715 quod

318 3727 352 3790 in
371 3729 519 3791 minimis
538 3748 654 3792 eorum
674 3732 762 3793 sicut
786 3730 818 3790 in
839 3730 1009 3806 maximis,
1031 3732 1137 3793 immo
1160 3731 1193 3792 in
1217 3729 1441 3793 invisibilibus

318 3824 406 3886 sicut
426 3825 459 3886 in
480 3823 678 3900 visibilibus,
700 3825 769 3887 sint
789 3845 919 3906 organa
938 3846 1109 3900 sensuum,
1131 3845 1217 3907 quae
1238 3833 1317 3887 sunt
1336 3827 1439 3900 visus,

320 3916 501 4002 [auditus]
523 3915 726 3995 ¹¹¹odoratus,
748 3931 879 4002 gustus,
898 3917 1021 3996 tactus,
1043 3931 1115 3985 turn
1135 3940 1265 4002 organa
1285 3927 1440 3983 motuum

317 4036 404 4097 quae
421 4025 501 4079 sunt
517 4015 671 4090 musculi,
683 4015 803 4080 volant
816 4017 906 4079 enim
923 4027 958 4079 et
976 4017 1187 4098 gradiuntur,
1206 4025 1242 4079 ut
1259 4027 1294 4080 et
1310 4018 1442 4081 viscera

316 4111 445 4174 circum
456 4112 560 4174 corda
570 4122 606 4174 et
620 4111 810 4194 pulmones,
820 4134 906 4194 quae
915 4110 1126 4176 actuantura
1142 4112 1300 4176 cerebris.
1339 4110 1441 4194 Quod

317 4205 398 4269 vilia
411 4206 542 4272 insedta
555 4208 659 4271 etiam
674 4207 801 4271 talibus
814 4208 1002 4290 gaudeant,
1018 4217 1138 4270 notum
1152 4219 1205 4272 est
1221 4208 1265 4271 ab
1277 4217 1441 4272 anatome

317 4300 452 4365 illorum
472 4325 492 4367 a
511 4302 711 4385 quibusdam
728 4303 911 4385 descripta,
930 4305 1093 4386 imprimis
1112 4326 1132 4367 a
1150 4301 1442 4368 Swammerdamo

285 4401 286 4405 ’
318 4397 352 4460 in
372 4397 442 4479 ejus
455 4397 751 4462 BibliisNaturar.
799 4397 865 4480 Qui
882 4403 996 4463 omnia
1010 4411 1153 4464 naturae
1166 4400 1377 4476 adscribunt,
1392 4399 1443 4463 illi

316 4495 454 4576 quidem
474 4495 593 4557 vident
614 4493 707 4568 talia,
728 4496 787 4557 sed
812 4497 970 4576 cogitant
991 4496 1094 4559 modo
1113 4496 1204 4578 quod
1229 4497 1308 4570 sint,
1329 4505 1365 4560 et
1389 4495 1442 4558 di·

317 4598 400 4652 cunt
419 4591 510 4672 quod
530 4603 651 4653 natura
669 4591 846 4672 producat,
865 4601 899 4654 et
919 4591 984 4654 hoc
1005 4591 1124 4654 dicunt
1144 4592 1221 4674 quia
1240 4600 1442 4654 averterunt

318 4695 472 4748 mentem
496 4706 516 4749 a
539 4686 727 4767 cogitando
751 4686 793 4749 de
818 4687 962 4766 Divino;
995 4698 1029 4750 et
1057 4689 1112 4770 qui
1137 4698 1336 4751 averterunt
1360 4709 1397 4751 se
1420 4708 1445 4751 a
