3268 5380
374 748 424 796 DE
448 747 583 796 DlVlNO
607 745 751 802 AMORE,
775 746 866 793 PARS
890 745 1112 811 111.—N.259.
1240 745 1299 812 107

175 928 213 981 ut
241 916 457 988 dictumest,
483 937 542 998 per
565 927 712 978 mortem
738 916 913 988 recedunt,
934 915 1062 977 faciunt
1087 915 1298 978 involucrum

175 1021 358 1074 cutaneum
379 1011 529 1091 corporis
548 1009 745 1090 spiritualis
766 1011 798 1070 in
823 1029 890 1090 quo
913 1019 992 1069 sunt
1016 1009 1153 1088 spiritus
1178 1018 1213 1071 et
1236 1028 1297 1070 an·

175 1103 254 1184 geli.
301 1103 362 1165 Per
375 1102 585 1164 involucrum
600 1101 681 1174 tale,
696 1102 786 1182 quod
804 1101 1023 1181 desumptum
1036 1111 1091 1164 est
1109 1122 1154 1164 ex
1170 1102 1300 1164 mundo

177 1195 333 1267 naturali,
358 1195 550 1257 subsistunt
575 1215 719 1276 corpora
753 1193 887 1256 illorum
916 1193 1116 1275 spiritualia,
1141 1195 1299 1258 naturale

176 1289 265 1349 enim
284 1299 336 1350 est
361 1287 519 1350 ultimum
539 1290 742 1350 continens:
775 1287 853 1348 inde
874 1297 938 1360 est,
960 1288 1050 1368 quod
1075 1307 1144 1350 non
1168 1289 1212 1350 sit
1237 1288 1298 1351 ali·

176 1382 249 1461 quis
265 1381 402 1461 spiritus
419 1392 454 1442 et
470 1379 624 1460 angelus,
639 1381 695 1461 qui
712 1399 780 1441 non
795 1378 905 1441 fuerat
923 1391 1023 1441 natus
1039 1379 1154 1443 homo.
1201 1380 1298 1445 Haec

176 1493 301 1534 arcana
331 1473 521 1554 sapientiae
545 1472 725 1558 angelicae
755 1471 810 1533 hic
842 1472 1067 1547 adducuntur,
1093 1483 1129 1535 ut
1161 1475 1299 1548 sciatur,

177 1565 286 1645 qualis
309 1575 362 1627 est
387 1584 483 1626 mens
503 1564 669 1626 naturalis
688 1565 779 1646 apud
798 1563 985 1640 hominem,
1007 1566 1049 1627 de
1073 1585 1139 1646 qua
1158 1566 1300 1628 ulterius

176 1658 209 1718 in
229 1657 450 1738 sequentibus
469 1657 575 1720 etiam
594 1658 719 1738 agitur.

239 1748 335 1831 258.
366 1746 486 1811 Omnis
509 1747 615 1811 homo
635 1750 787 1811 nascitur
809 1750 842 1811 in
862 1749 1062 1812 facultatem
1083 1750 1300 1830 intelligendi

175 1861 256 1904 vera
275 1862 381 1924 usque
400 1843 442 1904 ad
467 1844 625 1905 intimum
644 1842 800 1923 gradum,
821 1843 855 1903 in
878 1862 946 1923 quo
969 1852 1047 1904 sunt
1071 1843 1186 1923 angeli
1207 1845 1300 1907 tertii

176 1935 282 2011 caeli;
313 1932 508 1998 intellectus
527 1936 618 1996 enim
634 1935 802 1996 humanus
818 1954 1001 2014 assurgens
1021 1955 1081 2016 per
1100 1937 1299 1998 continuum

175 2032 301 2094 circum
330 2031 427 2093 binos
457 2031 649 2110 superiores
673 2031 799 2110 gradus
822 2031 943 2111 recipit
975 2031 1085 2093 lucem
1110 2033 1301 2112 sapientiae

176 2122 311 2185 illorum
331 2123 508 2203 graduum,
527 2144 569 2186 eo
588 2124 692 2185 modo
712 2144 779 2204 quo
798 2143 900 2203 supra
921 2122 968 2204 (n.
990 2122 1067 2205 256)
1089 2121 1300 2189 dictumest.

178 2215 264 2278 Inde
276 2229 340 2290 est,
354 2217 445 2296 quod
462 2217 567 2279 homo
579 2217 689 2298 possit
705 2216 883 2279 rationalis
897 2214 967 2278 fieri
983 2217 1171 2278 secundum
1185 2217 1300 2280 eleva·

176 2311 328 2386 tionem;
356 2311 383 2371 si
407 2309 562 2372 elevatur
585 2310 627 2370 ad
651 2309 795 2390 gradum
815 2311 967 2382 tertium,
988 2307 1026 2371 fit
1046 2309 1104 2372 ille
1123 2311 1301 2373 rationalis

176 2422 222 2464 ex
242 2403 346 2464 tertio
365 2402 495 2482 gradu3
520 2403 546 2462 si
566 2401 720 2464 elevatur
738 2402 781 2464 ad
802 2402 946 2481 gradum
966 2402 1165 2476 secundum,
1186 2401 1224 2464 fit
1242 2403 1301 2465 ille

176 2493 355 2556 rationalis
378 2514 423 2555 ex
448 2494 600 2557 secundo
619 2494 748 2574 gradu;
780 2503 816 2556 et
839 2495 866 2555 si
890 2514 958 2556 non
978 2493 1144 2568 elevatur,
1164 2504 1219 2556 est
1242 2495 1301 2558 ille

175 2589 353 2652 rationalis
372 2591 406 2651 in
423 2590 532 2671 primo
551 2590 670 2670 gradu.
716 2588 850 2652 Dicitur
869 2590 958 2672 quod
979 2589 1039 2652 fiat
1058 2589 1236 2652 rationalis
1255 2611 1300 2653 ex

175 2681 243 2744 illis
262 2682 434 2763 gradibus,
452 2684 530 2763 quia
547 2681 711 2744 naturalis
728 2682 854 2762 gradus
870 2692 923 2744 est
944 2702 1127 2744 commune
1143 2693 1300 2764 recepta·

176 2775 290 2837 culum
307 2774 391 2836 lucis
403 2773 549 2837 illorum.
596 2772 698 2855 Quod
714 2773 819 2837 homo
836 2794 905 2836 non
921 2774 980 2837 fiat
998 2777 1177 2838 rationalis
1195 2797 1301 2859 usque

176 2868 222 2930 ad
258 2885 436 2940 summum,
462 2869 550 2929 sicut
582 2876 700 2946 potest
730 2865 811 2938 fieri,
837 2878 890 2929 est
921 2869 999 2948 quia
1029 2889 1135 2942 amor,
1160 2871 1217 2950 qui
1247 2881 1301 2934 est

175 2963 378 3036 voluntatis
399 2982 468 3024 non
488 2962 645 3024 similiter
663 2971 700 3024 ut
724 2963 894 3042 sapientia
912 2984 998 3045 quae
1018 2976 1071 3027 est
1092 2963 1299 3037 intellectus,

175 3066 296 3138 potest
312 3055 449 3118 elevari.
489 3054 600 3117 Amor
611 3055 667 3136 qui
683 3064 736 3117 est
747 3053 936 3117 voluntatis
949 3056 1104 3118 elevatur
1117 3056 1227 3119 solum
1241 3078 1301 3139 per

174 3149 294 3230 sugere
313 3148 405 3212 mala
422 3157 460 3210 ut
480 3158 634 3230 peccata,
651 3157 687 3210 et
707 3158 788 3210 tunc
813 3167 873 3229 per
896 3149 987 3211 bona
1006 3148 1196 3222 charitatis,
1214 3169 1301 3230 quae

175 3252 258 3304 sunt
275 3262 366 3316 usus,
384 3260 472 3323 quae
487 3239 593 3302 homo
609 3261 654 3303 ex
671 3239 821 3302 Domino
838 3241 916 3303 dein
934 3251 1101 3321 praestat.
1142 3239 1256 3320 Quare
1273 3242 1301 3304 si

174 3359 274 3401 amor
289 3339 345 3421 qui
364 3346 418 3400 est
433 3335 624 3399 voluntatis
641 3356 709 3399 non
727 3337 826 3399 simul
843 3337 1009 3406 elevatur,
1028 3337 1197 3416 sapientia
1214 3357 1301 3418 quae

175 3444 232 3496 est
245 3429 452 3504 intellectus
462 3441 635 3512 utcunque
646 3433 850 3506 ascenderit,
864 3452 968 3514 usque
982 3434 1025 3494 ad
1039 3451 1191 3494 amorem
1203 3451 1300 3495 suum

176 3524 351 3587 relabitur.
398 3523 484 3587 lnde
503 3534 568 3596 est,
589 3525 679 3606 quod
700 3525 814 3598 homo,
832 3527 859 3586 si
879 3545 948 3587 non
968 3544 1064 3586 amor
1083 3521 1154 3602 ejus
1172 3525 1203 3586 in
1223 3545 1300 3606 gra·

175 3623 257 3682 dum
272 3620 484 3702 spiritualem
498 3619 597 3681 simul
609 3619 775 3692 elevatur,
790 3640 894 3701 usque
908 3639 976 3681 non
991 3621 1033 3681 sit
1048 3620 1226 3682 rationalis
1239 3622 1301 3684 nisi

176 3717 211 3776 in
238 3713 358 3774 ultimo
378 3713 496 3794 gradu.
544 3712 599 3773 Ex
620 3713 671 3774 his
692 3723 852 3774 constare
869 3721 997 3793 potest,
1018 3713 1109 3794 quod
1134 3713 1301 3776 rationale

178 3807 327 3867 lrominis
340 3807 384 3867 sit
397 3807 428 3866 in
443 3807 643 3886 apparentia
657 3806 743 3866 sicut
757 3806 857 3867 trium
870 3807 1036 3886 graduum
1051 3827 1058 3881 ;
1075 3805 1242 3880 rationale
1256 3827 1300 3867 ex

176 3897 333 3970 caelesti,
354 3897 524 3959 rationale
544 3919 588 3958 ex
609 3897 787 3978 spirituali,
809 3907 843 3959 et
868 3897 1036 3960 rationale
1061 3920 1105 3960 ex
1130 3897 1301 3970 naturali;

177 4002 252 4051 turn
277 3990 367 4070 quod
391 3989 620 4062 rationalitas
642 4010 728 4070 quae
751 4000 804 4051 est
824 3990 969 4052 facultas
988 3991 1080 4072 quod
1100 3991 1210 4071 possit
1230 3989 1300 4052 ele·

175 4084 261 4156 vari,
280 4085 349 4146 sive
367 4084 521 4146 elevetur
540 4085 612 4146 sive
633 4105 712 4157 non,
731 4105 836 4166 usque
856 4085 945 4165 apud
965 4085 1140 4147 hominem
1161 4087 1215 4146 sit.

242 4192 343 4259 259·
374 4177 511 4243 Dictum
531 4190 586 4242 est
606 4181 697 4261 quod
718 4181 827 4242 omnis
846 4180 950 4242 homo
965 4189 1127 4242 nascatur
1141 4181 1175 4241 in
1194 4179 1301 4242 facul·

174 4287 289 4337 tatem
309 4273 415 4348 illam,
434 4295 493 4336 seu
511 4275 545 4336 in
565 4276 858 4352 rationalitatem;
883 4277 943 4338 sed
964 4275 1171 4355 intelligitur
1191 4276 1301 4338 omnis

174 4368 284 4430 homo
303 4367 394 4449 apud
413 4387 513 4448 quem
534 4377 691 4440 externa,
712 4389 772 4450 per
791 4369 904 4450 aliqua
923 4369 1174 4450 contingentia,
1193 4367 1248 4429 vel
1268 4369 1300 4430 in

174 4472 288 4536 utero,
303 4461 359 4525 vel
377 4472 456 4544 post
472 4463 692 4527 nativitatem
708 4486 753 4527 ex
771 4465 901 4536 morbo,
920 4463 974 4526 vel
991 4485 1036 4525 ex
1053 4461 1179 4526 inflicto
1197 4463 1301 4544 capiti

176 4555 331 4630 vulnere,
343 4556 400 4618 vel
412 4577 457 4619 ex
470 4577 600 4620 vesano
612 4577 728 4620 amore
742 4567 942 4638 erumpente
960 4566 994 4618 et
1008 4555 1190 4618 relaxante
1203 4575 1301 4636 repa·

174 4647 271 4730 gula,
281 4669 351 4712 non
365 4649 459 4713 laesa
469 4661 568 4715 sunt:
586 4651 676 4733 apud
686 4649 750 4713 hos
761 4649 929 4713 rationale
943 4669 1010 4712 non
1022 4658 1140 4731 potest
1152 4649 1278 4711 elevari
1294 4669 1302 4720 ;

174 4747 253 4810 vita
271 4747 374 4820 enim,
392 4765 479 4828 quae
495 4756 548 4810 est
564 4747 753 4811 voluntatis
770 4757 806 4810 et
823 4743 1027 4820 intellectus,
1046 4745 1136 4826 apud
1152 4744 1216 4808 hos
1232 4764 1301 4808 non
