3426 5382
496 681 547 733 ou
571 679 708 731 ownia
732 680 1086 735 economum—u.
1105 683 1157 754 93.
1349 685 1393 758 59

256 855 381 921 datum
406 855 518 920 estin
543 854 672 919 mundo
691 853 862 938 spirituali
892 865 929 922 et
956 857 1074 922 audire
1090 867 1127 923 et
1150 857 1277 924 videre.
1323 857 1393 942 Qui

257 953 389 1016 bonum
414 952 559 1014 eredunt
583 972 603 1014 a
626 951 788 1027 Domino,
812 951 862 1016 illi
884 961 1025 1018 vertunt
1048 953 1169 1018 faciem
1193 955 1237 1019 ad
1260 955 1391 1038 Ipsum,

257 1069 302 1112 ac
328 1049 496 1129 recipiunt
524 1044 710 1130 jucundum
742 1056 777 1110 et
808 1048 949 1111 beatum
974 1048 1075 1128 boni;
1100 1049 1216 1133 atqui
1244 1050 1390 1115 credunt

260 1145 391 1207 bonum
415 1164 435 1205 a
455 1163 490 1205 se
510 1163 597 1216 esse,
618 1140 666 1204 illi
689 1138 848 1222 spectant
868 1152 990 1218 semet,
1009 1153 1043 1208 et
1064 1145 1224 1226 cogitant
1242 1145 1334 1228 apud
1354 1167 1390 1210 se

257 1240 354 1322 quod
369 1239 553 1301 meruerint
566 1259 573 1314 ;
597 1247 633 1300 et
647 1237 724 1320 quia
737 1233 897 1318 spectant
911 1247 1034 1313 semet,
1048 1259 1116 1301 non
1132 1251 1279 1321 possunt
1290 1241 1392 1305 aliter

258 1355 365 1418 quam
381 1333 567 1415 jucundum
580 1333 631 1395 sui
648 1332 728 1395 boni
747 1333 934 1415 percipere,
949 1335 1039 1417 quod
1056 1355 1125 1398 non
1138 1345 1192 1399 est
1203 1334 1390 1418 jucundum

263 1431 344 1495 boni
364 1430 424 1492 sed
441 1428 627 1510 jucundum
645 1427 747 1505 mali;
773 1448 852 1491 nam
876 1430 1049 1512 proprium
1073 1431 1222 1494 hominis
1239 1441 1292 1496 est
1317 1451 1389 1496 ma·

259 1524 355 1602 lum;
375 1545 413 1586 ac
428 1523 613 1604 jucundum
628 1521 708 1584 mali
721 1534 922 1605 perceptum
936 1533 972 1586 ut
987 1523 1124 1600 bonum,
1138 1534 1193 1589 est
1212 1525 1389 1590 infernum.

265 1619 319 1685 llli
335 1622 391 1703 qui
408 1621 535 1682 bonum
555 1618 718 1692 fecerunt,
740 1628 775 1681 et
792 1619 1012 1682 crediderunt
1029 1619 1062 1682 id
1082 1641 1102 1682 a
1118 1641 1164 1696 se,
1179 1621 1206 1683 si
1224 1641 1292 1684 non
1309 1632 1390 1703 post

259 1727 413 1780 mortem
433 1714 600 1795 recipiunt
620 1713 653 1775 id
673 1733 802 1789 verum,
823 1716 915 1796 quod
939 1716 1186 1780 omnebonum
1205 1716 1249 1779 sit
1273 1737 1294 1779 a
1316 1715 1389 1780 Do·

262 1814 369 1884 mino,
390 1810 616 1873 commiscent
640 1829 677 1871 se
693 1810 802 1890 geniis
822 1809 1054 1884 infernalibus,
1072 1821 1108 1874 et
1125 1811 1264 1874 tandem
1285 1830 1389 1874 unum

258 1927 341 1970 cum
354 1906 421 1969 illis
433 1905 559 1967 iaciunt
573 1925 580 1981 ;
601 1915 638 1966 at
652 1903 700 1966 illi
713 1905 768 1986 qui
781 1905 949 1987 recipiunt
963 1904 1046 1968 illud
1059 1926 1188 1982 verum,
1202 1906 1389 1970 reforman-

261 2013 339 2067 tur:
360 2001 420 2064 sed
434 2019 502 2062 non
513 1999 569 2060 alii
589 1999 880 2081 recipiunt,quam
895 2001 950 2082 qui
964 1997 1207 2082 spectaverunt
1220 2001 1264 2064 ad
1278 2001 1389 2065 Deum

262 2097 297 2160 in
318 2099 389 2159 vita
405 2116 475 2157 sua.
522 2090 685 2176 Spectare
704 2093 747 2156 ad
768 2093 880 2157 Deum
899 2097 933 2158 in
953 2097 1025 2159 vita
1044 2117 1116 2172 sua,
1138 2116 1207 2160 non
1225 2096 1316 2160 aliud
1335 2107 1390 2161 est

259 2213 366 2275 quam
387 2193 503 2273 sugere
523 2189 614 2252 mala
633 2200 670 2252 ut
690 2200 845 2271 peccata.

328 2305 402 2372 94.
433 2283 635 2366 Conjunctio
660 2286 799 2349 Domini
823 2306 900 2350 cum
923 2287 1063 2351 homine
1079 2297 1115 2352 et
1137 2288 1313 2371 reciproca
1325 2289 1388 2354 ho·

259 2385 364 2448 minis
382 2402 458 2445 cum
472 2382 622 2444 Domino
635 2380 672 2444 fit
690 2401 750 2462 per
762 2402 878 2446 amare
895 2385 1089 2463 proximum
1106 2383 1194 2447 sicut
1213 2405 1249 2446 se
1265 2385 1388 2466 ipsum,

258 2490 301 2542 et
317 2499 433 2542 amare
447 2478 632 2540 Dominum
653 2497 753 2558 super
770 2479 894 2541 omnia.
940 2476 1070 2542 Amare
1090 2479 1284 2560 proximum
1300 2482 1389 2545 sicut

258 2595 300 2637 se
316 2576 426 2656 ipsum
447 2593 515 2636 non
529 2572 620 2635 aliud
641 2583 694 2635 est
713 2592 815 2654 quam
829 2592 897 2636 non
912 2572 1081 2637 insincere
1097 2581 1134 2637 et
1147 2573 1271 2655 injuste
1283 2595 1389 2658 agere

259 2689 341 2734 cum
359 2669 430 2744 illo,
445 2688 513 2732 non
530 2667 610 2730 odio
626 2666 753 2730 habere
770 2687 809 2730 ac
828 2665 978 2731 vindicta
989 2667 1133 2750 flagrare
1146 2680 1268 2733 contra
1279 2669 1387 2748 illum,

264 2787 333 2829 non
359 2764 599 2847 blasphemare
623 2771 658 2826 et
683 2761 858 2826 diffamare
881 2763 988 2840 illum,
1009 2783 1078 2827 non
1102 2764 1287 2828 adulterari
1310 2786 1387 2831 cum

261 2883 372 2925 uxore
397 2859 477 2942 ejus,
498 2869 535 2923 et
558 2858 681 2921 similia
703 2857 771 2921 alia
794 2859 992 2922 nonfacere
1011 2859 1258 2924 contraillum.
1303 2860 1388 2942 Quis

260 2977 333 3021 non
357 2958 473 3019 videre
498 2963 627 3037 potest,
648 2953 739 3035 quod
763 2952 812 3017 illi
836 2955 891 3037 qui
915 2954 1000 3019 talia
1022 2954 1163 3030 faciunt,
1184 2975 1253 3020 non
1272 2965 1390 3021 ament

259 3055 459 3136 proximum
472 3053 559 3114 sicut
573 3071 609 3112 se
623 3050 732 3131 ipsum
746 3071 753 3126 ;
778 3060 814 3113 at
827 3051 884 3132 qui
896 3050 980 3113 talia
992 3071 1061 3113 non
1073 3050 1203 3115 faciunt
1216 3053 1295 3134 quia
1306 3062 1388 3117 sunt

259 3149 356 3213 mala
369 3157 488 3212 contra
501 3147 706 3228 proximum,
721 3155 757 3207 et
771 3144 870 3207 simul
886 3155 1032 3226 peccata
1048 3157 1170 3210 contra
1189 3147 1386 3225 Dominum,

260 3244 313 3308 illi
333 3246 475 3316 sincere,
490 3242 593 3323 juste,
611 3241 731 3312 amice,
753 3238 902 3302 fideliter
917 3251 1025 3321 agunt
1049 3259 1126 3304 cum
1149 3242 1326 3324 proximo;
1352 3252 1388 3306 et

257 3343 343 3425 quia
363 3339 530 3402 Dominus
547 3335 704 3398 similiter
723 3335 816 3408 lacit,
838 3333 875 3398 fit
895 3333 1090 3416 conjunctio
1108 3338 1294 3418 reciproca.
1339 3337 1388 3402 Et

265 3456 341 3499 cum
358 3431 552 3516 conjunctio
564 3431 739 3512 reciproca
756 3441 821 3505 est,
842 3441 922 3494 tunc
940 3431 1099 3514 quicquid
1111 3431 1216 3495 homo
1228 3434 1388 3515 proximo

257 3535 344 3608 ecit,
362 3555 381 3596 a
401 3531 551 3594 Domino
563 3527 656 3602 lacit,
674 3536 710 3590 et
727 3527 885 3609 quicquid
902 3524 1007 3590 homo
1023 3549 1042 3590 a
1062 3527 1212 3592 Domino
1227 3528 1321 3604 lacit,
1333 3540 1388 3593 est

263 3631 413 3704 bonum;
438 3638 473 3688 et
484 3635 566 3688 tunc
586 3624 765 3707 proximus
785 3622 833 3685 illi
854 3633 989 3686 nonest
1009 3643 1167 3706 persona,
1181 3624 1242 3688 sed
1258 3625 1386 3688 bonum

257 3727 298 3788 in
318 3743 473 3807 persona.
505 3719 635 3783 Amare
650 3718 835 3781 Dominum
854 3739 955 3800 super
973 3720 1099 3793 omnia,
1120 3739 1188 3783 non
1208 3719 1300 3783 aliud
1319 3731 1385 3796 est,

257 3841 365 3905 quam
379 3839 447 3880 non
461 3814 588 3879 malum
602 3813 711 3878 lacere
722 3812 852 3886 Verbo,
866 3815 943 3895 quia
959 3815 993 3877 in
1003 3814 1122 3878 Verbo
1134 3825 1189 3880 est
1207 3815 1386 3894 Dominus,

264 3937 326 3980 nec
347 3913 474 3977 malum
489 3911 602 3975 facere
618 3905 746 3972 sanctis
756 3908 934 3984 ecclesiae,
945 3911 1025 3992 quia
1033 3912 1068 3974 in
1081 3908 1210 3975 sancus
1220 3911 1386 3977 ecclesiae

258 4023 317 4075 est
331 4011 511 4080 Dominus,
523 4025 585 4069 nec
597 4004 724 4067 malum
736 4003 849 4068 lacere
859 4004 1001 4086 alicujus
1017 4007 1164 4082 animae,
1176 4008 1254 4089 quia
1272 4010 1387 4072 anima

258 4107 409 4188 cujusvis
428 4106 461 4167 in
482 4122 584 4166 manu
604 4100 743 4163 Domini
762 4110 826 4163 est.
873 4098 939 4182 Qui
958 4101 1017 4163 illa
1036 4101 1127 4164 mala
1145 4102 1278 4183 fugiunt
1298 4105 1386 4168 sicut

258 4213 410 4286 peccata
432 4198 585 4261 enormia
608 4193 668 4275 illi,
679 4205 797 4258 amant
825 4195 1011 4258 Dominum
1035 4216 1135 4279 super
1157 4199 1292 4276 omnia;
1324 4198 1385 4261 sed

263 4299 327 4362 hoc
348 4316 416 4359 non
435 4301 581 4378 possunt
601 4289 669 4366 alii,
690 4309 791 4372 quam
811 4291 867 4372 qui
886 4302 1005 4354 amant
1029 4292 1222 4372 proximum
1242 4293 1329 4358 sicut
1349 4315 1386 4358 se

256 4394 384 4474 ipsum,
405 4383 588 4470 conjuncta
606 4387 698 4450 enim
714 4395 805 4450 sunt.

326 4501 399 4569 95.
430 4482 601 4566 Quoniam
625 4477 822 4562 conjunctio
842 4481 981 4545 Domini
1004 4500 1081 4547 cum
1104 4481 1245 4548 homine
1263 4494 1329 4563 est,
1349 4495 1386 4550 et

255 4581 412 4651 hominis
434 4599 511 4645 cum
536 4577 696 4651 Domino,
717 4575 796 4640 ideo
818 4575 905 4641 duae
928 4576 1066 4642 tabulae
1093 4576 1180 4662 legis
1203 4588 1294 4657 sunt,
1318 4600 1387 4645 una

255 4701 325 4766 pro
344 4677 506 4750 Domino,
524 4685 559 4737 et
579 4671 689 4748 altera
706 4691 769 4755 pro
787 4669 936 4737 homine.
981 4669 1158 4754 Quantum
1174 4673 1281 4739 homo
1296 4675 1386 4740 sicut
1404 4753 1407 4758 1
