3434 5364
441 691 492 742 DE
515 689 651 744 DIVINO
674 690 818 755 AMORE,
843 691 935 742 PARS
958 691 1072 742 v.-N.
1091 693 1164 760 419.
1302 691 1363 760 203

239 863 415 927 naturales
434 862 602 939 homiues,
619 862 784 945 imprimis
803 862 893 944 apud
911 861 1123 944 hypocritas,
1140 869 1344 944 separantur
1354 881 1365 941 ;

238 968 277 1021 at
294 959 384 1040 apud
408 958 602 1040 spirituales
621 967 658 1022 et
677 960 828 1022 sinceros
847 958 1004 1022 homines
1026 977 1124 1022 raro:
1148 976 1252 1041 quare
1271 975 1364 1022 mere

239 1053 407 1119 naturalis
430 1054 537 1118 homo
560 1063 596 1118 et
619 1053 812 1136 hypocrita,
832 1053 921 1136 apud
945 1072 1047 1139 quem
1070 1049 1270 1118 intellectus
1292 1052 1364 1118 ele·

240 1161 340 1214 vatus
363 1161 428 1226 est,
448 1159 484 1214 et
503 1151 584 1214 inde
604 1150 702 1232 plura
720 1170 808 1232 quae
827 1149 1018 1232 sapientiae
1041 1157 1122 1213 sunt
1145 1151 1180 1213 in
1199 1149 1365 1214 memoria

238 1256 431 1322 remanent,
449 1248 484 1310 in
501 1255 603 1310 coetu
623 1265 669 1309 ex
689 1246 903 1328 cogitatione
919 1267 938 1309 e
954 1245 1119 1309 memoria
1135 1253 1253 1328 potest
1272 1245 1364 1329 sapi·

240 1353 338 1408 enter
361 1342 477 1426 loqui;
511 1351 548 1408 at
571 1361 649 1406 cum
673 1342 799 1407 nonin
822 1351 925 1408 coetu
948 1351 1105 1418 est,non
1128 1361 1174 1406 ex
1197 1342 1365 1406 memoria

239 1441 301 1505 sed
325 1461 370 1505 ex
394 1439 516 1522 spiritu
538 1459 610 1515 suo,
631 1439 683 1503 ita
705 1458 751 1503 ex
774 1455 892 1503 amore
915 1458 988 1514 suo,
1008 1439 1153 1520 cogitat.
1199 1434 1364 1502 Similiter

239 1537 343 1600 etiam
362 1535 521 1617 respirat,
540 1535 701 1618 quoniam
717 1534 888 1617 cogitatio
906 1544 942 1598 et
960 1533 1142 1618 respiratio
1158 1553 1362 1615 correspon-

239 1630 363 1694 denter
385 1637 505 1712 agunt.
552 1626 654 1710 Quod
677 1628 806 1693 fabrica
828 1628 999 1711 pulmonis
1023 1627 1103 1692 talis
1123 1629 1176 1704 sit,
1198 1638 1235 1691 ut
1254 1629 1362 1711 respi-

236 1746 312 1789 rare
332 1726 442 1808 possit
458 1745 504 1788 ex
520 1725 689 1807 sanguine
705 1746 724 1788 e
741 1724 854 1800 corde,
872 1735 908 1789 et
924 1746 970 1789 ex
990 1725 1155 1806 sanguine
1171 1734 1274 1788 extra
1290 1744 1362 1798 cor,

238 1842 339 1904 supra
357 1830 536 1885 ostensum
556 1829 620 1884 est.

300 1915 398 1998 418·
429 1914 630 1980 Communis
649 1915 765 2000 opinio
784 1925 849 1992 est,
870 1916 961 1998 quod
982 1916 1153 2000 sapientia
1175 1916 1277 1980 faciat
1296 1915 1359 1980 ho·

238 2013 385 2089 minem;
416 2031 521 2094 quare
544 2029 621 2075 cum
645 2011 790 2076 audiunt
813 2011 962 2095 aliquem
986 2013 1162 2095 sapienter
1185 2011 1278 2095 loqui
1300 2021 1359 2076 aut

236 2108 372 2182 docere,
393 2106 538 2170 creduut
557 2106 649 2189 quod
668 2105 750 2170 talis
766 2107 831 2185 sit;
855 2106 960 2170 immo
976 2107 1049 2189 ipse
1065 2106 1108 2170 de
1128 2127 1165 2170 se
1184 2108 1233 2171 ita
1251 2108 1359 2173 credit

237 2211 342 2280 tunc;
378 2202 456 2283 quia
486 2220 563 2265 cum
591 2203 626 2264 in
653 2211 756 2266 coetu
783 2202 934 2287 loquitur
958 2212 994 2266 et
1019 2203 1134 2278 docet,
1154 2204 1288 2284 cogitat
1313 2224 1359 2267 ex

237 2297 411 2372 memoria,
429 2305 465 2361 et
482 2297 511 2360 si
528 2314 620 2361 mere
636 2296 803 2361 naturalis
818 2305 884 2372 est,
898 2315 944 2360 ex
961 2298 1087 2360 amoris
1103 2297 1153 2360 sui
1169 2296 1360 2378 superficie,

235 2413 323 2476 quae
335 2401 389 2456 est
402 2389 537 2456 affectio
549 2391 700 2468 honoris,
712 2392 843 2475 gloriae
855 2401 891 2456 et
905 2391 988 2457 lucri
1003 2412 1011 2470 ;
1033 2401 1070 2457 at
1083 2412 1165 2456 vero
1177 2391 1268 2456 idem
1282 2413 1360 2458 cum

235 2489 329 2552 solus
343 2497 463 2565 est,ex
475 2487 639 2553 interiore
650 2508 766 2553 amore
777 2489 827 2552 sui
840 2489 979 2571 spiritus
992 2489 1136 2571 cogitat,
1146 2497 1182 2552 et
1194 2498 1275 2553 tunc
1289 2509 1360 2554 non

234 2585 421 2666 sapienter,
436 2584 497 2649 sed
514 2584 720 2668 quandoque
735 2585 864 2648 insane.
906 2582 963 2648 Ex
979 2583 1032 2647 his
1048 2592 1208 2649 constare
1226 2593 1361 2667 potest,

234 2678 328 2762 quod
344 2696 446 2743 nemo
457 2699 502 2743 ex
522 2680 678 2762 sapiente
697 2678 836 2763 loquela
850 2677 1053 2761 judicandus
1070 2680 1126 2754 sit,
1144 2680 1205 2744 sed
1221 2701 1267 2746 ex
1287 2680 1360 2746 vita

234 2772 327 2856 ejus;
350 2773 416 2838 hoc
432 2783 497 2850 est,
514 2795 584 2840 non
598 2795 644 2840 ex
662 2776 820 2858 sapiente
836 2773 974 2857 loquela
989 2784 1148 2858 separata
1163 2775 1279 2852 avita,
1296 2776 1360 2841 sed

233 2889 281 2932 ex
296 2870 453 2954 sapiente
465 2868 603 2956 loquela
615 2867 797 2952 conjuncta
813 2870 914 2934 vitae.
951 2871 1015 2935 Per
1029 2871 1137 2935 vitam
1153 2871 1360 2954 intelligitur

233 2983 354 3044 amor3
377 2965 469 3049 quod
484 2985 581 3030 amor
596 2967 643 3031 sit
660 2967 744 3042 vita,
765 2985 868 3049 supra
883 2974 1061 3030 ostensum
1081 2975 1144 3031 est.

298 3076 397 3146 419.
428 3059 530 3146 (xvi.)
553 3061 650 3141 Quod
660 3083 756 3127 amor
770 3083 827 3127 seu
839 3061 994 3127 voluntas
1004 3062 1204 3146 purrficetur
1213 3063 1249 3128 in
1260 3062 1359 3129 tirtel·

234 3153 329 3232 lec‘lu,
348 3156 384 3221 si
401 3155 507 3221 simul
523 3156 868 3222 elevantum-Homo
890 3179 937 3222 ex
961 3159 1145 3222 nativitate
1169 3179 1238 3223 non
1262 3169 1358 3226 amat

234 3251 300 3315 nisi
315 3272 353 3316 se
369 3261 404 3316 et
423 3253 599 3329 mundum,
615 3272 696 3316 nam
713 3272 782 3317 non
798 3253 891 3317 aliud
907 3272 1022 3317 coram
1040 3251 1148 3317 oculis
1164 3252 1235 3336 ejus
1251 3272 1358 3338 appa·

233 3357 298 3423 ret,
316 3357 351 3411 et
370 3347 451 3412 inde
468 3368 538 3412 non
553 3347 646 3412 aliud
661 3349 696 3412 in
712 3349 827 3412 animo
843 3346 914 3430 ejus
934 3356 1110 3426 versatur;
1135 3357 1171 3412 et
1189 3347 1244 3413 hic
1261 3368 1359 3416 amor

233 3450 289 3506 est
322 3442 489 3507 naturalis
512 3463 706 3526 corporeus,
731 3453 767 3508 et
790 3443 906 3508 vocari
935 3451 1054 3526 potest
1078 3442 1288 3523 materialis;
1320 3455 1358 3512 et

234 3546 413 3620 praeterea
441 3537 500 3602 ille
529 3558 626 3603 amor
655 3539 766 3603 factus
796 3549 851 3603 est
881 3539 1034 3622 impurus
1063 3559 1109 3604 ex
1140 3541 1357 3621 separatione

232 3633 360 3697 amoris
379 3631 540 3698 caelestis
564 3633 608 3698 ab
629 3654 673 3700 eo
691 3633 782 3716 apud
805 3644 978 3716 parentes.
1025 3632 1092 3698 Hic
1116 3651 1213 3698 amor
1229 3635 1274 3700 ab
1292 3637 1356 3701 im-

233 3729 383 3812 puritate
407 3747 467 3792 sua
490 3749 559 3793 non
582 3731 732 3811 separari
756 3739 885 3811 potest,
906 3730 969 3794 nisi
991 3729 1121 3794 homini
1144 3730 1290 3796 facultas
1313 3733 1357 3798 sit

232 3822 393 3888 elevandi
416 3821 634 3889 intellectum
656 3826 691 3888 in
715 3824 826 3889 lucem
850 3825 950 3902 caeli,
970 3845 1008 3890 ac
1036 3825 1153 3889 videre
1183 3828 1356 3909 quomodo

232 3917 382 3983 victurus
398 3930 462 3994 est,
477 3929 515 3985 ut
531 3937 627 3984 amor
641 3917 712 4003 ejus
728 3940 795 3984 una
811 3940 887 3985 cum
904 3917 1084 3985 intellectu
1099 3920 1132 3984 in
1152 3922 1356 4004 sapientiam

231 4013 359 4079 elevari
374 4015 493 4095 possit.
539 4015 603 4079 Per
617 4012 832 4080 intellectum
845 4016 940 4080 videt
956 4035 1062 4090 amor,
1076 4014 1143 4080 hoc
1159 4026 1225 4091 est,
1237 4015 1355 4095 homo,

231 4128 401 4193 quaenam
425 4110 516 4174 mala
538 4118 619 4174 sunt
640 4131 727 4194 quae
750 4131 902 4175 amorem
925 4111 1106 4194 inquinant
1131 4120 1167 4174 et
1191 4129 1354 4193 conspur-

229 4213 333 4282 cant;
357 4215 393 4269 et
412 4227 548 4289 quoque
566 4206 673 4280 videt,
694 4206 784 4288 quod
804 4207 832 4270 si
856 4206 915 4269 illa
937 4205 1029 4270 mala
1046 4215 1084 4270 ut
1104 4216 1250 4287 peccata
1268 4207 1355 4289 fugit

229 4309 267 4364 et
286 4311 474 4376 aversatur,
495 4311 589 4365 amet
609 4300 668 4365 illa
683 4321 769 4384 quae
786 4301 885 4366 malis
900 4299 967 4364 illis
984 4301 1145 4383 opposita
1160 4311 1251 4378 sunt,
1269 4321 1355 4384 quae

228 4397 346 4459 omnia
373 4405 453 4461 sunt
477 4395 661 4461 caelestia:
694 4405 767 4460 tum
790 4397 894 4460 etiam
918 4396 1013 4461 videt
1037 4397 1161 4472 media,
1186 4417 1246 4479 per
1267 4417 1355 4480 quae

230 4491 323 4554 mala
340 4489 401 4555 illa
419 4501 457 4556 ut
476 4502 621 4575 peccata
639 4491 755 4573 fugere
775 4501 810 4555 et
829 4492 977 4555 aversari
996 4492 1115 4573 possit.
1162 4491 1239 4554 Hoc
1259 4492 1354 4558 videt

229 4605 338 4661 amor,
363 4585 430 4651 hoc
454 4596 519 4663 est,
540 4586 645 4651 homo
669 4607 728 4668 per
751 4606 849 4650 usum
872 4586 1046 4652 facultatis
1068 4587 1229 4652 elevandi
1251 4587 1354 4651 intel·

227 4677 359 4746 lectum
388 4699 486 4748 suum
519 4683 554 4746 in
583 4681 694 4746 lucem
725 4681 822 4758 caeli,
851 4702 896 4746 ex
927 4702 994 4767 qua
1023 4682 1203 4764 sapientia.
1254 4679 1352 4748 Tunc
