3410 5382
459 653 510 704 uu
532 651 671 704 murus
694 647 1049 702 PROVIDENTIA.-N.
1074 650 1142 700 101.
1320 637 1362 722 ⁶5

238 924 354 1012 Quor>
376 925 459 992 Lux
483 924 654 990 Drvmna
677 923 971 988 Pnovmanrmrr
995 933 1064 997 srr,
1078 934 1128 987 ur
1152 933 1264 987 nouo
1288 935 1362 987 s1c·

365 1036 415 1088 ur
452 1035 503 1085 ax
540 1034 584 1086 ss
622 1032 834 1084 nsuovsnr
873 1029 983 1081 unua
1022 1028 1071 1082 ur
1109 1030 1283 1082 escensa
1321 1031 1364 1081 m

364 1129 550 1183 uxrunno
588 1128 755 1190 numus,
780 1127 829 1177 ur
867 1125 973 1191 Quon
1010 1126 1066 1177 s1c
1104 1126 1180 1177 nou
1219 1127 1363 1178 auran

366 1214 548 1279 Domuus
573 1223 785 1276 nsuovsns
816 1220 944 1274 Possm
971 1221 1081 1273 unus
1114 1223 1156 1272 m
1187 1222 1366 1274 mrsnuo

365 1322 532 1387 uomns,
557 1322 606 1373 ur
629 1320 746 1373 smuu
769 1318 872 1370 runc
895 1317 937 1369 m
960 1317 1154 1369 suasano,

279 1509 381 1561 1⁰0.
412 1494 564 1580 Quisque
584 1503 703 1578 potest
723 1513 770 1558 ex
790 1490 866 1556 sola
880 1489 1017 1555 ratione
1036 1489 1164 1567 videre,
1181 1491 1273 1574 quod
1290 1489 1364 1554 Do-

234 1592 358 1666 minus,
379 1594 436 1674 qui
455 1601 511 1655 est
534 1593 644 1674 ipsum
665 1588 800 1653 Bonum
819 1596 856 1652 et
875 1587 985 1669 ipsum
1002 1583 1143 1661 Verum,
1162 1605 1232 1648 non
1251 1587 1366 1669 possit

235 1687 363 1750 intrare
375 1689 466 1770 apud
482 1688 669 1762 hominem,
684 1685 749 1749 nisi
764 1691 900 1747 remota
912 1690 992 1744 sunt
1007 1679 1097 1744 mala
1114 1690 1150 1744 et
1169 1681 1254 1745 salsa
1269 1682 1363 1763 apud

235 1781 355 1860 illum;
375 1783 503 1846 malum
520 1785 611 1847 enirn
627 1791 681 1847 est
697 1779 897 1863 oppositum
914 1778 1017 1852 bono,
1035 1787 1071 1840 et
1088 1775 1211 1841 falsum
1228 1787 1281 1842 est
1298 1797 1360 1861 op·

235 1879 386 1960 positum
405 1900 508 1958 vero;
535 1889 571 1944 et
594 1877 662 1943 duo
681 1875 842 1961 opposita
862 1890 1028 1956 nusquam
1048 1873 1262 1937 commisceri
1281 1893 1361 1956 pos·

234 1983 324 2047 sunt,
349 1972 410 2038 sed
433 1994 511 2039 cum
535 1994 638 2038 unum
655 1973 792 2038 accedit
816 1971 859 2032 ad
882 1968 1043 2044 alterum,
1064 1969 1102 2032 fit
1126 1989 1253 2053 pugna,
1274 1991 1361 2052 quae

234 2081 368 2152 perstat
380 2092 486 2155 usque
502 2072 584 2136 dum
598 2091 701 2135 unum
715 2070 814 2136 alteri
831 2069 924 2133 cedit
938 2068 1050 2132 locum
1066 2089 1074 2146 ;
1098 2077 1134 2131 et
1150 2069 1241 2151 quod
1255 2069 1360 2147 cedit,

234 2166 317 2242 abit,
339 2177 375 2232 et
398 2168 546 2232 alterum
569 2168 736 2232 succedit.
783 2166 822 2232 ln
847 2166 910 2231 tali
934 2167 1098 2250 opposito
1120 2176 1201 2230 sunt
1225 2166 1362 2231 caelum

233 2271 270 2325 et
299 2261 479 2339 infernum,
504 2284 564 2327 seu
591 2262 761 2327 Dominus
786 2272 822 2327 et
851 2261 1018 2326 diabolus.
1064 2259 1156 2325 Num
1179 2263 1361 2345 quisquam

232 2379 279 2421 ex
303 2359 437 2422 ratione
460 2367 577 2442 potest
597 2359 763 2442 cogitare,
784 2358 876 2441 quod
901 2357 1070 2422 Dominus
1089 2357 1199 2440 possit
1218 2358 1360 2434 intrare,

233 2451 290 2515 ubi
308 2452 467 2517 diabolus
486 2454 633 2536 regnat?
656 2475 716 2518 seu
735 2452 827 2537 quod
843 2452 977 2517 caelum
997 2453 1107 2537 possit
1126 2473 1203 2516 esse
1227 2452 1282 2515 ubi
1306 2459 1360 2516 est

232 2545 422 2613 infernum?
467 2546 553 2632 Quis
576 2569 645 2613 non
668 2570 715 2614 ex
738 2548 977 2614 rationalitate
997 2548 1102 2612 cuivis
1125 2547 1255 2611 homini
1274 2569 1363 2614 sano

232 2643 316 2708 data
327 2645 431 2722 videt,
445 2646 537 2730 quod
554 2655 591 2710 ut
608 2643 776 2710 Dominus
791 2646 909 2722 intret,
923 2643 1081 2709 diabolus
1094 2643 1280 2726 ejiciendus
1293 2646 1337 2709 sit
1350 2667 1360 2726 ;

233 2739 289 2805 vel
322 2752 360 2805 ut
392 2741 527 2806 caelum
558 2742 677 2817 intret,
708 2740 877 2806 infernum
908 2741 1154 2805 removendum
1187 2741 1254 2805 sit?
1300 2755 1361 2819 [2]

232 2834 416 2918 Oppositio
435 2837 494 2900 illa
512 2836 719 2920 intelligitur
742 2856 803 2920 per
821 2837 926 2902 verba
945 2835 1135 2900 Abrahami
1158 2857 1177 2899 e
1197 2835 1295 2900 caelo
1314 2835 1359 2899 ad

232 2930 377 2996 divitem
396 2932 431 2996 in
449 2931 593 3010 inferno,

281 3069 296 3092 ‘⁴
304 3067 379 3118 luter
391 3083 442 3118 nos
454 3078 481 3118 et
493 3083 543 3119 vos
555 3069 645 3120 hiatus
658 3069 754 3132 ingens
767 3069 887 3119 firmatus
899 3078 949 3130 est,
959 3078 988 3119 ut
1000 3070 1045 3134 qui
1058 3069 1154 3120 volunt
1167 3068 1360 3119 transcendere

363 3135 510 3262 :elissgsd
524 3149 582 3193 vos,
598 3149 652 3184 non
666 3135 780 3199 possint,
794 3149 881 3200 neque
899 3136 944 3200 qui
959 3135 1003 3194 ibi,
1016 3135 1051 3186 ad
1065 3150 1117 3186 nos
1131 3135 1247 3186 transire
1256 3133 1271 3154 ”
1285 3132 1358 3196 (Luc.

232 3323 348 3406 Ipsum
362 3325 491 3390 malum
510 3334 564 3388 est
583 3323 762 3401 infernum,
782 3345 821 3389 ac
846 3325 957 3409 ipsum
976 3325 1105 3389 bonum
1121 3334 1177 3390 est
1196 3323 1356 3404 caelum;

230 3440 291 3484 seu
307 3422 398 3502 quod
414 3421 516 3496 idem,
530 3421 640 3502 ipsum
654 3418 782 3484 malum
799 3431 853 3484 est
868 3421 1036 3495 diabolus,
1048 3430 1084 3485 et
1101 3422 1211 3501 ipsum
1228 3420 1357 3484 bonum

230 3525 286 3579 est
316 3514 509 3595 Dominus;
543 3525 579 3580 et
609 3515 726 3591 homo,
753 3517 788 3579 in
817 3537 886 3599 quo
911 3527 1037 3599 regnat
1067 3517 1206 3592 malum,
1236 3526 1291 3580 est
1321 3517 1356 3581 in

230 3611 373 3674 minima
396 3611 505 3675 forma
527 3610 706 3686 infernum,
731 3621 766 3676 et
790 3612 895 3675 homo
919 3613 954 3675 in
977 3632 1045 3695 quo
1067 3623 1191 3696 regnat
1214 3613 1355 3689 bonum,

230 3717 284 3770 est
304 3707 339 3769 in
359 3707 500 3770 minima
517 3707 627 3771 forma
645 3706 789 3770 caelum.
835 3706 1007 3791 Quoniam
1027 3709 1076 3773 ita
1095 3718 1160 3783 est,
1181 3709 1356 3791 quomodo

230 3810 349 3882 potest
366 3802 502 3866 caelum
520 3803 649 3867 intrare
669 3803 848 3879 infernum,
870 3823 947 3868 cum
964 3804 1055 3870 inter
1070 3802 1130 3868 illa
1148 3803 1264 3868 hiatus
1281 3813 1355 3868 tam

229 3899 353 3979 ingens
369 3896 524 3963 firmatus
540 3908 606 3974 est,
618 3909 656 3963 ut
674 3920 742 3962 non
759 3900 896 3964 transiri
912 3901 1023 3983 possit
1039 3899 1118 3964 hinc
1135 3898 1251 3962 illinc?
1296 3898 1355 3962 Ex

228 3991 282 4056 his
305 3995 470 4077 sequitur,
494 3996 586 4078 quod
610 3997 751 4058 omnino
774 3995 1021 4060 removendum
1044 3997 1089 4060 sit
1113 3993 1291 4071 infernum,
1317 4004 1355 4060 ut

200 4101 203 4108 ’
228 4089 398 4154 Dominus
416 4109 493 4154 cum
513 4087 611 4154 caelo
631 4092 741 4172 possit
761 4091 898 4155 intrare.

292 4200 387 4249 101.
417 4185 469 4250 At
488 4184 598 4262 multi,
619 4185 786 4267 imprimis
804 4186 853 4250 illi
872 4187 929 4269 qui
948 4207 985 4251 se
1005 4181 1295 4250 confirmaverunt
1318 4185 1354 4249 in

227 4279 295 4344 fide
315 4291 477 4362 separata
496 4300 517 4345 a
535 4279 720 4356 charitate,
741 4301 810 4345 non
829 4283 942 4346 sciunt
961 4282 1053 4366 quod
1077 4283 1112 4346 in
1135 4281 1267 4346 inferno
1284 4281 1354 4344 sint

226 4397 305 4442 cum
328 4378 363 4441 in
382 4377 505 4459 malis3
536 4388 572 4444 et
596 4398 639 4444 ne
661 4379 800 4463 quidem
819 4381 932 4446 sciunt
951 4381 1031 4464 quid
1051 4381 1153 4456 mala,
1173 4399 1352 4455 excausa,

227 4475 306 4556 quia
326 4473 410 4539 nihil
429 4475 588 4558 cogitant
615 4475 659 4540 de
686 4474 777 4554 illis;
805 4476 964 4541 dicentes
987 4477 1079 4561 quod
1102 4496 1172 4541 non
1200 4475 1269 4539 sint
1289 4474 1353 4537 sub

223 4569 308 4652 jugo
326 4569 425 4653 legis,
449 4580 485 4636 et
508 4571 557 4634 sic
576 4570 668 4654 quod
688 4569 747 4635 lex
770 4569 850 4635 illos
874 4592 943 4636 non
966 4573 1133 4650 damnet;
1169 4581 1254 4646 turn,
1274 4569 1353 4652 quia

158 4677 176 4696 ·
227 4665 312 4731 nihil
331 4667 486 4732 conferre
506 4677 652 4750 possunt
672 4666 716 4730 ad
736 4666 896 4742 salutem,
914 4669 1006 4751 quod
1026 4687 1095 4730 non
1115 4666 1254 4751 aliquod
1278 4685 1351 4730 ma·
