3418 5368
498 691 550 744 DE
573 691 711 742 DIVINA
734 690 1090 745 PROVIDENT1A0-N.
1114 696 1178 764 219
1347 702 1409 773 157

276 864 429 930 Domino
444 884 515 928 non
534 863 598 928 nisi
617 881 720 946 quam
739 872 930 926 aeternum.
978 860 1039 948 (3.)
1073 861 1176 952 Quod
1195 870 1407 953 temporaria

276 969 438 1044 separent
462 969 606 1025 aeterna
629 979 650 1022 a
672 979 720 1034 se,
741 968 777 1023 et
800 959 893 1042 quod
917 969 1060 1024 aeterna
1077 960 1291 1047 conjungant
1314 973 1405 1030 tem·

275 1058 372 1141 poria
394 1055 467 1120 sibi.
515 1052 576 1139 (4.)
602 1052 704 1136 Quod
729 1053 898 1117 Dominus
922 1054 1111 1138 conjungat
1134 1056 1308 1124 hominem
1333 1058 1405 1128 Sibi

275 1172 337 1235 per
354 1151 585 1234 apparentias.
633 1147 694 1233 (5.)
724 1148 771 1213 Et
791 1149 882 1232 quod
902 1171 962 1232 per
981 1153 1317 1234 correspondentias.

338 1261 432 1329 219.
463 1245 531 1311 Sed
547 1245 633 1310 haec
651 1254 828 1309 momenta
844 1245 1047 1327 singillatim
1065 1268 1126 1330 per
1141 1269 1179 1312 se
1198 1248 1403 1318 illustranda

275 1351 311 1406 et
343 1339 576 1407 confirmanda
607 1349 699 1404 sunt.
745 1340 876 1404 Primo:
911 1337 1003 1418 Quid
1029 1344 1244 1424 temporaria,
1268 1347 1408 1430 etquid

273 1447 418 1501 aeterna.
457 1436 680 1519 Temporaria
696 1445 775 1498 sunt
793 1435 909 1498 omnia
924 1435 983 1498 illa
999 1457 1086 1519 quae
1105 1439 1241 1521 propria
1258 1451 1400 1508 naturae

272 1543 364 1607 sunt,
384 1541 420 1596 et
444 1552 531 1615 quae
553 1533 632 1595 inde
657 1541 737 1594 sunt
756 1532 891 1614 propria
910 1530 1050 1594 homini.
1096 1531 1236 1616 Propria
1256 1546 1400 1604 naturae

272 1636 353 1691 sunt
376 1627 542 1710 imprimis
565 1629 679 1710 spatia
702 1637 738 1690 et
766 1635 937 1709 tempora,
962 1636 1106 1709 utraque
1131 1648 1207 1691 cum
1232 1629 1339 1695 limite
1363 1642 1400 1699 et

272 1723 440 1802 termino;
465 1724 600 1804 propria
618 1720 767 1786 hominis
786 1721 866 1784 inde
886 1731 965 1784 sunt
985 1743 1072 1805 quae
1092 1722 1162 1805 ejus
1182 1727 1317 1808 proprie
1337 1749 1398 1792 vo·

272 1818 416 1882 luntatis
435 1829 471 1882 et
491 1817 616 1901 proprii
632 1813 830 1881 intellectus
846 1825 937 1892 sunt,
955 1827 991 1880 et
1009 1838 1096 1900 quae
1112 1819 1193 1883 inde
1210 1818 1280 1902 ejus
1296 1821 1399 1887 affec·

271 1915 373 1977 tionis
389 1924 426 1978 et
442 1913 675 1996 cogitationis,
689 1913 854 1994 imprimis
870 1933 958 1995 quae
975 1911 1045 1993 ejus
1060 1914 1264 1995 prudentiae
1279 1937 1286 1994 ;
1311 1938 1398 2000 quae

271 2009 362 2092 quod
386 2008 484 2074 finita
506 2019 542 2073 et
559 2008 713 2072 ‘limitata
736 2008 817 2083 sint,
842 2017 964 2070 notum
987 2018 1052 2071 est.
1099 2007 1257 2074 Aeterna
1280 2023 1397 2078 autem

271 2115 351 2168 sunt
367 2107 482 2169 omnia
497 2125 584 2188 quae
601 2104 737 2187 propria
753 2103 892 2166 Domini
909 2113 1000 2178 sunt,
1017 2113 1053 2166 et
1073 2125 1118 2166 ex
1136 2104 1217 2187 Ipso
1234 2117 1314 2171 sunt
1331 2109 1411 2174 sic-¹

271 2209 308 2264 ut
339 2202 476 2283 propria
499 2199 640 2264 homini.
686 2199 825 2282 Propria
849 2197 989 2262 Domini
1016 2209 1095 2263 sunt
1127 2201 1243 2264 omnia
1265 2201 1398 2270 infinita

269 2315 309 2359 ac
323 2307 475 2370 aeterna,
490 2297 540 2360 ita
552 2296 681 2378 absque
695 2303 863 2377 tempore,
877 2305 1132 2377 consequenter
1145 2296 1274 2378 absque
1288 2296 1396 2366 limite

270 2377 453 2475 efabsque
473 2391 561 2455 fine:
587 2390 646 2454 illa
668 2410 756 2473 quae
780 2398 861 2452 sunt
886 2389 966 2452 inde
991 2389 1077 2452 sicut
1098 2391 1234 2473 propria
1254 2391 1395 2474 homini,

269 2487 426 2550 similiter
444 2485 578 2550 infinita
601 2505 640 2549 ac
665 2495 807 2549 aeterna
830 2493 930 2562 sunt;
955 2503 1072 2547 verum
1093 2485 1175 2549 nihil
1198 2483 1318 2550 horum
1342 2497 1397 2555 est

269 2581 427 2658 hominis,
441 2583 502 2646 sed
519 2591 599 2645 sunt
613 2580 719 2644 solius
732 2579 872 2643 Domini
884 2579 974 2662 apud
989 2577 1092 2641 illum.
1134 2584 1192 2644 [2.]
1216 2579 1394 2650 Secundo:

271 2675 368 2755 Quod
378 2677 474 2740 homa
485 2677 532 2741 sit
547 2675 770 2756 temporarius
787 2674 821 2737 in
836 2695 880 2750 se,
898 2683 929 2736 et
948 2673 1039 2757 quod
1049 2673 1213 2739 Dominus
1228 2677 1275 2740 sil
1289 2690 1395 2742 aeter·

268 2793 330 2836 nns
349 2773 384 2835 in
399 2793 457 2846 se,·
479 2782 512 2834 et
529 2771 619 2854 qnod
630 2769 706 2833 inde
723 2771 766 2832 ab
785 2769 915 2832 homine
930 2789 994 2831 nan
1008 2767 1121 2850 possit
1134 2772 1311 2850 procedere
1327 2773 1399 2837 nisi

268 2892 368 2953 qnam
384 2868 631 2951 temporarium,
649 2877 681 2930 et
698 2867 789 2950 quoa'
803 2889 825 2930 a
842 2866 984 2930 Domina
1000 2887 1063 2928 non
1083 2867 1154 2930 nisi
1169 2889 1269 2950 quam
1288 2881 1394 2933 aeter·

267 2987 355 3028 num.
402 2963 505 3047 Quod
522 2965 627 3028 homo
643 2964 677 3026 in
694 2985 730 3027 se
747 2963 975 3044 temporarius
987 2963 1048 3038 sit,
1063 2972 1098 3026 et
1116 2964 1209 3046 quod
1226 2965 1394 3029 Dominus

266 3061 300 3125 in
324 3083 360 3125 se
384 3070 557 3134 aeternus,
578 3079 681 3142 supra
700 3057 828 3122 didtum
848 3068 911 3121 est.
958 3055 1131 3138 Quoniam
1152 3079 1220 3122 non
1240 3059 1331 3122 aliud
1350 3061 1394 3124 ab

266 3156 380 3241 aliquo
404 3165 522 3238 potest
544 3154 731 3238 procedere
753 3172 855 3237 quam
879 3152 971 3236 quod
1001 3152 1035 3215 in
1059 3153 1133 3235 ipso
1157 3162 1220 3228 est,
1242 3155 1397 3237 sequitur

266 3254 357 3336 quod
375 3253 419 3315 ab
437 3251 577 3316 homine
597 3270 666 3313 non
686 3250 796 3333 possit
815 3247 908 3312 aliud
928 3248 1115 3328 procedere
1135 3267 1237 3330 quam
1255 3257 1392 3334 tempo·

266 3349 402 3425 rarium,
420 3358 456 3412 et
472 3368 492 3410 a
509 3345 660 3409 Domino
677 3365 745 3408 non
762 3343 854 3407 aliud
872 3361 973 3425 quam
990 3351 1190 3406 aeternum:
1216 3363 1284 3405 non
1301 3347 1392 3409 enim

267 3453 385 3525 potest
403 3465 423 3506 a
438 3443 537 3506 finito
550 3441 738 3525 procedere
750 3439 919 3502 infinitum
934 3459 941 3516 ;
967 3437 1058 3521 quod
1077 3438 1187 3521 possit
1204 3442 1391 3520 procedere

267 3547 319 3603 est
342 3536 665 3602 contradidiorium:
698 3555 815 3598 verum
839 3554 945 3616 usque
970 3542 1089 3615 potest
1112 3554 1133 3594 a
1155 3530 1253 3597 finito
1271 3553 1390 3617 proce-

266 3637 346 3699 dere
370 3634 551 3708 infinitum,
576 3643 613 3696 at
636 3652 704 3695 non
735 3652 755 3693 a
785 3629 882 3692 finito
906 3629 967 3692 sed
990 3628 1033 3691 ab
1057 3628 1191 3693 infinito
1214 3650 1274 3714 per
1295 3632 1389 3698 illud.

266 3730 429 3794 Vicissim
450 3731 567 3804 etiam,
589 3749 657 3791 non
676 3735 795 3808 potest
819 3725 863 3788 ab
885 3723 1020 3787 infinito
1040 3724 1226 3807 procedere
1246 3723 1389 3806 finitum,

266 3825 357 3908 quod
378 3825 487 3906 possit
511 3823 708 3906 procedere,
729 3831 782 3884 est
807 3821 912 3883 etiam
932 3817 1257 3900 contradictorium
1287 3831 1322 3884 at
1345 3823 1390 3886 ab

266 3919 401 3983 infinito
420 3930 537 4002 potest
557 3918 696 4000 produci
716 3917 857 3990 finitum,
879 3925 915 3978 at
939 3915 1003 3979 hoc
1030 3935 1097 3978 non
1117 3925 1170 3977 est
1191 3917 1388 3998 procedere,

266 4014 327 4079 sed
348 4024 402 4078 est
422 4031 558 4078 creare:
584 4013 627 4076 de
646 4034 712 4096 qua
736 4033 771 4074 re
795 4013 953 4074 videatur
973 4009 1148 4090 Sapientia
1163 4009 1329 4090 Angelica
1351 4012 1391 4077 de

265 4109 389 4173 Divina
407 4110 534 4174 Amare
554 4118 586 4172 et
607 4107 735 4171 Divina
754 4104 940 4187 Sapientia,
962 4127 981 4167 a
1005 4105 1170 4187 principio
1194 4103 1237 4167 ad
1267 4102 1388 4171 finem:

266 4226 369 4288 quare
390 4207 418 4269 si
437 4229 458 4270 a
477 4205 628 4267 Domino
646 4203 804 4285 procedit
824 4201 968 4275 finitum,
990 4211 1026 4263 ut
1047 4199 1084 4264 fit
1108 4202 1141 4264 in
1162 4199 1280 4264 multis
1299 4205 1388 4284 apud

265 4301 452 4376 hominem,
466 4320 535 4363 non
552 4299 709 4380 procedit
726 4320 746 4362 a
762 4299 922 4372 Domino,
938 4296 998 4358 sed
1014 4296 1058 4358 ab
1074 4295 1233 4374 homine;
1258 4305 1294 4359 et
1310 4309 1389 4379 pot-

266 4407 319 4460 est
343 4399 409 4461 dici
436 4417 456 4460 a
480 4396 630 4458 Domino
653 4415 715 4478 per
737 4395 923 4466 hominem,
946 4392 1025 4474 quia
1052 4391 1101 4454 ita
1129 4398 1285 4472 apparet.
1314 4406 1391 4473 ·[s.]

268 4491 344 4556 Hoc
364 4499 483 4575 potest
501 4488 665 4554 illustrari
684 4511 744 4574 per
762 4489 847 4553 haec
869 4488 1008 4550 Domini
1027 4486 1142 4560 verba,

316 4638 432 4688 “Sermo
444 4646 535 4687 vester
546 4637 597 4686 erit
610 4635 699 4685 immo
712 4636 803 4695 immo,
815 4634 876 4684 Non
890 4649 954 4692 non,
965 4633 1036 4696 quod
1049 4632 1120 4680 ultra
1130 4633 1196 4681 haec
1209 4642 1259 4692 est,
1272 4647 1306 4681 ex
1318 4633 1391 4682 maio

397 4714 440 4757 est
447 4702 462 4726 ”
475 4703 582 4764 (Mami.
595 4718 620 4753 v.
635 4703 694 4767 37);
