3352 5374
418 707 469 759 oa
491 708 628 760 urvruo
650 709 796 773 anona,
822 711 914 763 unns
937 711 1072 763 111.-u.
1089 701 1160 764 280.
1292 717 1349 768 121

222 879 271 944 ita
291 879 466 962 simplices
486 890 521 943 et
542 880 725 944 uniformes
744 883 833 946 sicut
857 883 891 946 in
914 893 1062 947 externa
1080 885 1188 949 forma
1208 887 1349 966 semina,

223 973 364 1061 fructus,
378 997 454 1052 ova,
473 988 508 1039 et
528 979 614 1039 sicut
635 997 739 1040 nuces
758 987 793 1041 et
813 980 1020 1061 amygdalae
1038 981 1071 1043 in
1091 980 1224 1059 nucleo,
1239 993 1274 1047 et
1294 1005 1349 1049 us·

223 1092 290 1155 que
309 1072 343 1133 in
362 1091 399 1134 se
416 1073 618 1134 contineant
635 1074 749 1135 omnia
765 1074 877 1155 priora
895 1095 940 1136 ex
959 1075 1080 1157 quibus
1097 1085 1187 1153 sunt,
1202 1087 1256 1142 est
1273 1081 1351 1162 quia

222 1186 328 1231 omne
353 1167 509 1231 ultimum
534 1178 587 1231 est
611 1166 881 1244 circumtedtum,
902 1180 937 1234 et
961 1172 1078 1253 perid
1102 1171 1301 1238 distinctum
1329 1196 1351 1240 a

224 1262 414 1344 prioribus;
446 1265 676 1346 unusquisque
707 1265 814 1327 etiam
844 1266 972 1346 gradus
1003 1277 1055 1330 est
1087 1266 1349 1334 circumcinctus

223 1358 407 1433 velamine,
428 1369 464 1422 et
487 1379 548 1440 per
571 1359 604 1422 id
629 1358 810 1423 distindtus
829 1361 873 1422 ab
895 1351 1025 1424 alt'ero:
1057 1383 1160 1443 quare
1181 1363 1239 1426 illa
1262 1383 1349 1445 quae

222 1455 322 1536 primi
342 1455 470 1536 gradus
488 1465 567 1517 sunt
585 1475 653 1518 non
670 1467 858 1519 noscuntur
877 1477 897 1518 a
915 1459 1068 1520 secundo
1086 1459 1206 1540 gradu,
1225 1479 1288 1522 nec
1308 1481 1349 1524 ea

221 1570 311 1632 quae
341 1549 439 1631 hujus
464 1553 590 1632 gradus
622 1561 701 1614 sunt
733 1561 921 1614 noscuntur
951 1573 970 1615 a
1000 1555 1115 1616 tertio.
1161 1553 1257 1619 Sicut
1287 1575 1349 1637 pro

220 1645 410 1728 exemplo:
435 1666 531 1709 amor
547 1645 747 1720 voluntatis,
766 1649 822 1729 qui
841 1657 895 1710 est
916 1649 1043 1728 primus
1062 1650 1188 1729 gradus
1207 1652 1346 1728 mentis,

220 1742 254 1803 in
275 1742 447 1822 sapientia
467 1739 673 1811 intellectus,
695 1763 780 1823 quae
801 1753 853 1807 est
874 1743 1044 1806 secundus
1063 1745 1189 1825 gradus
1209 1745 1346 1822 mentis,

219 1857 289 1898 non
308 1838 462 1901 noscitur
481 1838 544 1899 nisi
564 1857 665 1920 quam
689 1859 747 1919 per
766 1838 938 1920 quoddam
954 1837 1139 1918 jucundum
1160 1842 1346 1922 cogitatio·

220 1933 273 1995 nis
293 1933 359 1996 rei:
386 1933 511 2014 primus
528 1933 664 2013 gradus,
679 1931 746 2013 qui,
761 1940 797 1992 ut
812 1929 938 1996 didlum
956 1943 1021 2007 est,
1039 1943 1093 1997 est
1112 1953 1208 1998 amor
1223 1935 1345 1999 volun·

219 2031 317 2102 tatis,
338 2031 371 2090 in
395 2029 541 2092 scientia
565 2029 761 2103 memoriae,
782 2048 869 2109 quae
892 2037 947 2091 est
971 2031 1095 2092 tertius
1118 2031 1254 2111 gradus,
1276 2049 1345 2096 non

219 2125 373 2188 noscitur
389 2142 490 2205 quam
509 2144 568 2204 per
584 2124 757 2207 quoddam
771 2143 953 2186 amoenum
973 2125 1101 2186 sciendi
1119 2133 1155 2188 et
1172 2125 1344 2208 loquendi.

220 2219 277 2282 Ex
302 2220 355 2283 his
378 2220 610 2300 consequitur,
632 2220 722 2300 quod
748 2239 844 2300 opus,
868 2219 958 2300 quod
982 2229 1036 2283 est
1060 2216 1157 2284 adius
1180 2224 1343 2303 corporis,

217 2314 376 2379 includat
393 2317 508 2378 omnia
527 2313 597 2390 illa,
612 2315 751 2378 tametsi
770 2315 802 2376 in
820 2323 966 2376 externa
981 2314 1089 2377 forma
1104 2326 1246 2398 apparet
1263 2318 1344 2380 sim·

218 2411 303 2492 plex
322 2411 411 2474 sicut
431 2428 545 2471 unum.
992 2453 994 2458 .

282 2517 380 2588 279·
410 2503 489 2568 Hoc
506 2502 728 2567 confirmatur
742 2524 802 2585 per
814 2503 919 2566 haec:
945 2503 1035 2586 quod
1048 2504 1165 2586 angeli
1180 2506 1236 2588 qui
1253 2507 1343 2589 apud

217 2599 396 2664 hominem
415 2607 504 2673 sunt,
517 2595 736 2682 ¹¹¹percipiant
755 2597 957 2680 singillatim
978 2598 1036 2661 illa
1055 2620 1141 2682 quae
1161 2621 1206 2663 ex
1226 2611 1343 2666 mente

217 2697 252 2760 in
270 2692 349 2759 actu
365 2704 466 2773 sunt;
492 2693 606 2776 angeli
620 2693 816 2776 spirituales
833 2694 892 2756 illa
904 2715 991 2776 quae
1003 2695 1084 2758 inibi
1101 2717 1146 2758 ex
1164 2695 1343 2762 intellectu

216 2799 309 2866 sunt,
326 2809 366 2854 ac
386 2789 502 2872 angeli
518 2789 688 2854 caelestes
707 2789 766 2852 illa
781 2809 870 2873 quae
886 2789 967 2852 inibi
986 2810 1032 2853 ex
1051 2789 1235 2854 voluntate
1251 2803 1342 2857 sunt.

220 2885 297 2949 Hoc
324 2895 468 2968 apparet
496 2895 535 2948 ut
564 2886 779 2968 paradoxon,
808 2885 870 2948 sed
900 2905 1007 2967 usque
1036 2895 1090 2948 est
1117 2906 1246 2950 verum.
1291 2886 1343 2954 At

217 2980 396 3044 sciendum
416 2991 481 3056 est,
503 2981 594 3062 quod
619 2980 679 3043 illa
704 2981 832 3044 mentis
859 3000 947 3063 quae
965 2988 1045 3043 sunt
1071 2981 1117 3044 rei
1142 2983 1344 3064 propositae

216 3099 277 3142 seu
294 3078 498 3160 praesentis,
516 3079 584 3140 sint
602 3077 635 3139 in
653 3077 778 3150 medio,
792 3086 828 3139 et
845 3076 974 3160 reliqua
987 3078 1206 3140 circumcirca
1219 3099 1341 3142 secun·

215 3175 299 3237 dum
324 3171 522 3237 affinitates.
567 3172 696 3254 Angeli
721 3172 850 3246 dicunt,
875 3173 966 3254 quod
993 3193 1039 3234 ex
1070 3171 1207 3253 singulo
1237 3193 1342 3254 opere

217 3271 425 3352 percipiatur
444 3267 548 3332 homo
567 3269 675 3352 qualis
699 3279 765 3342 est,
786 3269 847 3331 sed
871 3269 904 3330 in
929 3269 1022 3330 varia
1045 3267 1268 3331 similitudine
1291 3269 1342 3332 sui

215 3367 355 3438 amoris,
380 3366 566 3428 secundum
591 3365 898 3428 determinationes
921 3361 991 3442 ejus
1020 3363 1053 3424 in
1078 3361 1275 3426 affectiones
1305 3376 1340 3429 et

214 3463 296 3526 inde
321 3463 353 3524 in
374 3461 617 3542 cogitationes.
663 3458 792 3534 Verb0,
810 3459 921 3521 omnis
938 3456 1034 3522 actus
1054 3479 1113 3519 seu
1133 3479 1235 3523 omne
1253 3480 1338 3543 opus

216 3557 365 3621 hominis
384 3555 569 3638 spiritualis
585 3574 700 3619 coram
717 3553 850 3636 angelis
869 3564 923 3616 est
943 3554 1031 3615 sicut
1049 3549 1173 3616 fructus
1190 3555 1338 3637 sapidus,

215 3653 312 3716 utilis
336 3661 371 3715 et
395 3651 547 3733 pulcher,
573 3651 628 3733 qui
651 3649 803 3713 reclusus
827 3658 862 3711 et
886 3657 1060 3710 comestus
1084 3649 1144 3711 dat
1168 3668 1338 3730 saporem,

215 3767 325 3824 usum,
350 3756 387 3811 et
414 3747 564 3809 delicias.
611 3744 712 3827 Quod
736 3744 870 3826 angelis
895 3743 975 3805 talis
998 3746 1177 3825 perceptio
1200 3743 1336 3810 aunum

213 3852 252 3908 et
271 3861 414 3926 operum
433 3843 581 3904 hominis
601 3843 656 3916 sit,
676 3841 833 3904 videatur
852 3841 956 3902 etiam
977 3859 1077 3920 supra
1099 3838 1146 3922 (n.
1165 3839 1253 3922 220).

279 3938 381 4004 ²8⁰.
411 3935 528 4001 Simile
542 3947 595 4000 est
609 3955 686 4000 cum
700 3934 837 4018 loquela
847 3934 1006 3998 hominis.
1050 3934 1179 4016 Angeli
1194 3956 1239 3996 ex
1253 3955 1339 3998 sono

214 4034 374 4119 loquelae
398 4043 546 4097 noscunt
570 4051 721 4096 amorem
745 4031 905 4105 hominis,
930 4051 976 4092 ex
999 4029 1240 4093 articulatione
1263 4031 1339 4094 soni

211 4129 420 4214 sapientiam
444 4127 525 4209 ejus,
550 4138 585 4192 et
615 4149 660 4190 ex
690 4147 790 4190 sensu
816 4145 939 4189 vocum
963 4126 1142 4188 scientiam
1165 4122 1244 4205 ejus.
1291 4123 1338 4189 Et

212 4223 362 4308 amplius
378 4224 509 4298 dicunt,
526 4223 618 4306 quod
637 4221 696 4287 illa
714 4222 780 4286 tria
799 4221 833 4284 in
852 4221 1040 4303 unaquavis
1058 4239 1143 4282 voce
1163 4220 1243 4294 sint,
1261 4221 1339 4302 quia

213 4341 286 4385 vox
305 4328 360 4385 est
377 4319 467 4383 sicut
483 4317 694 4394 conclusum,
712 4327 767 4381 est
786 4318 876 4380 enim
893 4317 975 4380 inibi
995 4335 1110 4389 sonus,
1128 4313 1336 4390 articulatio,

211 4426 250 4481 et
263 4436 396 4481 sensus.
433 4413 493 4479 Ab
508 4414 640 4497 angelis
656 4413 751 4478 tertii
767 4412 853 4477 caeli
869 4412 951 4479 mihi
964 4407 1091 4475 dictum
1105 4419 1170 4486 est,
1185 4410 1275 4492 quod
1291 4432 1338 4475 ex

213 4511 333 4595 quavis
362 4531 451 4575 voce
478 4510 651 4594 loquentis
678 4509 714 4573 in
744 4510 840 4585 serie,
865 4507 1056 4590 percipiant
1080 4514 1210 4569 statum
1234 4507 1338 4571 animi

213 4607 285 4688 ejus
315 4625 547 4683 communem,
571 4613 607 4670 et
636 4625 770 4688 quoque
800 4603 934 4686 aliquos
963 4610 1074 4666 status
1102 4602 1337 4684 particulares.

214 4703 318 4785 Quod
349 4704 384 4766 in
412 4701 556 4784 singulis
579 4699 720 4765 vocibus
740 4699 847 4765 Verbi
867 4697 938 4762 ¹²¹sit
962 4697 1149 4781 spirituale,
1174 4699 1265 4782 quod
1284 4713 1337 4763 est
