<?xml version="1.0" encoding="UTF-8"?>
<!DOCTYPE html PUBLIC "-//W3C//DTD XHTML 1.0 Transitional//EN"
    "http://www.w3.org/TR/xhtml1/DTD/xhtml1-transitional.dtd">
<html xmlns="http://www.w3.org/1999/xhtml" xml:lang="en" lang="en">
 <head>
  <title>
</title>
<meta http-equiv="Content-Type" content="text/html;charset=utf-8" />
  <meta name='ocr-system' content='tesseract 3.04.00' />
  <meta name='ocr-capabilities' content='ocr_page ocr_carea ocr_par ocr_line ocrx_word'/>
</head>
<body>
  <div class='ocr_page' id='page_1' title='image "./sapientaangelic01swedgoog_0418.png"; bbox 0 0 3418 5368; ppageno 0'>
   <div class='ocr_carea' id='block_1_1' title="bbox 517 671 1412 760">
    <p class='ocr_par' dir='ltr' id='par_1_1' title="bbox 517 671 1412 760">
     <span class='ocr_line' id='line_1_1' title="bbox 517 671 1412 760; baseline -0.003 -17"><span class='ocrx_word' id='word_1_1' title='bbox 517 689 568 742; x_wconf 81' lang='lat' dir='ltr'><strong>nu</strong></span> <span class='ocrx_word' id='word_1_2' title='bbox 591 685 729 742; x_wconf 76' lang='lat' dir='ltr'><strong>nrvnm</strong></span> <span class='ocrx_word' id='word_1_3' title='bbox 752 681 1110 740; x_wconf 70' lang='lat' dir='ltr'><strong>saonensem-n.</strong></span> <span class='ocrx_word' id='word_1_4' title='bbox 1130 671 1203 737; x_wconf 86' lang='lat'><strong>228.</strong></span> <span class='ocrx_word' id='word_1_5' title='bbox 1349 672 1412 760; x_wconf 85' lang='lat'><strong>169</strong></span> 
     </span>
    </p>
   </div>
   <div class='ocr_carea' id='block_1_2' title="bbox 282 855 1408 1229">
    <p class='ocr_par' dir='ltr' id='par_1_2' title="bbox 282 855 1408 1229">
     <span class='ocr_line' id='line_1_2' title="bbox 282 855 1408 946; baseline -0.001 -21"><span class='ocrx_word' id='word_1_6' title='bbox 282 859 321 927; x_wconf 87' lang='lat' dir='ltr'><strong>fit</strong></span> <span class='ocrx_word' id='word_1_7' title='bbox 344 861 482 946; x_wconf 88' lang='lat' dir='ltr'><strong>spiritus</strong></span> <span class='ocrx_word' id='word_1_8' title='bbox 497 882 557 926; x_wconf 91' lang='lat' dir='ltr'><strong>seu</strong></span> <span class='ocrx_word' id='word_1_9' title='bbox 575 859 680 926; x_wconf 92' lang='lat' dir='ltr'><strong>homo</strong></span> <span class='ocrx_word' id='word_1_10' title='bbox 699 857 896 944; x_wconf 88' lang='lat' dir='ltr'><strong>spiritualis,</strong></span> <span class='ocrx_word' id='word_1_11' title='bbox 914 865 1054 943; x_wconf 87' lang='lat' dir='ltr'><strong>separet</strong></span> <span class='ocrx_word' id='word_1_12' title='bbox 1070 856 1199 923; x_wconf 92' lang='lat' dir='ltr'><strong>bonum</strong></span> <span class='ocrx_word' id='word_1_13' title='bbox 1219 876 1239 922; x_wconf 88' lang='lat' dir='ltr'><strong>a</strong></span> <span class='ocrx_word' id='word_1_14' title='bbox 1257 855 1349 923; x_wconf 89' lang='lat' dir='ltr'><strong>malo</strong></span> <span class='ocrx_word' id='word_1_15' title='bbox 1366 877 1408 924; x_wconf 89' lang='lat' dir='ltr'><strong>ac</strong></span> 
     </span>
     <span class='ocr_line' id='line_1_3' title="bbox 283 951 1408 1037; baseline -0.002 -17"><span class='ocrx_word' id='word_1_16' title='bbox 283 955 410 1020; x_wconf 93' lang='lat' dir='ltr'><strong>malum</strong></span> <span class='ocrx_word' id='word_1_17' title='bbox 434 978 454 1020; x_wconf 94' lang='lat' dir='ltr'><strong>a</strong></span> <span class='ocrx_word' id='word_1_18' title='bbox 477 957 589 1034; x_wconf 90' lang='lat' dir='ltr'><strong>bono;</strong></span> <span class='ocrx_word' id='word_1_19' title='bbox 617 954 745 1019; x_wconf 89' lang='lat' dir='ltr'><strong>bonum</strong></span> <span class='ocrx_word' id='word_1_20' title='bbox 768 977 789 1019; x_wconf 91' lang='lat' dir='ltr'><strong>a</strong></span> <span class='ocrx_word' id='word_1_21' title='bbox 812 955 905 1018; x_wconf 88' lang='lat' dir='ltr'><strong>malo</strong></span> <span class='ocrx_word' id='word_1_22' title='bbox 923 953 1013 1037; x_wconf 92' lang='lat' dir='ltr'><strong>apud</strong></span> <span class='ocrx_word' id='word_1_23' title='bbox 1033 952 1111 1016; x_wconf 88' lang='lat' dir='ltr'><strong>illos</strong></span> <span class='ocrx_word' id='word_1_24' title='bbox 1130 953 1187 1036; x_wconf 90' lang='lat' dir='ltr'><strong>qui</strong></span> <span class='ocrx_word' id='word_1_25' title='bbox 1209 951 1351 1018; x_wconf 88' lang='lat' dir='ltr'><strong>interius</strong></span> <span class='ocrx_word' id='word_1_26' title='bbox 1373 952 1408 1018; x_wconf 91' lang='lat' dir='ltr'><strong>in</strong></span> 
     </span>
     <span class='ocr_line' id='line_1_4' title="bbox 283 1047 1408 1131; baseline -0.002 -16"><span class='ocrx_word' id='word_1_27' title='bbox 283 1051 376 1116; x_wconf 91' lang='lat' dir='ltr'><strong>malo</strong></span> <span class='ocrx_word' id='word_1_28' title='bbox 399 1061 489 1126; x_wconf 92' lang='lat' dir='ltr'><strong>sunt,</strong></span> <span class='ocrx_word' id='word_1_29' title='bbox 509 1072 549 1115; x_wconf 90' lang='lat' dir='ltr'><strong>ac</strong></span> <span class='ocrx_word' id='word_1_30' title='bbox 577 1050 705 1114; x_wconf 89' lang='lat' dir='ltr'><strong>malum</strong></span> <span class='ocrx_word' id='word_1_31' title='bbox 735 1072 756 1113; x_wconf 91' lang='lat' dir='ltr'><strong>a</strong></span> <span class='ocrx_word' id='word_1_32' title='bbox 785 1051 877 1113; x_wconf 93' lang='lat' dir='ltr'><strong>bono</strong></span> <span class='ocrx_word' id='word_1_33' title='bbox 899 1049 990 1131; x_wconf 89' lang='lat' dir='ltr'><strong>apud</strong></span> <span class='ocrx_word' id='word_1_34' title='bbox 1017 1047 1097 1112; x_wconf 93' lang='lat' dir='ltr'><strong>illos</strong></span> <span class='ocrx_word' id='word_1_35' title='bbox 1124 1048 1180 1130; x_wconf 90' lang='lat' dir='ltr'><strong>qui</strong></span> <span class='ocrx_word' id='word_1_36' title='bbox 1201 1048 1344 1113; x_wconf 86' lang='lat' dir='ltr'><strong>interius</strong></span> <span class='ocrx_word' id='word_1_37' title='bbox 1372 1049 1408 1113; x_wconf 90' lang='lat' dir='ltr'><strong>in</strong></span> 
     </span>
     <span class='ocr_line' id='line_1_5' title="bbox 283 1143 1152 1229; baseline -0.003 -20"><span class='ocrx_word' id='word_1_38' title='bbox 283 1146 375 1211; x_wconf 93' lang='lat' dir='ltr'><strong>bono</strong></span> <span class='ocrx_word' id='word_1_39' title='bbox 394 1155 493 1223; x_wconf 87' lang='lat' dir='ltr'><strong>sunt;</strong></span> <span class='ocrx_word' id='word_1_40' title='bbox 517 1146 607 1229; x_wconf 93' lang='lat' dir='ltr'><strong>quod</strong></span> <span class='ocrx_word' id='word_1_41' title='bbox 627 1154 682 1212; x_wconf 89' lang='lat' dir='ltr'><strong>est</strong></span> <span class='ocrx_word' id='word_1_42' title='bbox 700 1145 889 1210; x_wconf 86' lang='lat' dir='ltr'><strong>secundum</strong></span> <span class='ocrx_word' id='word_1_43' title='bbox 909 1144 1020 1226; x_wconf 90' lang='lat' dir='ltr'><strong>Ipsius</strong></span> <span class='ocrx_word' id='word_1_44' title='bbox 1035 1143 1152 1217; x_wconf 93' lang='lat' dir='ltr'><strong>verba,</strong></span> 
     </span>
    </p>
   </div>
   <div class='ocr_carea' id='block_1_3' title="bbox 279 1271 1407 1702">
    <p class='ocr_par' dir='ltr' id='par_1_3' title="bbox 332 1271 1406 1409">
     <span class='ocr_line' id='line_1_6' title="bbox 332 1271 1406 1342; baseline 0 -14"><span class='ocrx_word' id='word_1_45' title='bbox 332 1279 435 1328; x_wconf 86' lang='lat' dir='ltr'><strong>“Omni</strong></span> <span class='ocrx_word' id='word_1_46' title='bbox 453 1279 562 1328; x_wconf 84' lang='lat' dir='ltr'><strong>habenti</strong></span> <span class='ocrx_word' id='word_1_47' title='bbox 580 1280 688 1330; x_wconf 83' lang='lat' dir='ltr'><strong>dabitur</strong></span> <span class='ocrx_word' id='word_1_48' title='bbox 704 1288 734 1328; x_wconf 90' lang='lat' dir='ltr'><strong>ut</strong></span> <span class='ocrx_word' id='word_1_49' title='bbox 747 1279 882 1341; x_wconf 83' lang='lat' dir='ltr'><strong>abundet;</strong></span> <span class='ocrx_word' id='word_1_50' title='bbox 906 1287 935 1328; x_wconf 87' lang='lat' dir='ltr'><strong>et</strong></span> <span class='ocrx_word' id='word_1_51' title='bbox 951 1279 986 1326; x_wconf 83' lang='lat' dir='ltr'><strong>ab</strong></span> <span class='ocrx_word' id='word_1_52' title='bbox 1004 1292 1037 1326; x_wconf 87' lang='lat' dir='ltr'><strong>eo</strong></span> <span class='ocrx_word' id='word_1_53' title='bbox 1055 1277 1101 1341; x_wconf 92' lang='lat' dir='ltr'><strong>qui</strong></span> <span class='ocrx_word' id='word_1_54' title='bbox 1120 1271 1201 1342; x_wconf 90' lang='lat' dir='ltr'><strong>[non]</strong></span> <span class='ocrx_word' id='word_1_55' title='bbox 1220 1277 1308 1336; x_wconf 85' lang='lat' dir='ltr'><strong>habet,</strong></span> <span class='ocrx_word' id='word_1_56' title='bbox 1323 1277 1406 1328; x_wconf 85' lang='lat' dir='ltr'><strong>etiam</strong></span> 
     </span>
     <span class='ocr_line' id='line_1_7' title="bbox 414 1342 1406 1409; baseline -0.002 -15"><span class='ocrx_word' id='word_1_57' title='bbox 414 1345 484 1409; x_wconf 87' lang='lat' dir='ltr'><strong>quod</strong></span> <span class='ocrx_word' id='word_1_58' title='bbox 508 1345 587 1394; x_wconf 88' lang='lat' dir='ltr'><strong>habet</strong></span> <span class='ocrx_word' id='word_1_59' title='bbox 604 1345 740 1395; x_wconf 84' lang='lat' dir='ltr'><strong>auferetur</strong></span> <span class='ocrx_word' id='word_1_60' title='bbox 748 1343 762 1365; x_wconf 84' lang='lat'><strong>&#39;&#39;</strong></span> <span class='ocrx_word' id='word_1_61' title='bbox 780 1343 887 1406; x_wconf 67' lang='lat' dir='ltr'><strong>(Matri,</strong></span> <span class='ocrx_word' id='word_1_62' title='bbox 905 1344 959 1394; x_wconf 84' lang='lat' dir='ltr'><strong>xiii.</strong></span> <span class='ocrx_word' id='word_1_63' title='bbox 980 1355 1028 1401; x_wconf 83' lang='lat'><strong>12;</strong></span> <span class='ocrx_word' id='word_1_64' title='bbox 1051 1357 1112 1392; x_wconf 78' lang='lat' dir='ltr'>xxv.</span> <span class='ocrx_word' id='word_1_65' title='bbox 1129 1353 1176 1405; x_wconf 78' lang='lat'><strong>29;</strong></span> <span class='ocrx_word' id='word_1_66' title='bbox 1202 1342 1288 1392; x_wconf 84' lang='lat' dir='ltr'><strong>Marc.</strong></span> <span class='ocrx_word' id='word_1_67' title='bbox 1309 1342 1344 1392; x_wconf 83' lang='lat' dir='ltr'><strong>iv.</strong></span> <span class='ocrx_word' id='word_1_68' title='bbox 1359 1353 1406 1404; x_wconf 78' lang='lat'><strong>253</strong></span> 
     </span>
    </p>

    <p class='ocr_par' dir='ltr' id='par_1_4' title="bbox 279 1409 1407 1702">
     <span class='ocr_line' id='line_1_8' title="bbox 414 1409 739 1472; baseline 0.003 -13"><span class='ocrx_word' id='word_1_69' title='bbox 414 1409 476 1460; x_wconf 83' lang='lat' dir='ltr'><strong>Luc.</strong></span> <span class='ocrx_word' id='word_1_70' title='bbox 489 1410 544 1460; x_wconf 79' lang='lat' dir='ltr'><strong>viii.</strong></span> <span class='ocrx_word' id='word_1_71' title='bbox 558 1411 588 1460; x_wconf 85' lang='lat'><strong>18</strong></span> <span class='ocrx_word' id='word_1_72' title='bbox 600 1425 605 1470; x_wconf 88' lang='lat'><strong>;</strong></span> <span class='ocrx_word' id='word_1_73' title='bbox 624 1411 677 1460; x_wconf 62' lang='lat' dir='ltr'><strong>xix„</strong></span> <span class='ocrx_word' id='word_1_74' title='bbox 691 1411 739 1472; x_wconf 82' lang='lat'><strong>26).</strong></span> 
     </span>
     <span class='ocr_line' id='line_1_9' title="bbox 283 1520 1407 1606; baseline -0.001 -17"><span class='ocrx_word' id='word_1_75' title='bbox 283 1529 341 1591; x_wconf 64' lang='lat' dir='ltr'><strong>lm]</strong></span> <span class='ocrx_word' id='word_1_76' title='bbox 373 1521 526 1606; x_wconf 89' lang='lat' dir='ltr'><strong>Quinto:</strong></span> <span class='ocrx_word' id='word_1_77' title='bbox 564 1522 651 1602; x_wconf 79' lang='lat' dir='ltr'><strong>Quia</strong></span> <span class='ocrx_word' id='word_1_78' title='bbox 677 1522 794 1587; x_wconf 85' lang='lat' dir='ltr'><strong>bonum</strong></span> <span class='ocrx_word' id='word_1_79' title='bbox 822 1532 856 1586; x_wconf 82' lang='lat' dir='ltr'><strong>et</strong></span> <span class='ocrx_word' id='word_1_80' title='bbox 883 1521 1009 1586; x_wconf 87' lang='lat' dir='ltr'><strong>malum</strong></span> <span class='ocrx_word' id='word_1_81' title='bbox 1038 1520 1134 1603; x_wconf 85' lang='lat' dir='ltr'><strong>apud</strong></span> <span class='ocrx_word' id='word_1_82' title='bbox 1156 1522 1407 1604; x_wconf 81' lang='lat' dir='ltr'><strong>unumquemvr&#39;s</strong></span> 
     </span>
     <span class='ocr_line' id='line_1_10' title="bbox 279 1615 1405 1702; baseline 0 -21"><span class='ocrx_word' id='word_1_83' title='bbox 279 1615 444 1682; x_wconf 78' lang='lat' dir='ltr'><strong>hominem</strong></span> <span class='ocrx_word' id='word_1_84' title='bbox 466 1620 657 1702; x_wconf 83' lang='lat' dir='ltr'><strong>separanda</strong></span> <span class='ocrx_word' id='word_1_85' title='bbox 674 1628 762 1693; x_wconf 85' lang='lat' dir='ltr'><strong>sunt,</strong></span> <span class='ocrx_word' id='word_1_86' title='bbox 781 1627 814 1681; x_wconf 84' lang='lat' dir='ltr'><strong>et</strong></span> <span class='ocrx_word' id='word_1_87' title='bbox 830 1617 926 1699; x_wconf 82' lang='lat' dir='ltr'><strong>apud</strong></span> <span class='ocrx_word' id='word_1_88' title='bbox 939 1616 1040 1681; x_wconf 84' lang='lat' dir='ltr'><strong>talem</strong></span> <span class='ocrx_word' id='word_1_89' title='bbox 1057 1615 1220 1698; x_wconf 82' lang='lat' dir='ltr'><strong>separari</strong></span> <span class='ocrx_word' id='word_1_90' title='bbox 1234 1628 1405 1699; x_wconf 84' lang='lat' dir='ltr'><strong>nequeunt,</strong></span> 
     </span>
    </p>
   </div>
   <div class='ocr_carea' id='block_1_4' title="bbox 280 1711 1407 1796">
    <p class='ocr_par' dir='ltr' id='par_1_5' title="bbox 280 1711 1407 1796">
     <span class='ocr_line' id='line_1_11' title="bbox 280 1711 1407 1796; baseline 0.002 -20"><span class='ocrx_word' id='word_1_91' title='bbox 280 1712 373 1796; x_wconf 85' lang='lat' dir='ltr'><strong>quod</strong></span> <span class='ocrx_word' id='word_1_92' title='bbox 397 1712 469 1777; x_wconf 80' lang='lat' dir='ltr'><strong>ideo</strong></span> <span class='ocrx_word' id='word_1_93' title='bbox 497 1713 611 1796; x_wconf 81' lang='lat' dir='ltr'><strong>quoad</strong></span> <span class='ocrx_word' id='word_1_94' title='bbox 636 1733 731 1777; x_wconf 83' lang='lat' dir='ltr'><strong>omne</strong></span> <span class='ocrx_word' id='word_1_95' title='bbox 759 1732 836 1776; x_wconf 82' lang='lat' dir='ltr'><strong>vere</strong></span> <span class='ocrx_word' id='word_1_96' title='bbox 855 1711 1038 1774; x_wconf 80' lang='lat' dir='ltr'><strong>humanum</strong></span> <span class='ocrx_word' id='word_1_97' title='bbox 1061 1711 1407 1778; x_wconf 53' lang='lat' dir='ltr'><strong>dramatum-Vere</strong></span> 
     </span>
    </p>
   </div>
   <div class='ocr_carea' id='block_1_5' title="bbox 162 1805 1406 1890">
    <p class='ocr_par' dir='ltr' id='par_1_6' title="bbox 162 1805 1406 1890">
     <span class='ocr_line' id='line_1_12' title="bbox 162 1805 1406 1890; baseline -0.002 -14"><span class='ocrx_word' id='word_1_98' title='bbox 162 1871 167 1876; x_wconf 86' lang='lat'>.</span> <span class='ocrx_word' id='word_1_99' title='bbox 281 1807 468 1873; x_wconf 90' lang='lat' dir='ltr'><strong>humanum</strong></span> <span class='ocrx_word' id='word_1_100' title='bbox 483 1819 538 1874; x_wconf 89' lang='lat' dir='ltr'><strong>est</strong></span> <span class='ocrx_word' id='word_1_101' title='bbox 554 1808 659 1873; x_wconf 89' lang='lat' dir='ltr'><strong>cuivis</strong></span> <span class='ocrx_word' id='word_1_102' title='bbox 674 1830 720 1873; x_wconf 86' lang='lat' dir='ltr'><strong>ex</strong></span> <span class='ocrx_word' id='word_1_103' title='bbox 736 1805 983 1882; x_wconf 83' lang='lat' dir='ltr'><strong>rationalitate,</strong></span> <span class='ocrx_word' id='word_1_104' title='bbox 1000 1807 1093 1890; x_wconf 91' lang='lat' dir='ltr'><strong>quod</strong></span> <span class='ocrx_word' id='word_1_105' title='bbox 1109 1806 1219 1890; x_wconf 88' lang='lat' dir='ltr'>possit</span> <span class='ocrx_word' id='word_1_106' title='bbox 1236 1807 1351 1872; x_wconf 89' lang='lat' dir='ltr'><strong>videre</strong></span> <span class='ocrx_word' id='word_1_107' title='bbox 1369 1816 1406 1873; x_wconf 89' lang='lat' dir='ltr'><strong>et</strong></span> 
     </span>
    </p>
   </div>
   <div class='ocr_carea' id='block_1_6' title="bbox 276 1901 1408 4758">
    <p class='ocr_par' dir='ltr' id='par_1_7' title="bbox 279 1901 1408 3322">
     <span class='ocr_line' id='line_1_13' title="bbox 279 1901 1406 1988; baseline 0.002 -22"><span class='ocrx_word' id='word_1_108' title='bbox 279 1905 378 1980; x_wconf 90' lang='lat' dir='ltr'><strong>scire,</strong></span> <span class='ocrx_word' id='word_1_109' title='bbox 399 1905 427 1968; x_wconf 90' lang='lat' dir='ltr'><strong>si</strong></span> <span class='ocrx_word' id='word_1_110' title='bbox 445 1904 530 1979; x_wconf 91' lang='lat' dir='ltr'><strong>vult,</strong></span> <span class='ocrx_word' id='word_1_111' title='bbox 550 1904 630 1988; x_wconf 93' lang='lat' dir='ltr'><strong>quid</strong></span> <span class='ocrx_word' id='word_1_112' title='bbox 649 1923 769 1968; x_wconf 89' lang='lat' dir='ltr'><strong>verum</strong></span> <span class='ocrx_word' id='word_1_113' title='bbox 788 1911 824 1967; x_wconf 89' lang='lat' dir='ltr'><strong>et</strong></span> <span class='ocrx_word' id='word_1_114' title='bbox 843 1903 924 1987; x_wconf 91' lang='lat' dir='ltr'><strong>quid</strong></span> <span class='ocrx_word' id='word_1_115' title='bbox 943 1902 1083 1978; x_wconf 92' lang='lat' dir='ltr'><strong>bonum,</strong></span> <span class='ocrx_word' id='word_1_116' title='bbox 1103 1912 1141 1969; x_wconf 90' lang='lat' dir='ltr'><strong>et</strong></span> <span class='ocrx_word' id='word_1_117' title='bbox 1159 1924 1295 1988; x_wconf 90' lang='lat' dir='ltr'><strong>quoque</strong></span> <span class='ocrx_word' id='word_1_118' title='bbox 1314 1901 1406 1987; x_wconf 90' lang='lat' dir='ltr'><strong>quod</strong></span> 
     </span>
     <span class='ocr_line' id='line_1_14' title="bbox 282 1995 1408 2082; baseline 0 -19"><span class='ocrx_word' id='word_1_119' title='bbox 282 2000 392 2081; x_wconf 88' lang='lat' dir='ltr'>possit</span> <span class='ocrx_word' id='word_1_120' title='bbox 415 2021 461 2064; x_wconf 87' lang='lat' dir='ltr'><strong>ex</strong></span> <span class='ocrx_word' id='word_1_121' title='bbox 484 1998 647 2064; x_wconf 85' lang='lat' dir='ltr'><strong>libertate</strong></span> <span class='ocrx_word' id='word_1_122' title='bbox 669 1997 770 2074; x_wconf 88' lang='lat' dir='ltr'><strong>velle,</strong></span> <span class='ocrx_word' id='word_1_123' title='bbox 794 1998 961 2080; x_wconf 89' lang='lat' dir='ltr'><strong>cogitare,</strong></span> <span class='ocrx_word' id='word_1_124' title='bbox 986 1995 1080 2082; x_wconf 92' lang='lat' dir='ltr'><strong>loqui</strong></span> <span class='ocrx_word' id='word_1_125' title='bbox 1102 2008 1139 2063; x_wconf 90' lang='lat' dir='ltr'><strong>et</strong></span> <span class='ocrx_word' id='word_1_126' title='bbox 1166 1998 1278 2064; x_wconf 89' lang='lat' dir='ltr'><strong>facere</strong></span> <span class='ocrx_word' id='word_1_127' title='bbox 1300 1999 1346 2075; x_wconf 91' lang='lat' dir='ltr'><strong>id,</strong></span> <span class='ocrx_word' id='word_1_128' title='bbox 1371 2007 1408 2063; x_wconf 92' lang='lat' dir='ltr'><strong>ut</strong></span> 
     </span>
     <span class='ocr_line' id='line_1_15' title="bbox 281 2091 1407 2176; baseline 0.001 -19"><span class='ocrx_word' id='word_1_129' title='bbox 281 2095 373 2176; x_wconf 90' lang='lat' dir='ltr'><strong>prius</strong></span> <span class='ocrx_word' id='word_1_130' title='bbox 391 2103 568 2159; x_wconf 90' lang='lat' dir='ltr'><strong>ostensum</strong></span> <span class='ocrx_word' id='word_1_131' title='bbox 587 2103 652 2159; x_wconf 91' lang='lat' dir='ltr'><strong>est.</strong></span> <span class='ocrx_word' id='word_1_132' title='bbox 692 2091 760 2158; x_wconf 87' lang='lat' dir='ltr'><strong>Sed</strong></span> <span class='ocrx_word' id='word_1_133' title='bbox 782 2092 869 2158; x_wconf 90' lang='lat' dir='ltr'><strong>haec</strong></span> <span class='ocrx_word' id='word_1_134' title='bbox 889 2093 1032 2157; x_wconf 88' lang='lat' dir='ltr'><strong>libertas</strong></span> <span class='ocrx_word' id='word_1_135' title='bbox 1051 2113 1129 2158; x_wconf 86' lang='lat' dir='ltr'><strong>cum</strong></span> <span class='ocrx_word' id='word_1_136' title='bbox 1149 2115 1210 2158; x_wconf 88' lang='lat' dir='ltr'><strong>sua</strong></span> <span class='ocrx_word' id='word_1_137' title='bbox 1228 2093 1407 2159; x_wconf 87' lang='lat' dir='ltr'><strong>rationali-</strong></span> 
     </span>
     <span class='ocr_line' id='line_1_16' title="bbox 282 2185 1407 2272; baseline 0.001 -19"><span class='ocrx_word' id='word_1_138' title='bbox 282 2197 357 2254; x_wconf 84' lang='lat' dir='ltr'><strong>tate</strong></span> <span class='ocrx_word' id='word_1_139' title='bbox 373 2185 548 2253; x_wconf 67' lang='lat' dir='ltr'><strong>destructa</strong></span> <span class='ocrx_word' id='word_1_140' title='bbox 566 2199 620 2253; x_wconf 91' lang='lat' dir='ltr'><strong>est</strong></span> <span class='ocrx_word' id='word_1_141' title='bbox 643 2189 733 2272; x_wconf 91' lang='lat' dir='ltr'><strong>apud</strong></span> <span class='ocrx_word' id='word_1_142' title='bbox 753 2189 842 2264; x_wconf 89' lang='lat' dir='ltr'><strong>illos,</strong></span> <span class='ocrx_word' id='word_1_143' title='bbox 861 2189 919 2272; x_wconf 91' lang='lat' dir='ltr'><strong>qui</strong></span> <span class='ocrx_word' id='word_1_144' title='bbox 942 2189 1033 2271; x_wconf 90' lang='lat' dir='ltr'><strong>apud</strong></span> <span class='ocrx_word' id='word_1_145' title='bbox 1056 2209 1094 2254; x_wconf 90' lang='lat' dir='ltr'><strong>se</strong></span> <span class='ocrx_word' id='word_1_146' title='bbox 1116 2191 1407 2255; x_wconf 88' lang='lat' dir='ltr'><strong>commiscuerunt</strong></span> 
     </span>
     <span class='ocr_line' id='line_1_17' title="bbox 282 2283 1407 2367; baseline 0.002 -20"><span class='ocrx_word' id='word_1_147' title='bbox 282 2283 409 2348; x_wconf 92' lang='lat' dir='ltr'><strong>bonum</strong></span> <span class='ocrx_word' id='word_1_148' title='bbox 432 2294 468 2348; x_wconf 90' lang='lat' dir='ltr'><strong>et</strong></span> <span class='ocrx_word' id='word_1_149' title='bbox 495 2283 634 2360; x_wconf 89' lang='lat' dir='ltr'><strong>malurn,</strong></span> <span class='ocrx_word' id='word_1_150' title='bbox 659 2303 738 2348; x_wconf 89' lang='lat' dir='ltr'><strong>nam</strong></span> <span class='ocrx_word' id='word_1_151' title='bbox 762 2283 811 2347; x_wconf 93' lang='lat' dir='ltr'><strong>illi</strong></span> <span class='ocrx_word' id='word_1_152' title='bbox 834 2303 904 2347; x_wconf 92' lang='lat' dir='ltr'><strong>non</strong></span> <span class='ocrx_word' id='word_1_153' title='bbox 928 2292 1074 2367; x_wconf 85' lang='lat' dir='ltr'><strong>possunt</strong></span> <span class='ocrx_word' id='word_1_154' title='bbox 1101 2306 1148 2349; x_wconf 88' lang='lat' dir='ltr'><strong>ex</strong></span> <span class='ocrx_word' id='word_1_155' title='bbox 1174 2283 1268 2348; x_wconf 91' lang='lat' dir='ltr'><strong>bono</strong></span> <span class='ocrx_word' id='word_1_156' title='bbox 1290 2285 1407 2350; x_wconf 90' lang='lat' dir='ltr'><strong>videre</strong></span> 
     </span>
     <span class='ocr_line' id='line_1_18' title="bbox 282 2379 1406 2461; baseline 0.003 -19"><span class='ocrx_word' id='word_1_157' title='bbox 282 2380 422 2455; x_wconf 90' lang='lat' dir='ltr'><strong>malum,</strong></span> <span class='ocrx_word' id='word_1_158' title='bbox 441 2399 505 2443; x_wconf 91' lang='lat' dir='ltr'><strong>nec</strong></span> <span class='ocrx_word' id='word_1_159' title='bbox 524 2400 571 2444; x_wconf 85' lang='lat' dir='ltr'><strong>ex</strong></span> <span class='ocrx_word' id='word_1_160' title='bbox 589 2379 681 2444; x_wconf 90' lang='lat' dir='ltr'><strong>malo</strong></span> <span class='ocrx_word' id='word_1_161' title='bbox 699 2398 911 2461; x_wconf 86' lang='lat' dir='ltr'>cognoscere</span> <span class='ocrx_word' id='word_1_162' title='bbox 931 2381 1070 2455; x_wconf 91' lang='lat' dir='ltr'><strong>bonurn,</strong></span> <span class='ocrx_word' id='word_1_163' title='bbox 1090 2399 1195 2443; x_wconf 90' lang='lat' dir='ltr'><strong>unum</strong></span> <span class='ocrx_word' id='word_1_164' title='bbox 1213 2381 1305 2445; x_wconf 91' lang='lat' dir='ltr'><strong>enim</strong></span> <span class='ocrx_word' id='word_1_165' title='bbox 1322 2380 1406 2445; x_wconf 89' lang='lat' dir='ltr'><strong>faci·</strong></span> 
     </span>
     <span class='ocr_line' id='line_1_19' title="bbox 282 2475 1408 2561; baseline 0.002 -21"><span class='ocrx_word' id='word_1_166' title='bbox 282 2485 364 2555; x_wconf 89' lang='lat' dir='ltr'><strong>unt;</strong></span> <span class='ocrx_word' id='word_1_167' title='bbox 388 2477 467 2542; x_wconf 86' lang='lat' dir='ltr'><strong>inde</strong></span> <span class='ocrx_word' id='word_1_168' title='bbox 482 2475 550 2541; x_wconf 90' lang='lat' dir='ltr'><strong>illis</strong></span> <span class='ocrx_word' id='word_1_169' title='bbox 566 2497 635 2540; x_wconf 93' lang='lat' dir='ltr'><strong>non</strong></span> <span class='ocrx_word' id='word_1_170' title='bbox 651 2475 870 2541; x_wconf 90' lang='lat' dir='ltr'><strong>rationalitas</strong></span> <span class='ocrx_word' id='word_1_171' title='bbox 884 2476 920 2540; x_wconf 93' lang='lat' dir='ltr'><strong>in</strong></span> <span class='ocrx_word' id='word_1_172' title='bbox 936 2475 1103 2540; x_wconf 80' lang='lat' dir='ltr'><strong>facultate</strong></span> <span class='ocrx_word' id='word_1_173' title='bbox 1117 2497 1178 2541; x_wconf 88' lang='lat' dir='ltr'><strong>seu</strong></span> <span class='ocrx_word' id='word_1_174' title='bbox 1196 2477 1230 2541; x_wconf 93' lang='lat' dir='ltr'><strong>in</strong></span> <span class='ocrx_word' id='word_1_175' title='bbox 1248 2479 1408 2561; x_wconf 90' lang='lat' dir='ltr'><strong>potentia</strong></span> 
     </span>
     <span class='ocr_line' id='line_1_20' title="bbox 281 2570 1406 2656; baseline 0.004 -22"><span class='ocrx_word' id='word_1_176' title='bbox 281 2580 337 2634; x_wconf 88' lang='lat' dir='ltr'><strong>est</strong></span> <span class='ocrx_word' id='word_1_177' title='bbox 359 2571 516 2654; x_wconf 89' lang='lat' dir='ltr'><strong>amplius,</strong></span> <span class='ocrx_word' id='word_1_178' title='bbox 536 2581 572 2635; x_wconf 92' lang='lat' dir='ltr'><strong>et</strong></span> <span class='ocrx_word' id='word_1_179' title='bbox 595 2572 675 2636; x_wconf 89' lang='lat' dir='ltr'><strong>inde</strong></span> <span class='ocrx_word' id='word_1_180' title='bbox 698 2591 761 2635; x_wconf 93' lang='lat' dir='ltr'><strong>nec</strong></span> <span class='ocrx_word' id='word_1_181' title='bbox 784 2571 899 2655; x_wconf 89' lang='lat' dir='ltr'><strong>aliqua</strong></span> <span class='ocrx_word' id='word_1_182' title='bbox 918 2570 1079 2636; x_wconf 87' lang='lat' dir='ltr'><strong>libertas:</strong></span> <span class='ocrx_word' id='word_1_183' title='bbox 1107 2592 1195 2656; x_wconf 90' lang='lat' dir='ltr'><strong>quae</strong></span> <span class='ocrx_word' id='word_1_184' title='bbox 1212 2592 1317 2638; x_wconf 89' lang='lat' dir='ltr'><strong>causa</strong></span> <span class='ocrx_word' id='word_1_185' title='bbox 1339 2584 1406 2650; x_wconf 89' lang='lat' dir='ltr'><strong>est,</strong></span> 
     </span>
     <span class='ocr_line' id='line_1_21' title="bbox 282 2666 1406 2752; baseline 0.004 -24"><span class='ocrx_word' id='word_1_186' title='bbox 282 2666 374 2748; x_wconf 92' lang='lat' dir='ltr'><strong>quod</strong></span> <span class='ocrx_word' id='word_1_187' title='bbox 392 2667 461 2730; x_wconf 92' lang='lat' dir='ltr'><strong>sint</strong></span> <span class='ocrx_word' id='word_1_188' title='bbox 479 2667 568 2732; x_wconf 90' lang='lat' dir='ltr'><strong>sicut</strong></span> <span class='ocrx_word' id='word_1_189' title='bbox 591 2685 683 2731; x_wconf 91' lang='lat' dir='ltr'><strong>mere</strong></span> <span class='ocrx_word' id='word_1_190' title='bbox 706 2666 828 2730; x_wconf 89' lang='lat' dir='ltr'><strong>deliria</strong></span> <span class='ocrx_word' id='word_1_191' title='bbox 846 2666 1080 2749; x_wconf 90' lang='lat' dir='ltr'><strong>phantastica,</strong></span> <span class='ocrx_word' id='word_1_192' title='bbox 1100 2677 1137 2731; x_wconf 92' lang='lat' dir='ltr'><strong>ut</strong></span> <span class='ocrx_word' id='word_1_193' title='bbox 1159 2666 1406 2752; x_wconf 74' lang='lat' dir='ltr'><strong>supradictum</strong></span> 
     </span>
     <span class='ocr_line' id='line_1_22' title="bbox 281 2762 1408 2850; baseline 0.005 -26"><span class='ocrx_word' id='word_1_194' title='bbox 281 2771 347 2837; x_wconf 90' lang='lat' dir='ltr'><strong>est,</strong></span> <span class='ocrx_word' id='word_1_195' title='bbox 363 2771 400 2825; x_wconf 89' lang='lat' dir='ltr'><strong>et</strong></span> <span class='ocrx_word' id='word_1_196' title='bbox 417 2782 485 2825; x_wconf 94' lang='lat' dir='ltr'><strong>non</strong></span> <span class='ocrx_word' id='word_1_197' title='bbox 502 2762 613 2844; x_wconf 90' lang='lat' dir='ltr'><strong>magis</strong></span> <span class='ocrx_word' id='word_1_198' title='bbox 628 2771 817 2846; x_wconf 86' lang='lat' dir='ltr'><strong>appareant</strong></span> <span class='ocrx_word' id='word_1_199' title='bbox 833 2771 871 2826; x_wconf 94' lang='lat' dir='ltr'><strong>ut</strong></span> <span class='ocrx_word' id='word_1_200' title='bbox 885 2762 1054 2839; x_wconf 90' lang='lat' dir='ltr'><strong>homines,</strong></span> <span class='ocrx_word' id='word_1_201' title='bbox 1068 2764 1129 2827; x_wconf 90' lang='lat' dir='ltr'><strong>sed</strong></span> <span class='ocrx_word' id='word_1_202' title='bbox 1146 2773 1184 2829; x_wconf 91' lang='lat' dir='ltr'><strong>ut</strong></span> <span class='ocrx_word' id='word_1_203' title='bbox 1200 2784 1279 2829; x_wconf 91' lang='lat' dir='ltr'><strong>ossa</strong></span> <span class='ocrx_word' id='word_1_204' title='bbox 1293 2764 1408 2850; x_wconf 92' lang='lat' dir='ltr'><strong>aliqua</strong></span> 
     </span>
     <span class='ocr_line' id='line_1_23' title="bbox 282 2854 1406 2936; baseline 0.005 -16"><span class='ocrx_word' id='word_1_205' title='bbox 282 2866 362 2921; x_wconf 90' lang='lat' dir='ltr'><strong>cute</strong></span> <span class='ocrx_word' id='word_1_206' title='bbox 381 2854 551 2935; x_wconf 75' lang='lat' dir='ltr'><strong>obdufta3</strong></span> <span class='ocrx_word' id='word_1_207' title='bbox 578 2866 614 2922; x_wconf 87' lang='lat' dir='ltr'><strong>et</strong></span> <span class='ocrx_word' id='word_1_208' title='bbox 637 2859 717 2923; x_wconf 89' lang='lat' dir='ltr'><strong>inde</strong></span> <span class='ocrx_word' id='word_1_209' title='bbox 735 2876 814 2922; x_wconf 93' lang='lat' dir='ltr'><strong>cum</strong></span> <span class='ocrx_word' id='word_1_210' title='bbox 833 2859 1063 2936; x_wconf 84' lang='lat' dir='ltr'><strong>nominantur,</strong></span> <span class='ocrx_word' id='word_1_211' title='bbox 1084 2880 1153 2924; x_wconf 93' lang='lat' dir='ltr'><strong>non</strong></span> <span class='ocrx_word' id='word_1_212' title='bbox 1172 2861 1330 2926; x_wconf 91' lang='lat' dir='ltr'><strong>dicuntur</strong></span> <span class='ocrx_word' id='word_1_213' title='bbox 1347 2861 1406 2926; x_wconf 88' lang='lat' dir='ltr'><strong>ille</strong></span> 
     </span>
     <span class='ocr_line' id='line_1_24' title="bbox 280 2951 1407 3039; baseline 0.008 -25"><span class='ocrx_word' id='word_1_214' title='bbox 280 2961 341 3015; x_wconf 85' lang='lat' dir='ltr'><strong>aut</strong></span> <span class='ocrx_word' id='word_1_215' title='bbox 371 2951 442 3024; x_wconf 92' lang='lat' dir='ltr'><strong>illa,</strong></span> <span class='ocrx_word' id='word_1_216' title='bbox 471 2953 531 3017; x_wconf 90' lang='lat' dir='ltr'><strong>sed</strong></span> <span class='ocrx_word' id='word_1_217' title='bbox 562 2952 657 3018; x_wconf 89' lang='lat' dir='ltr'><strong>illud.</strong></span> <span class='ocrx_word' id='word_1_218' title='bbox 710 2953 807 3019; x_wconf 87' lang='lat' dir='ltr'><strong>Talis</strong></span> <span class='ocrx_word' id='word_1_219' title='bbox 833 2975 908 3018; x_wconf 91' lang='lat' dir='ltr'><strong>sors</strong></span> <span class='ocrx_word' id='word_1_220' title='bbox 935 2962 988 3018; x_wconf 90' lang='lat' dir='ltr'><strong>est</strong></span> <span class='ocrx_word' id='word_1_221' title='bbox 1014 2953 1093 3031; x_wconf 91' lang='lat' dir='ltr'><strong>illis,</strong></span> <span class='ocrx_word' id='word_1_222' title='bbox 1118 2957 1175 3039; x_wconf 93' lang='lat' dir='ltr'><strong>qui</strong></span> <span class='ocrx_word' id='word_1_223' title='bbox 1204 2955 1271 3021; x_wconf 89' lang='lat' dir='ltr'><strong>hoc</strong></span> <span class='ocrx_word' id='word_1_224' title='bbox 1302 2957 1407 3023; x_wconf 92' lang='lat' dir='ltr'><strong>modo</strong></span> 
     </span>
     <span class='ocr_line' id='line_1_25' title="bbox 281 3045 1406 3134; baseline 0.006 -24"><span class='ocrx_word' id='word_1_225' title='bbox 281 3049 509 3112; x_wconf 85' lang='lat' dir='ltr'><strong>commiscent</strong></span> <span class='ocrx_word' id='word_1_226' title='bbox 528 3045 649 3113; x_wconf 72' lang='lat' dir='ltr'><strong>sancta</strong></span> <span class='ocrx_word' id='word_1_227' title='bbox 666 3050 826 3133; x_wconf 83' lang='lat' dir='ltr'><strong>profanis.</strong></span> <span class='ocrx_word' id='word_1_228' title='bbox 872 3048 924 3114; x_wconf 85' lang='lat' dir='ltr'><strong>At</strong></span> <span class='ocrx_word' id='word_1_229' title='bbox 943 3058 1025 3114; x_wconf 92' lang='lat' dir='ltr'><strong>sunt</strong></span> <span class='ocrx_word' id='word_1_230' title='bbox 1044 3049 1141 3133; x_wconf 92' lang='lat' dir='ltr'><strong>plura</strong></span> <span class='ocrx_word' id='word_1_231' title='bbox 1158 3051 1406 3134; x_wconf 84' lang='lat' dir='ltr'><strong>profanationis</strong></span> 
     </span>
     <span class='ocr_line' id='line_1_26' title="bbox 280 3142 1406 3227; baseline 0.006 -22"><span class='ocrx_word' id='word_1_232' title='bbox 280 3161 420 3224; x_wconf 85' lang='lat' dir='ltr'><strong>genera,</strong></span> <span class='ocrx_word' id='word_1_233' title='bbox 444 3163 532 3226; x_wconf 89' lang='lat' dir='ltr'><strong>quae</strong></span> <span class='ocrx_word' id='word_1_234' title='bbox 554 3163 662 3227; x_wconf 89' lang='lat' dir='ltr'><strong>usque</strong></span> <span class='ocrx_word' id='word_1_235' title='bbox 685 3164 754 3208; x_wconf 92' lang='lat' dir='ltr'><strong>non</strong></span> <span class='ocrx_word' id='word_1_236' title='bbox 777 3142 862 3208; x_wconf 89' lang='lat' dir='ltr'><strong>talia</strong></span> <span class='ocrx_word' id='word_1_237' title='bbox 884 3152 985 3223; x_wconf 89' lang='lat' dir='ltr'><strong>sunt;</strong></span> <span class='ocrx_word' id='word_1_238' title='bbox 1019 3143 1063 3209; x_wconf 90' lang='lat' dir='ltr'><strong>de</strong></span> <span class='ocrx_word' id='word_1_239' title='bbox 1085 3145 1207 3226; x_wconf 90' lang='lat' dir='ltr'><strong>quibus</strong></span> <span class='ocrx_word' id='word_1_240' title='bbox 1229 3147 1263 3210; x_wconf 93' lang='lat' dir='ltr'><strong>in</strong></span> <span class='ocrx_word' id='word_1_241' title='bbox 1286 3148 1406 3212; x_wconf 90' lang='lat' dir='ltr'><strong>subse·</strong></span> 
     </span>
     <span class='ocr_line' id='line_1_27' title="bbox 280 3236 576 3322; baseline 0 -20"><span class='ocrx_word' id='word_1_242' title='bbox 280 3240 400 3322; x_wconf 87' lang='lat' dir='ltr'><strong>quenti</strong></span> <span class='ocrx_word' id='word_1_243' title='bbox 419 3236 576 3302; x_wconf 90' lang='lat' dir='ltr'><strong>articulo.</strong></span> 
     </span>
    </p>

    <p class='ocr_par' dir='ltr' id='par_1_8' title="bbox 276 3331 1408 4758">
     <span class='ocr_line' id='line_1_28' title="bbox 345 3331 1406 3420; baseline 0.005 -21"><span class='ocrx_word' id='word_1_244' title='bbox 345 3333 439 3400; x_wconf 76' lang='lat'><strong>2²8.</strong></span> <span class='ocrx_word' id='word_1_245' title='bbox 473 3332 597 3397; x_wconf 90' lang='lat' dir='ltr'><strong>Nullus</strong></span> <span class='ocrx_word' id='word_1_246' title='bbox 618 3333 724 3398; x_wconf 91' lang='lat' dir='ltr'><strong>homo</strong></span> <span class='ocrx_word' id='word_1_247' title='bbox 752 3334 803 3398; x_wconf 91' lang='lat' dir='ltr'><strong>ita</strong></span> <span class='ocrx_word' id='word_1_248' title='bbox 824 3334 981 3417; x_wconf 89' lang='lat' dir='ltr'><strong>profanat</strong></span> <span class='ocrx_word' id='word_1_249' title='bbox 1004 3331 1136 3412; x_wconf 76' lang='lat' dir='ltr'><strong>sanna,</strong></span> <span class='ocrx_word' id='word_1_250' title='bbox 1160 3335 1217 3420; x_wconf 88' lang='lat' dir='ltr'><strong>qui</strong></span> <span class='ocrx_word' id='word_1_251' title='bbox 1246 3356 1316 3403; x_wconf 92' lang='lat' dir='ltr'><strong>non</strong></span> <span class='ocrx_word' id='word_1_252' title='bbox 1339 3340 1406 3404; x_wconf 91' lang='lat' dir='ltr'><strong>scit</strong></span> 
     </span>
     <span class='ocr_line' id='line_1_29' title="bbox 279 3427 1407 3512; baseline 0.005 -20"><span class='ocrx_word' id='word_1_253' title='bbox 279 3427 360 3506; x_wconf 89' lang='lat' dir='ltr'><strong>illa;</strong></span> <span class='ocrx_word' id='word_1_254' title='bbox 394 3429 549 3511; x_wconf 88' lang='lat' dir='ltr'><strong>namqui</strong></span> <span class='ocrx_word' id='word_1_255' title='bbox 573 3449 642 3492; x_wconf 95' lang='lat' dir='ltr'><strong>non</strong></span> <span class='ocrx_word' id='word_1_256' title='bbox 665 3429 732 3493; x_wconf 89' lang='lat' dir='ltr'><strong>scit</strong></span> <span class='ocrx_word' id='word_1_257' title='bbox 755 3427 825 3505; x_wconf 93' lang='lat' dir='ltr'><strong>illa,</strong></span> <span class='ocrx_word' id='word_1_258' title='bbox 847 3448 909 3492; x_wconf 89' lang='lat' dir='ltr'><strong>nec</strong></span> <span class='ocrx_word' id='word_1_259' title='bbox 928 3437 1047 3511; x_wconf 89' lang='lat' dir='ltr'><strong>potest</strong></span> <span class='ocrx_word' id='word_1_260' title='bbox 1066 3449 1256 3512; x_wconf 87' lang='lat' dir='ltr'><strong>agnoscere</strong></span> <span class='ocrx_word' id='word_1_261' title='bbox 1278 3431 1348 3510; x_wconf 90' lang='lat' dir='ltr'><strong>illa,</strong></span> <span class='ocrx_word' id='word_1_262' title='bbox 1369 3443 1407 3498; x_wconf 91' lang='lat' dir='ltr'><strong>et</strong></span> 
     </span>
     <span class='ocr_line' id='line_1_30' title="bbox 280 3521 1405 3606; baseline 0.004 -18"><span class='ocrx_word' id='word_1_263' title='bbox 280 3524 360 3588; x_wconf 89' lang='lat' dir='ltr'><strong>dein</strong></span> <span class='ocrx_word' id='word_1_264' title='bbox 379 3542 507 3604; x_wconf 90' lang='lat' dir='ltr'><strong>negare</strong></span> <span class='ocrx_word' id='word_1_265' title='bbox 526 3521 595 3587; x_wconf 92' lang='lat' dir='ltr'><strong>illa.</strong></span> <span class='ocrx_word' id='word_1_266' title='bbox 641 3521 756 3605; x_wconf 86' lang='lat' dir='ltr'><strong>Quare</strong></span> <span class='ocrx_word' id='word_1_267' title='bbox 775 3522 825 3587; x_wconf 95' lang='lat' dir='ltr'><strong>illi</strong></span> <span class='ocrx_word' id='word_1_268' title='bbox 844 3524 900 3606; x_wconf 93' lang='lat' dir='ltr'><strong>qui</strong></span> <span class='ocrx_word' id='word_1_269' title='bbox 919 3532 1022 3588; x_wconf 88' lang='lat' dir='ltr'><strong>extra</strong></span> <span class='ocrx_word' id='word_1_270' title='bbox 1038 3523 1271 3590; x_wconf 92' lang='lat' dir='ltr'><strong>Christianum</strong></span> <span class='ocrx_word' id='word_1_271' title='bbox 1287 3526 1405 3593; x_wconf 89' lang='lat' dir='ltr'><strong>orbem</strong></span> 
     </span>
     <span class='ocr_line' id='line_1_31' title="bbox 279 3617 1407 3706; baseline 0.006 -24"><span class='ocrx_word' id='word_1_272' title='bbox 279 3631 371 3690; x_wconf 85' lang='lat' dir='ltr'><strong>sunt,</strong></span> <span class='ocrx_word' id='word_1_273' title='bbox 389 3629 425 3681; x_wconf 93' lang='lat' dir='ltr'><strong>et</strong></span> <span class='ocrx_word' id='word_1_274' title='bbox 445 3639 514 3683; x_wconf 92' lang='lat' dir='ltr'><strong>non</strong></span> <span class='ocrx_word' id='word_1_275' title='bbox 531 3619 644 3682; x_wconf 90' lang='lat' dir='ltr'><strong>sciunt</strong></span> <span class='ocrx_word' id='word_1_276' title='bbox 659 3617 786 3702; x_wconf 91' lang='lat' dir='ltr'><strong>aliquid</strong></span> <span class='ocrx_word' id='word_1_277' title='bbox 805 3619 850 3683; x_wconf 93' lang='lat' dir='ltr'><strong>de</strong></span> <span class='ocrx_word' id='word_1_278' title='bbox 873 3619 1035 3694; x_wconf 87' lang='lat' dir='ltr'><strong>Domino,</strong></span> <span class='ocrx_word' id='word_1_279' title='bbox 1053 3628 1089 3684; x_wconf 89' lang='lat' dir='ltr'><strong>et</strong></span> <span class='ocrx_word' id='word_1_280' title='bbox 1108 3619 1152 3683; x_wconf 89' lang='lat' dir='ltr'><strong>de</strong></span> <span class='ocrx_word' id='word_1_281' title='bbox 1167 3621 1407 3706; x_wconf 90' lang='lat' dir='ltr'><strong>redemptione</strong></span> 
     </span>
     <span class='ocr_line' id='line_1_32' title="bbox 280 3712 1407 3797; baseline 0.004 -18"><span class='ocrx_word' id='word_1_282' title='bbox 280 3724 316 3779; x_wconf 92' lang='lat' dir='ltr'><strong>et</strong></span> <span class='ocrx_word' id='word_1_283' title='bbox 333 3713 525 3778; x_wconf 89' lang='lat' dir='ltr'><strong>salvatione</strong></span> <span class='ocrx_word' id='word_1_284' title='bbox 541 3715 586 3778; x_wconf 92' lang='lat' dir='ltr'><strong>ab</strong></span> <span class='ocrx_word' id='word_1_285' title='bbox 605 3714 697 3797; x_wconf 91' lang='lat' dir='ltr'><strong>Ipso,</strong></span> <span class='ocrx_word' id='word_1_286' title='bbox 715 3734 784 3778; x_wconf 94' lang='lat' dir='ltr'><strong>non</strong></span> <span class='ocrx_word' id='word_1_287' title='bbox 800 3713 982 3797; x_wconf 90' lang='lat' dir='ltr'><strong>profanant</strong></span> <span class='ocrx_word' id='word_1_288' title='bbox 1000 3714 1034 3778; x_wconf 92' lang='lat' dir='ltr'><strong>id</strong></span> <span class='ocrx_word' id='word_1_289' title='bbox 1054 3712 1222 3791; x_wconf 76' lang='lat' dir='ltr'><strong>sanctum,</strong></span> <span class='ocrx_word' id='word_1_290' title='bbox 1239 3716 1320 3782; x_wconf 92' lang='lat' dir='ltr'><strong>dum</strong></span> <span class='ocrx_word' id='word_1_291' title='bbox 1337 3739 1407 3785; x_wconf 93' lang='lat' dir='ltr'><strong>non</strong></span> 
     </span>
     <span class='ocr_line' id='line_1_33' title="bbox 279 3809 1408 3897; baseline 0.004 -23"><span class='ocrx_word' id='word_1_292' title='bbox 279 3809 448 3891; x_wconf 90' lang='lat' dir='ltr'><strong>recipiunt</strong></span> <span class='ocrx_word' id='word_1_293' title='bbox 471 3809 566 3886; x_wconf 91' lang='lat' dir='ltr'><strong>illud,</strong></span> <span class='ocrx_word' id='word_1_294' title='bbox 590 3809 696 3874; x_wconf 93' lang='lat' dir='ltr'><strong>immo</strong></span> <span class='ocrx_word' id='word_1_295' title='bbox 726 3810 807 3874; x_wconf 91' lang='lat' dir='ltr'><strong>dum</strong></span> <span class='ocrx_word' id='word_1_296' title='bbox 835 3809 1022 3891; x_wconf 90' lang='lat' dir='ltr'><strong>loquuntur</strong></span> <span class='ocrx_word' id='word_1_297' title='bbox 1044 3820 1169 3875; x_wconf 91' lang='lat' dir='ltr'><strong>contra</strong></span> <span class='ocrx_word' id='word_1_298' title='bbox 1192 3811 1286 3876; x_wconf 91' lang='lat' dir='ltr'><strong>illud.</strong></span> <span class='ocrx_word' id='word_1_299' title='bbox 1338 3815 1408 3897; x_wconf 92' lang='lat' dir='ltr'><strong>Ipsi</strong></span> 
     </span>
     <span class='ocr_line' id='line_1_34' title="bbox 276 3901 1406 3989; baseline 0.004 -21"><span class='ocrx_word' id='word_1_300' title='bbox 276 3903 399 3986; x_wconf 88' lang='lat' dir='ltr'><strong>Judaei</strong></span> <span class='ocrx_word' id='word_1_301' title='bbox 426 3923 489 3968; x_wconf 93' lang='lat' dir='ltr'><strong>nec</strong></span> <span class='ocrx_word' id='word_1_302' title='bbox 516 3904 701 3989; x_wconf 91' lang='lat' dir='ltr'><strong>profanant</strong></span> <span class='ocrx_word' id='word_1_303' title='bbox 729 3905 763 3970; x_wconf 93' lang='lat' dir='ltr'><strong>id</strong></span> <span class='ocrx_word' id='word_1_304' title='bbox 793 3901 962 3980; x_wconf 74' lang='lat' dir='ltr'><strong>sanctum,</strong></span> <span class='ocrx_word' id='word_1_305' title='bbox 986 3905 1065 3988; x_wconf 85' lang='lat' dir='ltr'><strong>quia</strong></span> <span class='ocrx_word' id='word_1_306' title='bbox 1093 3905 1139 3970; x_wconf 91' lang='lat' dir='ltr'><strong>ab</strong></span> <span class='ocrx_word' id='word_1_307' title='bbox 1167 3906 1311 3972; x_wconf 91' lang='lat' dir='ltr'><strong>infantia</strong></span> <span class='ocrx_word' id='word_1_308' title='bbox 1336 3928 1406 3972; x_wconf 92' lang='lat' dir='ltr'><strong>non</strong></span> 
     </span>
     <span class='ocr_line' id='line_1_35' title="bbox 279 3999 1408 4086; baseline 0.002 -20"><span class='ocrx_word' id='word_1_309' title='bbox 279 4000 402 4066; x_wconf 84' lang='lat' dir='ltr'><strong>volunt</strong></span> <span class='ocrx_word' id='word_1_310' title='bbox 421 4002 573 4083; x_wconf 88' lang='lat' dir='ltr'><strong>recipere</strong></span> <span class='ocrx_word' id='word_1_311' title='bbox 591 4011 627 4067; x_wconf 90' lang='lat' dir='ltr'><strong>et</strong></span> <span class='ocrx_word' id='word_1_312' title='bbox 650 4021 841 4084; x_wconf 85' lang='lat' dir='ltr'><strong>agnoscere</strong></span> <span class='ocrx_word' id='word_1_313' title='bbox 860 4000 967 4080; x_wconf 84' lang='lat' dir='ltr'><strong>illud;</strong></span> <span class='ocrx_word' id='word_1_314' title='bbox 992 3999 1093 4066; x_wconf 89' lang='lat' dir='ltr'><strong>aliter</strong></span> <span class='ocrx_word' id='word_1_315' title='bbox 1111 4001 1140 4065; x_wconf 93' lang='lat' dir='ltr'><strong>si</strong></span> <span class='ocrx_word' id='word_1_316' title='bbox 1158 4002 1351 4086; x_wconf 91' lang='lat' dir='ltr'><strong>reciperent</strong></span> <span class='ocrx_word' id='word_1_317' title='bbox 1370 4013 1408 4068; x_wconf 91' lang='lat' dir='ltr'><strong>et</strong></span> 
     </span>
     <span class='ocr_line' id='line_1_36' title="bbox 277 4095 1406 4180; baseline 0 -19"><span class='ocrx_word' id='word_1_318' title='bbox 277 4107 523 4179; x_wconf 86' lang='lat' dir='ltr'><strong>agnoscerent,</strong></span> <span class='ocrx_word' id='word_1_319' title='bbox 552 4106 589 4162; x_wconf 91' lang='lat' dir='ltr'><strong>et</strong></span> <span class='ocrx_word' id='word_1_320' title='bbox 618 4108 742 4180; x_wconf 90' lang='lat' dir='ltr'><strong>postea</strong></span> <span class='ocrx_word' id='word_1_321' title='bbox 765 4106 946 4180; x_wconf 89' lang='lat' dir='ltr'><strong>negarent,</strong></span> <span class='ocrx_word' id='word_1_322' title='bbox 971 4095 1064 4180; x_wconf 91' lang='lat' dir='ltr'><strong>quod</strong></span> <span class='ocrx_word' id='word_1_323' title='bbox 1093 4105 1212 4161; x_wconf 90' lang='lat' dir='ltr'><strong>tamen</strong></span> <span class='ocrx_word' id='word_1_324' title='bbox 1238 4117 1316 4161; x_wconf 89' lang='lat' dir='ltr'><strong>raro</strong></span> <span class='ocrx_word' id='word_1_325' title='bbox 1345 4096 1406 4178; x_wconf 85' lang='lat' dir='ltr'><strong>fit;</strong></span> 
     </span>
     <span class='ocr_line' id='line_1_37' title="bbox 280 4192 1407 4277; baseline 0.002 -21"><span class='ocrx_word' id='word_1_326' title='bbox 280 4192 380 4256; x_wconf 93' lang='lat' dir='ltr'><strong>multi</strong></span> <span class='ocrx_word' id='word_1_327' title='bbox 404 4194 495 4256; x_wconf 89' lang='lat' dir='ltr'><strong>enim</strong></span> <span class='ocrx_word' id='word_1_328' title='bbox 522 4214 568 4258; x_wconf 84' lang='lat' dir='ltr'><strong>ex</strong></span> <span class='ocrx_word' id='word_1_329' title='bbox 594 4192 661 4258; x_wconf 90' lang='lat' dir='ltr'><strong>illis</strong></span> <span class='ocrx_word' id='word_1_330' title='bbox 685 4202 881 4277; x_wconf 88' lang='lat' dir='ltr'><strong>agnoscunt</strong></span> <span class='ocrx_word' id='word_1_331' title='bbox 911 4192 995 4256; x_wconf 92' lang='lat' dir='ltr'><strong>illud</strong></span> <span class='ocrx_word' id='word_1_332' title='bbox 1023 4193 1187 4269; x_wconf 86' lang='lat' dir='ltr'><strong>exterius,</strong></span> <span class='ocrx_word' id='word_1_333' title='bbox 1211 4200 1248 4256; x_wconf 89' lang='lat' dir='ltr'><strong>et</strong></span> <span class='ocrx_word' id='word_1_334' title='bbox 1275 4202 1407 4275; x_wconf 88' lang='lat' dir='ltr'><strong>negant</strong></span> 
     </span>
     <span class='ocr_line' id='line_1_38' title="bbox 278 4286 1405 4374; baseline 0 -22"><span class='ocrx_word' id='word_1_335' title='bbox 278 4287 363 4352; x_wconf 87' lang='lat' dir='ltr'><strong>illud</strong></span> <span class='ocrx_word' id='word_1_336' title='bbox 387 4288 539 4364; x_wconf 89' lang='lat' dir='ltr'><strong>interius,</strong></span> <span class='ocrx_word' id='word_1_337' title='bbox 563 4299 598 4353; x_wconf 91' lang='lat' dir='ltr'><strong>et</strong></span> <span class='ocrx_word' id='word_1_338' title='bbox 624 4300 705 4354; x_wconf 92' lang='lat' dir='ltr'><strong>sunt</strong></span> <span class='ocrx_word' id='word_1_339' title='bbox 728 4288 920 4374; x_wconf 86' lang='lat' dir='ltr'><strong>hypocritis</strong></span> <span class='ocrx_word' id='word_1_340' title='bbox 944 4287 1083 4353; x_wconf 90' lang='lat' dir='ltr'><strong>similes.</strong></span> <span class='ocrx_word' id='word_1_341' title='bbox 1129 4286 1198 4352; x_wconf 86' lang='lat' dir='ltr'><strong>Sed</strong></span> <span class='ocrx_word' id='word_1_342' title='bbox 1220 4287 1270 4351; x_wconf 94' lang='lat' dir='ltr'><strong>illi</strong></span> <span class='ocrx_word' id='word_1_343' title='bbox 1293 4289 1405 4370; x_wconf 89' lang='lat' dir='ltr'><strong>profa-</strong></span> 
     </span>
     <span class='ocr_line' id='line_1_39' title="bbox 279 4382 1407 4470; baseline 0.002 -22"><span class='ocrx_word' id='word_1_344' title='bbox 279 4394 365 4450; x_wconf 91' lang='lat' dir='ltr'><strong>nant</strong></span> <span class='ocrx_word' id='word_1_345' title='bbox 384 4382 503 4450; x_wconf 76' lang='lat' dir='ltr'><strong>sanna</strong></span> <span class='ocrx_word' id='word_1_346' title='bbox 526 4407 586 4470; x_wconf 90' lang='lat' dir='ltr'><strong>per</strong></span> <span class='ocrx_word' id='word_1_347' title='bbox 607 4387 894 4453; x_wconf 87' lang='lat' dir='ltr'><strong>commixtionem</strong></span> <span class='ocrx_word' id='word_1_348' title='bbox 913 4385 1048 4451; x_wconf 90' lang='lat' dir='ltr'><strong>illorum</strong></span> <span class='ocrx_word' id='word_1_349' title='bbox 1067 4403 1145 4451; x_wconf 90' lang='lat' dir='ltr'><strong>curn</strong></span> <span class='ocrx_word' id='word_1_350' title='bbox 1168 4382 1329 4469; x_wconf 87' lang='lat' dir='ltr'><strong>profanis,</strong></span> <span class='ocrx_word' id='word_1_351' title='bbox 1350 4383 1407 4468; x_wconf 93' lang='lat' dir='ltr'><strong>qui</strong></span> 
     </span>
     <span class='ocr_line' id='line_1_40' title="bbox 280 4480 1405 4567; baseline 0.002 -23"><span class='ocrx_word' id='word_1_352' title='bbox 280 4481 427 4563; x_wconf 88' lang='lat' dir='ltr'><strong>primum</strong></span> <span class='ocrx_word' id='word_1_353' title='bbox 451 4482 619 4563; x_wconf 88' lang='lat' dir='ltr'><strong>recipiunt</strong></span> <span class='ocrx_word' id='word_1_354' title='bbox 642 4492 678 4549; x_wconf 91' lang='lat' dir='ltr'><strong>et</strong></span> <span class='ocrx_word' id='word_1_355' title='bbox 701 4492 908 4567; x_wconf 89' lang='lat' dir='ltr'><strong>agnoscunt,</strong></span> <span class='ocrx_word' id='word_1_356' title='bbox 930 4493 965 4547; x_wconf 92' lang='lat' dir='ltr'><strong>et</strong></span> <span class='ocrx_word' id='word_1_357' title='bbox 989 4491 1113 4566; x_wconf 90' lang='lat' dir='ltr'><strong>postea</strong></span> <span class='ocrx_word' id='word_1_358' title='bbox 1131 4480 1261 4547; x_wconf 87' lang='lat' dir='ltr'><strong>abeunt</strong></span> <span class='ocrx_word' id='word_1_359' title='bbox 1284 4489 1322 4546; x_wconf 88' lang='lat' dir='ltr'><strong>et</strong></span> <span class='ocrx_word' id='word_1_360' title='bbox 1344 4500 1405 4547; x_wconf 90' lang='lat' dir='ltr'><strong>ne·</strong></span> 
     </span>
     <span class='ocr_line' id='line_1_41' title="bbox 279 4575 1405 4664; baseline 0.004 -24"><span class='ocrx_word' id='word_1_361' title='bbox 279 4585 375 4659; x_wconf 86' lang='lat' dir='ltr'><strong>gant.</strong></span> <span class='ocrx_word' id='word_1_362' title='bbox 422 4584 479 4644; x_wconf 76' lang='grc'>[2.]</span> <span class='ocrx_word' id='word_1_363' title='bbox 514 4575 608 4642; x_wconf 92' lang='lat' dir='ltr'><strong>Nihil</strong></span> <span class='ocrx_word' id='word_1_364' title='bbox 631 4578 726 4655; x_wconf 88' lang='lat' dir='ltr'><strong>facit,</strong></span> <span class='ocrx_word' id='word_1_365' title='bbox 751 4578 843 4664; x_wconf 91' lang='lat' dir='ltr'><strong>quod</strong></span> <span class='ocrx_word' id='word_1_366' title='bbox 866 4579 900 4642; x_wconf 90' lang='lat' dir='ltr'><strong>in</strong></span> <span class='ocrx_word' id='word_1_367' title='bbox 923 4577 1066 4642; x_wconf 90' lang='lat' dir='ltr'><strong>infantra</strong></span> <span class='ocrx_word' id='word_1_368' title='bbox 1089 4587 1126 4643; x_wconf 93' lang='lat' dir='ltr'><strong>et</strong></span> <span class='ocrx_word' id='word_1_369' title='bbox 1148 4578 1297 4662; x_wconf 90' lang='lat' dir='ltr'><strong>pueritia</strong></span> <span class='ocrx_word' id='word_1_370' title='bbox 1318 4579 1405 4644; x_wconf 86' lang='lat' dir='ltr'><strong>reci·</strong></span> 
     </span>
     <span class='ocr_line' id='line_1_42' title="bbox 279 4671 1404 4758; baseline 0.005 -24"><span class='ocrx_word' id='word_1_371' title='bbox 279 4671 377 4754; x_wconf 91' lang='lat' dir='ltr'><strong>piant</strong></span> <span class='ocrx_word' id='word_1_372' title='bbox 406 4680 444 4736; x_wconf 87' lang='lat' dir='ltr'><strong>et</strong></span> <span class='ocrx_word' id='word_1_373' title='bbox 473 4682 689 4754; x_wconf 88' lang='lat' dir='ltr'><strong>agnoscant;</strong></span> <span class='ocrx_word' id='word_1_374' title='bbox 723 4673 789 4738; x_wconf 91' lang='lat' dir='ltr'><strong>hoc</strong></span> <span class='ocrx_word' id='word_1_375' title='bbox 812 4672 894 4740; x_wconf 89' lang='lat' dir='ltr'><strong>facit</strong></span> <span class='ocrx_word' id='word_1_376' title='bbox 918 4674 1146 4758; x_wconf 89' lang='lat' dir='ltr'><strong>unusquisque</strong></span> <span class='ocrx_word' id='word_1_377' title='bbox 1170 4672 1404 4756; x_wconf 89' lang='lat' dir='ltr'><strong>Christianus;</strong></span> 
     </span>
    </p>
   </div>
   <div class='ocr_carea' id='block_1_7' title="bbox 0 0 1714 5368">
    <p class='ocr_par' dir='ltr' id='par_1_9' title="bbox 0 0 1714 5368">
     <span class='ocr_line' id='line_1_43' title="bbox 0 0 1714 5368; baseline 0 0"><span class='ocrx_word' id='word_1_378' title='bbox 0 0 1714 5368; x_wconf 95' lang='lat' dir='ltr'><strong> </strong></span> 
     </span>
    </p>
   </div>
  </div>
 </body>
</html>
