3424 5368
498 695 548 745 ua
572 694 709 745 mvrna
731 694 1087 748 enovmaumn—N.
1111 687 1178 749 180.
1346 703 1403 773 125

275 869 303 933 si
325 867 423 932 labes
447 868 668 951 ingravescit,
690 869 888 933 remittatur
912 871 1024 934 omnis
1048 868 1139 935 actio
1162 871 1346 954 pulmonis,
1367 885 1404 942 et

275 967 441 1029 moriatur
464 964 578 1027 homo.
625 968 683 1029 [4.]
715 963 831 1028 Simile
856 976 910 1030 est
932 967 1041 1029 ubivis
1066 967 1146 1031 alibi
1170 968 1204 1030 in
1229 978 1308 1034 toto
1328 991 1403 1044 cor·

274 1080 379 1144 pore:
424 1069 462 1124 ut
492 1080 568 1124 cum
600 1060 803 1143 peritonaeo
837 1061 1009 1125 communi
1040 1063 1219 1128 involucro
1250 1069 1402 1132 omnium

274 1157 442 1220 viscerum
473 1156 688 1234 abdominis;
725 1167 796 1220 tum
824 1159 930 1221 etiarn
958 1177 1035 1220 cum
1064 1158 1249 1222 involucris
1274 1161 1401 1224 circum

275 1252 536 1336 unumquodvis,
554 1262 591 1314 ut
608 1271 684 1315 cum
701 1253 906 1330 ventriculo,
923 1253 1062 1337 hepate,
1081 1265 1279 1336 pancreate,
1300 1255 1401 1334 liene,

274 1349 459 1425 intestinis,
477 1348 697 1423 mesenterio,
715 1349 864 1426 renibus,
883 1369 1026 1432 cumque
1047 1350 1184 1432 organis
1204 1353 1401 1433 generatio·

275 1447 326 1508 nis
350 1447 383 1509 in
408 1455 552 1528 utroque
576 1466 673 1508 sexu.
719 1444 821 1510 Sume
845 1469 890 1510 ex
915 1446 967 1510 his
990 1447 1129 1530 aliquod
1153 1458 1189 1511 et
1213 1448 1322 1511 lustra
1346 1449 1402 1513 vel

274 1541 355 1624 ipse,
380 1551 415 1604 et
445 1541 598 1619 videbis;
639 1540 694 1604 vel
725 1541 867 1605 consule
898 1543 1027 1624 peritos
1051 1541 1142 1604 illius
1166 1543 1342 1620 scientiae,
1365 1553 1401 1608 et

273 1637 413 1700 audies:
449 1646 485 1698 ut
512 1656 606 1699 sume
634 1635 751 1718 hepar,
777 1646 812 1701 et
843 1636 1081 1718 deprehendes
1109 1637 1200 1720 quod
1228 1641 1401 1703 connexio

273 1734 463 1815 peritonaei
488 1734 531 1796 sit
557 1753 633 1795 cum
652 1733 829 1797 involucro
848 1733 936 1796 illius
956 1735 1105 1809 visceris,
1127 1743 1162 1797 et
1188 1756 1247 1817 per
1266 1736 1399 1799 involu-

273 1847 366 1891 crum
387 1848 463 1892 curn
483 1830 611 1892 intimis
631 1829 702 1910 ejus
715 1851 723 1908 ;
756 1839 835 1892 sunt
859 1831 950 1892 enim
974 1841 1158 1912 perpetuae
1181 1833 1400 1896 exsertiones

272 1924 351 1988 inde
371 1935 406 1988 et
426 1925 631 1988 insertiones
651 1946 768 1987 versus
792 1926 966 2000 interiora,
987 1934 1022 1988 et
1046 1926 1093 1988 sic
1119 1928 1401 1992 continuationes

272 2019 316 2083 ad
339 2021 471 2096 intima,
497 2030 531 2084 et
554 2021 634 2084 inde
658 2020 884 2083 confasciatio
907 2023 1080 2099 omnium;
1117 2043 1204 2105 quae
1228 2023 1308 2086 talis
1332 2034 1398 2103 est,

273 2126 309 2179 ut
338 2117 417 2179 dum
446 2115 659 2179 involucrum
683 2117 755 2198 agit
777 2115 833 2179 vel
857 2117 982 2198 agitur,
1006 2126 1084 2180 tota
1106 2117 1215 2180 forma
1242 2119 1401 2183 similiter

272 2222 355 2294 agat
385 2213 441 2276 vel
475 2222 608 2294 agatur.
655 2211 770 2275 Simile
802 2222 855 2275 est
885 2232 962 2275 cum
997 2212 1144 2295 reliquis.
1190 2213 1301 2277 Causa
1332 2225 1398 2292 est,

271 2309 349 2390 quia
372 2309 405 2371 in
425 2309 517 2371 omni
544 2308 653 2371 forma
676 2327 858 2371 commune
882 2318 917 2370 et
942 2309 1158 2391 particulare,
1180 2331 1238 2372 seu
1263 2311 1397 2373 univer·

271 2402 344 2467 sale
375 2413 411 2467 et
446 2403 629 2486 singulare,
661 2424 721 2486 per
755 2402 946 2466 mirabilem
981 2400 1257 2484 conjunfflonem
1294 2425 1398 2469 unum

271 2509 389 2581 agunt.
436 2503 492 2563 [0.]
525 2497 626 2581 Quod
655 2499 812 2562 similiter
843 2499 875 2561 in
907 2498 1024 2561 formis
1048 2499 1277 2582 spiritualibus
1300 2520 1340 2563 ac
1364 2501 1399 2564 in

270 2594 403 2657 illarum
427 2605 540 2658 status
564 2593 823 2670 mutationibus,
847 2605 882 2657 et
906 2593 1166 2670 variationibus
1187 2616 1274 2678 quae
1298 2617 1333 2658 se
1353 2596 1398 2660 ad

270 2693 490 2773 operationes
521 2691 710 2754 voluntatis
745 2699 780 2753 et
812 2686 1011 2752 intellectus
1045 2691 1207 2765 referunt,
1240 2693 1327 2755 sicut
1363 2693 1397 2755 in

269 2787 385 2850 formis
409 2787 621 2850 naturalibus
651 2796 687 2849 et
717 2785 852 2849 illarum
884 2785 1152 2867 operationibus,
1177 2807 1264 2869 quae
1291 2809 1328 2851 se
1353 2786 1397 2851 ad

271 2893 386 2946 motus
417 2891 453 2945 et
488 2878 641 2945 actiones
673 2882 834 2956 referunt,
859 2880 927 2956 liat,
953 2881 1038 2944 inira
1068 2881 1250 2945 videbitur.
1297 2881 1398 2948 Nunc

270 2978 348 3059 quia
367 2977 471 3041 homo
491 2977 524 3038 in
544 2976 746 3059 quibusdam
771 2975 925 3038 externis
949 2975 1204 3057 operationibus
1229 2997 1295 3039 una
1319 2997 1396 3040 cum

271 3071 422 3135 Domino
441 3083 505 3147 est,
525 3079 560 3134 et
580 3092 649 3134 non
668 3071 818 3134 aufertur
837 3071 937 3134 alicui
962 3069 1103 3134 libertas
1127 3072 1252 3153 agendi
1273 3092 1395 3135 secun·

270 3167 349 3231 dum
373 3171 554 3244 rationem,
576 3169 728 3251 sequitur
750 3167 841 3250 quod
867 3166 1036 3229 Dominus
1064 3187 1134 3229 non
1162 3166 1263 3230 aliter
1286 3168 1396 3249 possit

269 3285 372 3346 agere
396 3266 429 3327 in
460 3266 614 3338 interniS,
636 3283 737 3347 quam
759 3264 846 3327 sicut
866 3283 933 3324 una
953 3282 1029 3324 cum
1056 3261 1195 3324 homine
1217 3263 1251 3325 in
1277 3273 1394 3325 exter·

270 3363 332 3425 nis.
378 3360 493 3444 Quare
514 3361 541 3422 si
561 3360 665 3423 homo
685 3381 754 3424 non
778 3359 864 3441 fugit
888 3366 924 3422 et
949 3369 1128 3420 aversatur
1147 3358 1238 3420 mala
1258 3368 1294 3421 ut
1313 3379 1394 3441 pec·

269 3468 358 3531 cata,
389 3458 568 3520 vitiaretur
597 3467 632 3520 et
664 3453 930 3519 labefactaretur
958 3465 1142 3518 externum
1171 3455 1395 3535 cogitationis

269 3563 304 3616 et
323 3552 524 3628 voluntatis,
542 3561 577 3615 et
596 3551 696 3615 simul
717 3561 799 3615 tunc
819 3552 991 3614 internum
1011 3569 1137 3624 earum,
1159 3552 1395 3632 comparative

268 3650 356 3712 sicut
383 3649 501 3731 pleura
525 3669 545 3710 a
572 3648 693 3711 morbo
723 3669 784 3710 suo
815 3647 870 3728 qui
895 3655 1041 3708 vocatur
1071 3645 1234 3727 pleuritis,
1258 3667 1303 3708 ex
1328 3666 1396 3728 quo

268 3765 391 3827 corpus
411 3746 586 3807 emoritur.
633 3749 689 3809 [a]
724 3743 907 3805 Alterum:
945 3739 1042 3818 Quod
1065 3739 1100 3803 si
1126 3739 1220 3803 homo
1243 3740 1348 3804 simul
1360 3741 1395 3804 in

267 3839 409 3902 internis
433 3849 528 3913 esset,
549 3847 762 3919 perverteret
782 3847 814 3900 et
835 3836 1024 3900 destrueret
1045 3857 1171 3898 omnem
1193 3835 1342 3899 ordinem
1363 3845 1397 3899 et

267 3945 411 3997 tenorem
425 3933 572 3997 Divinae
586 3933 832 3996 Providentiae.
881 3933 957 3996 Hoc
974 3953 1108 4015 quoque
1125 3931 1316 3994 illustretur
1334 3952 1396 4014 per

268 4029 429 4111 exempla
445 4051 490 4093 ex
510 4028 661 4092 humano
680 4049 831 4110 corpore.
878 4027 912 4092 Si
931 4028 1037 4091 homo
1053 4028 1156 4090 sciret
1173 4046 1294 4089 omnes
1311 4049 1393 4110 ope·

267 4127 419 4188 rationes
444 4126 615 4208 utriusque
640 4125 769 4188 cerebri
793 4125 827 4187 in
851 4123 963 4199 fibras,
981 4123 1138 4186 librarum
1163 4123 1196 4185 in
1221 4123 1395 4187 musculos

267 4231 301 4284 et
326 4221 557 4284 musculorum
580 4221 613 4284 in
638 4218 802 4296 attiones,
823 4230 858 4284 et
882 4241 928 4283 ex
951 4220 1098 4283 scientia
1117 4218 1254 4282 illorum
1275 4220 1395 4301 dispo·

267 4325 363 4379 neret
387 4317 503 4380 omnia
521 4317 610 4380 sicut
630 4317 782 4398 disponit
799 4314 965 4391 adilones,
985 4335 1101 4378 annon
1121 4327 1334 4399 perverteret
1358 4326 1395 4383 et

266 4411 460 4476 destrueret
476 4412 614 4476 omnia?
655 4425 713 4485 [7.]
737 4409 773 4476 Si
793 4412 898 4475 horno
914 4412 1017 4475 sciret
1030 4412 1204 4495 quomodo
1221 4415 1395 4477 ventricu-

267 4508 319 4571 lus
332 4509 468 4592 digerit,
481 4510 614 4573 viscera
626 4508 753 4571 circum
766 4508 857 4572 circa
866 4507 1027 4572 hauriunt
1038 4527 1134 4571 suum
1147 4529 1303 4592 pensum,
1315 4530 1395 4574 san.-

266 4607 403 4687 guinem
420 4605 616 4682 elaborant,
630 4613 666 4668 et
682 4603 778 4667 illum
791 4603 999 4667 distribuunt
1015 4606 1058 4669 ad
1076 4623 1178 4668 omne
1191 4625 1277 4687 opus
1290 4608 1393 4683 vitae,

266 4712 302 4765 et
321 4703 355 4764 in
374 4701 442 4765 illis
459 4701 683 4784 disponendis
703 4710 796 4765 esset
816 4701 904 4764 sicut
924 4709 976 4763 est
1000 4703 1032 4764 in
1057 4701 1224 4778 externis,
1247 4712 1282 4765 ut
1303 4701 1395 4785 quod
