3352 5374
406 695 457 748 DE
480 694 616 746 DIVINO
640 695 786 759 AMORE,
807 697 900 747 PARS
925 697 1141 764 1V.-N.351.
1285 700 1349 766 v155

227 869 352 934 tellure
376 875 557 948 apparent,
581 866 631 930 illi
663 868 806 931 tandem
830 868 1029 933 adscribunt
1053 869 1169 932 omnia
1194 881 1350 946 naturae,

229 974 264 1026 et
295 983 428 1044 quoque
452 963 665 1026 creationem
689 963 848 1039 universi,
875 973 909 1026 et
941 962 1025 1028 fiunt
1054 965 1289 1039 naturalistae‚
1315 978 1351 1030 et

227 1059 371 1122 tandem
402 1058 506 1121 athei.
554 1057 599 1120 Hi
631 1058 768 1139 quidem
793 1069 916 1139 postea
941 1068 1086 1140 possunt
1110 1060 1235 1136 dicere,
1261 1061 1351 1142 quod

229 1155 323 1216 Deus
342 1154 511 1216 creaverit
532 1163 702 1227 naturam,
721 1173 759 1217 ac
780 1153 943 1216 indiderit
964 1155 993 1216 ei
1011 1156 1204 1235 potentiam
1226 1159 1350 1238 produ-

227 1249 327 1310 cendi
344 1248 449 1312 talia:
475 1249 535 1311 sed
556 1247 621 1311 hoc
642 1249 761 1311 dicunt
781 1269 826 1312 ex
847 1250 970 1312 timore
987 1246 1139 1326 jacturae
1158 1253 1289 1327 lamae;
1315 1263 1352 1314 at

229 1365 333 1426 usque
351 1364 411 1425 per
424 1343 535 1406 Deum
549 1342 750 1408 Creatorem
764 1343 965 1426 intelligunt
980 1353 1146 1418 naturam,
1161 1355 1196 1407 et
1213 1346 1352 1420 quidam

228 1438 299 1519 ejus
323 1440 491 1513 intimum,
513 1447 549 1501 et
573 1448 654 1502 tunc
680 1439 816 1516 Divina,
836 1459 924 1522 quae
948 1438 1097 1503 ecclesia
1120 1439 1235 1514 docet,
1256 1439 1353 1503 nihili

229 1535 368 1598 iaciunt.

290 1645 394 1715 35⁰.
425 1630 635 1712 ignoscendi
664 1630 801 1713 quidem
832 1640 912 1695 sunt
943 1630 1057 1713 aliqui,
1085 1631 1177 1714 quod
1208 1643 1354 1696 naturae

228 1727 473 1807 adscripserint
487 1725 656 1809 quaedam
673 1725 828 1799 visibilia,
843 1746 889 1789 ex
905 1726 1032 1808 duplici
1049 1747 1170 1790 causa:
1219 1725 1351 1804 Prima,

228 1823 320 1906 quod
341 1842 409 1885 non
427 1823 589 1885 sciverint
606 1821 731 1904 aliquid
752 1821 794 1886 de
812 1819 892 1886 Sole
909 1821 1006 1896 caeli,
1025 1822 1081 1886 ubi
1100 1831 1153 1885 est
1172 1821 1350 1898 Dominus,

229 1939 268 1984 ac
293 1919 336 1980 de
359 1917 487 1981 influxu
517 1919 616 1995 inde;
649 1937 711 1980 nec
735 1917 861 2000 aliquid
894 1917 937 1980 de
965 1918 1094 1981 mundo
1117 1919 1284 2000 spirituali
1316 1929 1352 1983 et

228 2014 301 2096 ejus
320 2024 424 2088 statu,
445 2015 549 2076 immo
573 2031 634 2076 nec
664 2012 707 2076 de
737 2015 932 2094 praesentia
956 2011 1027 2094 ejus
1047 2013 1135 2096 apud
1155 2011 1351 2093 hominem;

229 2121 265 2178 et
298 2111 388 2192 quod
418 2110 496 2172 inde
521 2129 589 2172 non
613 2107 714 2172 aliter
743 2109 898 2190 cogitare
925 2111 1112 2190 potuerint,
1134 2129 1234 2191 quarn
1260 2110 1352 2193 quod

230 2205 407 2289 spirituale
434 2214 526 2268 esset
548 2205 661 2288 purius
689 2202 869 2280 naturale;
898 2213 934 2267 et
962 2205 1009 2266 sic
1037 2206 1127 2287 quod
1155 2204 1270 2286 angeli
1298 2226 1352 2269 es·

230 2314 310 2366 sent
329 2301 385 2366 vel
408 2303 441 2364 in
465 2301 614 2377 aethere,
635 2299 690 2363 vel
709 2301 742 2363 in
767 2298 899 2377 stellis,
929 2308 1003 2361 tum
1024 2301 1067 2364 de
1090 2299 1239 2374 diabolo,
1261 2301 1353 2383 quod

231 2408 324 2462 esset
347 2397 402 2461 vel
421 2396 567 2460 hominis
584 2395 723 2470 malum,
743 2395 798 2459 vel
818 2395 846 2458 si
865 2391 1045 2458 actualiter
1064 2395 1240 2470 existeret,
1259 2407 1353 2460 esset

232 2494 286 2558 vel
305 2496 340 2558 in
359 2514 447 2568 aere,
465 2491 521 2557 vel
540 2494 572 2556 in
592 2491 789 2575 profundis3
820 2500 892 2554 tum
912 2489 1004 2573 quod
1024 2491 1158 2555 animae
1175 2490 1352 2556 hominum

233 2600 311 2676 post
331 2600 478 2653 mortem
495 2588 549 2652 vel
569 2598 686 2652 essent
706 2588 740 2650 in
759 2585 881 2649 intimo
896 2595 1016 2663 terrae,
1036 2587 1091 2650 vel
1111 2587 1145 2651 in
1164 2588 1279 2671 aliquo
1297 2587 1355 2652 ubi

237 2705 291 2749 seu
306 2695 358 2770 pu
373 2705 477 2768 usque
493 2684 537 2747 ad
556 2684 646 2746 diem
662 2681 796 2764 judicii;
820 2691 856 2745 et
875 2680 999 2744 similia
1018 2681 1085 2746 alia
1101 2705 1187 2767 quae
1204 2685 1352 2766 phanta-

233 2781 282 2844 sia
299 2780 436 2844 induxit
459 2800 504 2844 ex
527 2779 723 2861 ignorantia
748 2777 864 2841 mundi
887 2778 1074 2859 spiritualis
1097 2789 1132 2844 et
1156 2779 1226 2861 ejus
1250 2779 1351 2844 Solis.

233 2875 355 2940 Altera
378 2895 481 2939 causa
503 2873 595 2957 quod
618 2873 820 2956 ignoscendi
852 2873 931 2947 sint,
957 2883 1011 2938 est
1042 2874 1133 2958 quod
1164 2896 1233 2940 non
1264 2877 1352 2940 scire

232 2973 415 3055 potuerint,
437 2969 610 3053 quomodo
630 2969 792 3032 Divinum
817 2968 1022 3052 produceret
1048 2971 1161 3034 omnia
1184 2971 1243 3034 illa
1267 2993 1355 3054 quae

230 3087 331 3149 super
354 3065 478 3132 tellure
502 3074 681 3147 apparent,
708 3065 763 3127 ubi
793 3074 864 3128 tam
889 3064 981 3128 bona
1004 3085 1105 3148 quam
1138 3067 1229 3129 mala
1253 3078 1352 3146 sunt;

231 3163 397 3227 timentes
416 3162 449 3226 id
469 3161 558 3245 apud
579 3181 616 3224 se
639 3159 852 3234 confirmare,
874 3178 916 3222 ne
941 3161 1046 3223 etiam
1068 3162 1159 3225 mala
1178 3164 1353 3226 adscribe-

232 3267 308 3320 rent
333 3256 420 3326 Deo,
445 3266 481 3320 et
504 3274 546 3319 ne
571 3254 785 3318 materialem
813 3255 926 3316 ideam
950 3255 993 3317 de
1019 3254 1095 3318 Deo
1119 3259 1353 3338 conciperent,

230 3371 272 3415 ac
292 3350 404 3415 Deum
423 3360 463 3413 et·
480 3358 637 3412 naturam
658 3369 760 3412 unum
782 3349 948 3424 lacerent,
968 3360 1004 3412 et
1025 3351 1072 3413 sic
1093 3351 1354 3416 confunderent.

234 3445 311 3510 Hae
334 3447 434 3510 binae
453 3465 577 3508 causae
603 3453 692 3514 sunt.
714 3446 804 3526 quod
834 3446 1036 3525 ignoscendi
1064 3447 1133 3509 sint
1161 3449 1217 3529 qui
1245 3449 1356 3510 credi⁴

232 3543 357 3606 derunt
369 3541 461 3626 quod
480 3551 601 3604 natura
618 3540 784 3622 producat
800 3539 946 3604 visibilia
958 3561 1002 3603 ex
1018 3541 1121 3604 insito
1135 3564 1154 3605 a
1167 3547 1353 3608 creatione.

233 3634 302 3702 Sed
319 3658 423 3721 usque
438 3636 488 3700 illi
507 3637 562 3719 qui
580 3655 640 3718 per
657 3635 935 3698 confirmationes
955 3656 1016 3718 pro
1034 3648 1156 3702 natura
1176 3661 1210 3704 se
1231 3640 1355 3705 atheos

232 3731 398 3804 fecerunt.
423 3751 493 3796 non
515 3731 719 3815 ignoscendi
742 3740 832 3807 sunt,
858 3733 936 3814 quia
960 3743 1148 3814 potuerunt
1172 3757 1208 3799 se
1232 3736 1355 3800 confir.

234 3849 327 3895 mare
344 3850 406 3912 pro
422 3828 569 3892 Divino:
590 3828 785 3910 ignorantia
799 3828 935 3910 quidem
949 3840 1107 3903 excusat,
1123 3832 1183 3894 sed
1201 3853 1268 3894 non
1286 3834 1352 3895 tol-

234 3924 275 3989 lit
303 3925 424 3989 lalsu'm
455 3922 706 3994 confirmatum,
731 3942 810 3985 nam
841 3922 905 3986 hoc
935 3923 1058 3987 salsum
1090 3926 1252 3989 cohaeret
1278 3948 1354 3991 cum

235 4020 337 4094 malo,
355 4022 403 4085 ita
423 4039 499 4084 cum
519 4019 669 4083 inferno:
695 4039 798 4101 quare
814 4014 916 4082 iidem
937 4020 992 4102 qui
1012 4041 1049 4084 se
1067 4021 1355 4086 confirmaverunt

234 4137 295 4200 pro
315 4126 437 4179 natura
457 4115 624 4198 usquead
644 4115 897 4196 separationem
918 4114 1034 4178 Divini
1057 4116 1101 4179 ab
1120 4116 1189 4192 illa,
1208 4137 1275 4180 non
1293 4118 1354 4180 ali-

182 4229 188 4238 ·
234 4211 315 4294 quid
333 4220 494 4294 reputant
519 4231 579 4292 pro
599 4220 756 4293 peccato,
777 4211 854 4291 quia
874 4230 976 4274 omne
996 4221 1177 4293 peccatum
1198 4223 1251 4276 est
1273 4233 1355 4277 con-

235 4317 289 4370 tra
309 4307 471 4370 Divinum
489 4306 579 4388 quod
601 4314 846 4388 separaverunt
866 4315 902 4369 et
926 4306 973 4370 sic
994 4305 1209 4388 rejecerunt;
1240 4320 1274 4371 et
1299 4309 1355 4391 qui

235 4402 319 4466 nihil
343 4424 404 4486 pro
428 4411 575 4484 peccato
599 4411 772 4483 reputant.
796 4401 829 4463 in
862 4403 993 4484 spiritu,
1019 4401 1067 4465 illi
1092 4414 1170 4485 post
1195 4416 1354 4475 mortem,

235 4497 316 4561 dum
332 4497 417 4560 liunt
434 4498 580 4580 spirituS,
595 4495 698 4561 vineti
715 4498 845 4560 inferno
858 4508 959 4562 ruunt
976 4499 1010 4560 in
1028 4498 1153 4561 nelaria
1168 4501 1354 4563 secundum

230 4593 456 4674 ¹cupiditates,
478 4593 597 4674 quibus
618 4593 822 4655 laxaverunt
842 4592 946 4655 irena.

233 4674 237 4686 ⁸
298 4703 394 4772 351·
426 4687 478 4750 Illi
495 4689 550 4770 qui
567 4687 711 4750 credunt
731 4687 890 4750 Divinam
907 4688 1145 4767 operationem
1163 4689 1195 4751 in
1214 4690 1356 4772 singulis
