3268 5380
347 670 405 717 102
691 664 894 716 SAPIENTIA
916 663 1114 715 ANGELICA

342 838 454 913 tualis,
475 837 566 922 quod
586 835 623 902 iit
642 855 719 900 cum
743 835 909 901 naturalis
928 837 1033 900 homo
1052 839 1160 901 sentit
1176 836 1363 918 jucundum
1384 858 1458 900 usus

340 953 385 995 ex
406 931 595 1013 spirituali;
627 931 681 993 hic
706 930 872 992 naturalis
895 929 1000 992 homo
1019 939 1139 1011 potest
1159 931 1274 992 vocari
1295 930 1458 993 naturalis

340 1025 535 1106 spiritualis
582 1023 699 1088 Homo
718 1023 903 1104 spiritualis
921 1030 1015 1084 amat
1033 1042 1114 1085 vera
1134 1022 1343 1103 spiritualia;
1367 1032 1459 1085 amat

341 1138 408 1180 non
438 1119 541 1180 modo
570 1117 629 1180 illa
655 1117 740 1179 scire
771 1123 806 1178 et
835 1113 1041 1196 intelligere,
1066 1115 1127 1177 sed
1152 1116 1256 1178 etiam
1280 1115 1355 1176 vult
1379 1115 1457 1192 illa;

341 1210 505 1272 naturalis
530 1217 643 1272 autem
666 1208 772 1271 homo
795 1216 888 1269 amat
909 1227 989 1269 vera
1011 1205 1071 1269 illa
1091 1206 1183 1289 loqui
1203 1216 1238 1270 et
1258 1228 1393 1290 quoque
1412 1207 1457 1269 fa·

340 1323 435 1367 cere:
460 1301 572 1365 lacere
592 1320 672 1364 vera
691 1310 745 1363 est
770 1309 945 1381 praestare
969 1319 1058 1361 usus.
1107 1298 1203 1362 Haec
1223 1300 1459 1363 subordinatio

339 1405 393 1459 est
413 1416 457 1457 ex
478 1391 717 1474 conjunctione
737 1392 854 1454 mundi
873 1392 1058 1472 spiritualis
1078 1401 1114 1454 et
1134 1393 1250 1455 mundi
1274 1395 1457 1467 naturalis;

338 1506 418 1550 nam
438 1487 596 1570 quicquid
616 1494 758 1568 apparet
778 1495 814 1547 et
834 1482 872 1547 fit
892 1485 924 1546 in
942 1484 1071 1546 mundo
1091 1484 1248 1556 naturali,
1269 1484 1362 1548 ducit
1380 1506 1457 1548 cau·

338 1599 411 1642 sam
436 1599 481 1642 ex
505 1579 633 1641 mundo
656 1577 831 1659 spirituali.
879 1575 935 1639 Ex
960 1575 1011 1638 his
1035 1587 1195 1640 constare
1219 1587 1346 1659 potest,
1368 1578 1457 1660 quod

338 1671 524 1754 spiritualis
544 1671 648 1733 homo
672 1688 809 1750 prorsus
832 1664 1015 1731 distinctus
1038 1669 1083 1731 sit
1102 1689 1121 1730 a
1142 1669 1289 1731 naturali
1307 1668 1456 1738 homine,

338 1774 374 1827 et
397 1763 488 1845 quod
512 1761 671 1824 nonalia
701 1761 970 1824 communicatio
993 1761 1198 1835 intercedat,
1224 1782 1325 1843 quam
1350 1763 1457 1843 qualis

338 1866 392 1919 est
416 1857 505 1918 inter
528 1873 665 1917 causam
684 1864 720 1917 et
739 1851 906 1916 effectum.

400 1961 494 2032 ψ.
527 1945 591 2028 tii.)
619 1945 736 2023 Qualis
755 1943 924 2008 naturalis
942 1944 1037 2007 homo
1052 1953 1113 2019 est,
1133 1945 1229 2024 apud
1243 1966 1337 2027 quem
1353 1947 1455 2026 spiri·

337 2038 440 2104 tualis
456 2039 589 2120 gradus
611 2047 750 2119 apertus
772 2048 832 2112 est,
850 2045 946 2118 patet
965 2057 985 2099 a
1007 2034 1230 2118 supradictis:
1255 2038 1377 2120 quibus
1397 2041 1455 2102 ad-

337 2132 487 2195 dendum
511 2141 576 2204 est,
601 2131 693 2212 quod
717 2129 883 2194 naturalis
906 2129 1011 2193 homo
1034 2130 1080 2193 sit
1103 2130 1224 2211 plenus
1248 2130 1353 2194 homo
1376 2133 1455 2194 dum

337 2223 521 2308 spiritualis
545 2224 671 2304 gradus
693 2223 783 2304 apud
806 2221 902 2286 illum
926 2233 1065 2304 apertus
1088 2233 1162 2299 est;
1187 2232 1241 2285 est
1262 2225 1353 2287 enim
1373 2234 1454 2288 tunc

337 2319 557 2381 consociatus
577 2315 711 2396 angelis
737 2315 770 2377 in
794 2315 903 2390 caelo,
924 2325 959 2379 et
979 2315 1079 2377 simul
1102 2315 1322 2378 consociatus
1337 2316 1453 2379 ‘homi-

337 2410 435 2473 nibus
464 2411 499 2472 in
529 2408 668 2482 mundo,
693 2416 728 2470 et
759 2407 872 2490 quoad
903 2416 1082 2488 utrumque
1105 2408 1189 2470 vivit
1213 2408 1277 2471 sub
1304 2409 1455 2490 auspicio

318 2511 321 2516 ’
337 2499 475 2564 Domini
491 2522 498 2576 ;
529 2498 712 2581 spiritualis
736 2500 827 2562 enim
850 2500 955 2562 homo
974 2499 1086 2562 haurit
1107 2500 1273 2562 mandata
1291 2521 1351 2582 per
1370 2501 1455 2565 Ver-

336 2593 415 2656 bum
432 2615 452 2655 a
470 2593 629 2666 Domino,
643 2599 678 2654 et
693 2591 753 2655 illa
770 2613 829 2673 per
845 2592 1036 2654 naturalem
1054 2591 1228 2655 hominem
1245 2595 1453 2675 exsequitur.

335 2683 509 2747 Naturalis
526 2684 641 2756 hom0,
653 2684 706 2745 cui
723 2684 850 2765 gradus
867 2683 1050 2765 spiritualis
1067 2695 1205 2766 apertus
1222 2696 1288 2760 est,
1304 2705 1372 2748 non
1390 2686 1453 2749 scit

336 2777 426 2860 quod
450 2776 583 2856 cogitet
607 2784 641 2837 et
666 2786 749 2857 agat
773 2797 818 2838 ex
842 2777 1009 2858 spirituali
1033 2797 1094 2839 suo
1118 2777 1279 2854 homine;
1312 2787 1454 2859 apparet

335 2870 425 2932 enim
446 2869 533 2931 sicut
554 2889 599 2930 ex
618 2888 666 2942 se,
687 2888 763 2931 cum
788 2879 904 2931 tamen
930 2889 996 2931 non
1021 2890 1065 2932 ex
1090 2889 1127 2931 se
1145 2869 1207 2931 sed
1226 2890 1272 2932 ex
1294 2869 1451 2933 Domino.

335 2959 509 3023 Naturalis
533 2960 637 3023 homo
661 2959 754 3040 cujus
777 2961 903 3042 gradus
927 2961 1111 3042 spiritualis
1134 2971 1274 3044 apertus
1304 2972 1370 3036 est,
1391 2981 1451 3025 nec

335 3053 399 3114 scit
419 3053 510 3134 quod
527 3074 586 3135 per
602 3053 814 3133 spiritualem
831 3073 928 3116 suum
945 3053 1118 3116 hominem
1138 3055 1170 3116 in
1190 3053 1289 3118 caelo
1305 3055 1360 3129 sit,
1378 3073 1452 3117 curn

334 3154 451 3208 tamen
463 3145 647 3227 spiritualis
664 3145 734 3225 ejus
750 3145 855 3208 homo
872 3147 905 3208 iu
926 3146 1040 3209 medio
1057 3144 1257 3226 angelorum
1276 3145 1363 3210 caeli
1379 3157 1452 3221 est;

335 3239 538 3320 quandoque
558 3240 663 3301 etiarn
683 3237 815 3318 angelis
834 3248 989 3319 apparet,
1011 3240 1072 3300 sed
1092 3240 1169 3321 quia
1188 3237 1334 3302 retrahit
1355 3260 1390 3302 se
1409 3237 1451 3300 ad

334 3331 527 3393 naturalem
543 3349 638 3392 suum
659 3329 845 3404 hominem,
867 3341 945 3412 post
965 3331 1103 3394 brevem
1124 3351 1255 3394 moram
1274 3331 1320 3394 ibi
1339 3331 1450 3412 dispa-

334 3433 436 3485 ratur.
483 3422 657 3485 Naturalis
671 3423 774 3485 homo
790 3423 878 3504 apud
896 3442 995 3504 quem
1012 3423 1197 3503 spiritualis
1214 3423 1341 3504 gradus
1354 3443 1451 3505 aper·

334 3523 388 3576 tus
408 3524 471 3586 est,
494 3534 555 3577 nec
576 3516 640 3577 scit
657 3515 748 3596 quod
768 3515 953 3596 spiritualis
970 3513 1040 3595 ejus
1058 3535 1153 3577 mens
1173 3514 1358 3597 impleatur
1377 3515 1450 3577 mil-

334 3604 420 3667 lenis
443 3607 575 3667 arcanis
595 3607 795 3686 sapientiae,
816 3617 849 3669 et
873 3607 1021 3669 millenis
1037 3606 1309 3687 jucunditatibus
1329 3608 1452 3671 amoris

333 3718 353 3759 a
368 3695 528 3768 Domin0‚
542 3707 576 3760 et
591 3699 681 3779 quod
695 3699 727 3760 in
742 3698 800 3760 illa
814 3709 891 3778 post
904 3709 1048 3762 mortem
1063 3701 1191 3772 veniat,
1206 3720 1283 3762 curn
1297 3699 1450 3782 fitange-

333 3788 395 3850 lus.
442 3785 552 3850 Causa
576 3789 666 3870 quod
692 3791 854 3852 naturalis
877 3792 980 3853 homo
1004 3791 1062 3853 illa
1087 3812 1154 3854 non
1179 3792 1277 3864 sciat.
1297 3803 1352 3856 est
1376 3793 1451 3875 quia

333 3884 601 3946 communicatio
621 3885 710 3946 inter
729 3884 900 3947 hominem
920 3887 1109 3949 naturalem
1130 3899 1165 3950 et
1186 3887 1398 3970 spiritualem
1415 3886 1451 3950 fit

332 3998 392 4058 per
411 3979 747 4060 correspondentiaS,
768 3990 803 4043 et
822 3982 1087 4044 communicatio
1105 4003 1165 4064 per
1181 3985 1450 4064 corresponden-

333 4074 398 4136 tias
419 4094 486 4137 nou
507 4077 691 4157 percipitur
710 4075 810 4139 aliter
829 4077 860 4138 in
882 4075 1060 4140 intellectu
1079 4099 1181 4161 quarn
1201 4080 1291 4161 quod
1311 4081 1449 4142 videan-

332 4180 388 4232 tur
407 4191 487 4232 vera
510 4171 543 4232 in
568 4171 654 4246 luce,
672 4180 707 4234 et
731 4172 764 4233 in
788 4173 968 4236 voluntate
993 4195 1093 4256 quarn
1118 4175 1207 4257 quod
1232 4185 1452 4255 praestentur

334 4285 412 4327 usus
432 4287 476 4328 ex
496 4264 684 4330 affectione.

396 4372 492 4441 253·
525 4359 599 4444 (iii.)
627 4360 744 4440 Qualis
759 4372 811 4425 est
825 4361 919 4424 homo
938 4365 1108 4428 naturalis
1127 4364 1222 4446 apud
1236 4353 1331 4446 querit
1347 4363 1450 4446 spiri·

333 4452 436 4515 tualis
448 4457 586 4536 gradus
602 4478 664 4520 non
680 4466 816 4538 apertus
832 4468 891 4532 est,
906 4459 968 4521 sed
979 4481 1081 4542 usque
1096 4481 1158 4523 non
1174 4459 1450 4541 occlusus.—Spi·

332 4549 463 4612 ritualis
482 4553 609 4632 gradus
634 4553 722 4636 apud
747 4553 824 4617 illos
844 4574 911 4616 non
932 4567 1071 4637 apertus
1090 4567 1155 4629 est,
1177 4555 1236 4618 sed
1257 4575 1362 4637 usque
1382 4573 1450 4618 non

331 4643 500 4718 occlusus,
518 4647 574 4726 qui
597 4647 745 4732 aliquam
770 4649 949 4713 charitatis
969 4653 1076 4714 vitam
1099 4660 1255 4733 egerunt,
1273 4660 1309 4714 et
1334 4661 1449 4714 tamen
