3424 5368
503 687 553 737 uu
576 687 712 737 urvrun
734 687 1090 741 anovmsumn-u.
1109 694 1182 762 255.
1354 698 1414 765 ¹99

278 861 449 945 decalogi,
470 861 659 926 salvantur.
706 867 764 928 led
795 862 852 928 Ex
872 863 926 928 his
945 873 1058 949 patet,
1078 867 1171 951 quod
1187 869 1266 952 quia
1286 868 1406 933 Domi·

279 977 341 1020 nus
368 957 444 1021 vult
475 960 628 1022 omnium
658 958 818 1034 salutem,
839 961 1029 1042 providerit
1059 963 1165 1025 etiarn
1198 973 1235 1028 ut
1267 964 1409 1048 quisque

277 1052 426 1136 aliquem
439 1051 554 1117 locum
570 1053 604 1116 in
621 1054 720 1118 caelo
732 1055 841 1135 possit
858 1055 996 1131 habere,
1011 1057 1038 1120 si
1056 1058 1144 1121 bene
1161 1059 1257 1122 vivit.
1305 1057 1407 1142 Quod

278 1148 411 1212 caelum
431 1168 546 1213 coram
566 1149 717 1213 Domino
736 1150 781 1214 sit
800 1151 890 1214 sicut
910 1171 996 1214 unus
1015 1149 1142 1226 Homo,
1163 1163 1199 1217 et
1221 1154 1312 1238 quod
1328 1155 1407 1219 inde

277 1245 410 1308 caelum
425 1245 694 1326 correspondeat
707 1246 866 1309 omnibus
880 1254 917 1310 et
933 1247 1077 1329 singulis
1091 1268 1178 1330 quae
1190 1249 1279 1332 apud
1293 1249 1404 1313 homi·

278 1359 356 1403 nem
381 1352 481 1417 sunt;
514 1351 549 1403 et
573 1341 793 1424 quodetiam
817 1343 887 1405 sint
911 1343 967 1425 qui
991 1341 1142 1406 referunt
1165 1354 1274 1418 cutes,
1295 1364 1402 1409 mem·

276 1434 414 1510 branas,
438 1435 660 1518 cartilagines
683 1446 720 1500 et
745 1457 835 1510 ossa,
861 1437 1019 1501 videatur
1046 1438 1080 1500 in
1105 1458 1208 1520 opere
1231 1437 1283 1502 De
1308 1438 1407 1504 Caelo

276 1538 309 1593 et
318 1531 465 1612 inferno,
480 1531 640 1606 Londini,
658 1533 748 1613 1758,
763 1533 861 1596 edito
875 1533 923 1614 (n.
939 1532 1079 1616 59-102)
1094 1554 1101 1609 ;
1121 1543 1194 1597 tum
1208 1535 1240 1595 in
1254 1534 1403 1598 Arcant’s

280 1623 486 1690 Caelestibus
504 1625 552 1710 (n.
572 1641 587 1710 5
594 1643 608 1709 5
615 1627 721 1708 52-¹¹¹5
728 1627 823 1710 569);
845 1639 880 1691 et
899 1649 1034 1711 quoque
1048 1649 1150 1711 supra
1166 1627 1213 1710 (n.
1230 1631 1404 1712 201-204).

340 1735 435 1806 255.
466 1722 529 1807 (ii.)
564 1721 662 1802 Quod
680 1744 768 1786 mere
789 1723 959 1786 naturalis
983 1722 1079 1786 homo
1100 1735 1217 1788 contra
1241 1723 1403 1788 Dtuz'nam

276 1817 531 1882 Providentiam
552 1840 589 1883 se
608 1819 791 1903 confirmet,
810 1839 883 1882 cum
906 1819 1034 1901 spebiat
1056 1820 1253 1902 religiosum
1275 1818 1400 1883 Manu-

276 1913 460 1988 medanum,
473 1914 565 1996 quod
575 1936 597 1977 a
612 1924 661 1977 tot
675 1913 826 1996 imperiis
841 1924 874 1977 et
888 1913 1006 1997 regnis
1017 1925 1180 1996 receptum
1195 1913 1400 1996 sit—Quod

275 2006 341 2072 hoc
359 2009 558 2090 religiosum
569 2021 748 2092 receptum
766 2011 810 2073 sit
828 2031 847 2073 a
864 2010 1017 2092 pluribus
1033 2011 1148 2092 regnis
1164 2031 1265 2094 quam
1279 2011 1401 2092 religio

275 2101 481 2179 Christiana,
499 2115 616 2187 potest
634 2106 801 2169 scandalo
817 2127 894 2170 esse
911 2105 989 2181 illis,
1007 2107 1063 2189 qui
1083 2106 1125 2169 de
1143 2106 1266 2168 Divina
1284 2104 1398 2169 Provi-

276 2199 394 2263 dentia
410 2201 581 2282 cogitant,
596 2212 631 2264 et
649 2201 749 2264 simul
766 2202 922 2276 credunt,
940 2203 1032 2284 quod
1051 2222 1118 2264 non
1136 2202 1257 2284 aliquis
1274 2201 1400 2266 salvari

276 2297 397 2376 possit,
416 2296 478 2358 nisi
498 2298 554 2379 qui
574 2297 790 2360 Christianus
807 2309 910 2360 natus
930 2309 995 2372 est,
1017 2297 1065 2360 ita
1085 2297 1140 2360 ubi
1157 2296 1311 2360 Verbum
1331 2308 1397 2374 est,

274 2399 310 2453 et
331 2410 390 2472 per
413 2391 446 2453 id
470 2390 639 2453 Dominus
663 2403 766 2454 notus
789 2402 854 2455 est.
901 2390 970 2455 Ast
995 2391 1192 2474 religiosum
1218 2391 1398 2456 Mahume-

274 2483 400 2548 danum
421 2507 488 2549 non
513 2497 567 2550 est
591 2486 792 2549 scandalum
814 2487 881 2549 illis
909 2489 964 2569 qui
995 2487 1139 2550 credunt
1160 2489 1250 2569 quod
1282 2489 1399 2552 omnia

274 2581 343 2642 sint
375 2579 518 2644 Divinae
551 2580 811 2644 Providentiae:
851 2581 886 2644 hi
911 2583 1084 2662 inquirunt
1115 2583 1148 2644 in
1182 2602 1250 2666 quo
1273 2594 1338 2655 est,
1365 2594 1400 2648 et

274 2697 408 2760 quoque
435 2678 633 2754 inveniunt;
671 2687 724 2740 est
746 2678 780 2740 in
804 2699 857 2748 eo,
882 2679 973 2760 quod
998 2677 1254 2741 Mahumedana
1276 2679 1398 2761 religio

273 2783 442 2854 agnoscat
456 2773 642 2836 Dominum
658 2794 721 2857 pro
737 2772 826 2836 Filio
843 2773 919 2846 Dei,
932 2771 1196 2856 Sapientissimo
1208 2773 1397 2853 hominum,

273 2885 402 2949 proque
426 2867 583 2932 Maximo
606 2867 790 2949 Propheta,
815 2868 927 2950 quiin
952 2870 1116 2931 mundum
1140 2871 1234 2932 venit
1266 2883 1302 2934 ut
1335 2872 1397 2936 do·

273 2973 368 3026 ceret
402 2964 577 3027 homines:
614 2962 759 3044 plurima
790 2983 869 3044 pars
906 2964 1040 3027 illorum
1079 2964 1195 3046 ipsum
1232 2967 1396 3048 majorem

273 3055 482 3122 Mahumede
512 3058 650 3123 iaciunt.
697 3065 755 3127 [2.]
789 3057 840 3124 Ut
875 3059 976 3141 plene
1010 3061 1149 3135 sciatur,
1183 3063 1275 3146 quod
1310 3063 1395 3126 illud

272 3154 469 3236 religiosum
503 3175 548 3218 ex
582 3154 706 3217 Divina
731 3153 870 3217 Domini
898 3153 1120 3219 Providentia
1143 3159 1395 3222 exsuscitatum

272 3251 317 3314 sit
340 3249 383 3312 ad
407 3251 592 3314 delendum
617 3249 832 3314 idololatrias
855 3250 1000 3332 plurium
1024 3253 1191 3334 gentium,
1216 3254 1250 3314 in
1281 3253 1396 3337 aliquo

271 3347 390 3409 ordine
414 3347 558 3421 dicetur,
583 3367 686 3430 quare
710 3347 856 3426 primum
880 3345 923 3409 de
955 3348 1087 3428 origine
1111 3347 1394 3414 idololatriarum.

271 3440 368 3508 Ante
391 3443 473 3506 illud
498 3443 695 3524 religiosum
719 3439 780 3504 suit
811 3440 924 3504 cultus
947 3441 1116 3505 idolorum
1141 3445 1331 3506 communis
1361 3445 1394 3508 in

271 3546 350 3602 toto
386 3548 552 3602 terrarum
590 3538 682 3600 orbe.
730 3534 844 3601 Causa
879 3536 952 3612 luit,
987 3539 1066 3620 quia
1101 3537 1270 3602 ecclesiae
1312 3551 1394 3605 ante

270 3633 457 3696 adventum
478 3633 617 3696 Domini
639 3631 774 3698 suerunt
798 3653 918 3696 omnes
937 3633 1105 3696 ecclesiae
1125 3636 1392 3713 repraesentati·

269 3749 343 3792 vae.
388 3727 485 3792 Talis
506 3729 612 3791 etiam
631 3727 693 3791 suit
714 3729 873 3792 Ecclesia
892 3728 1103 3807 israelitica;
1128 3730 1173 3791 ibi
1193 3732 1392 3807 tentorium,

268 3836 386 3888 vestes
417 3824 602 3899 Aharonis,
633 3823 811 3899 sacrificia,
842 3826 957 3888 omnia
987 3825 1110 3907 templi
1142 3824 1392 3907 Hierosolymi-

269 3922 352 3994 tani,
377 3929 412 3982 et
437 3940 570 4002 quoque
594 3930 727 3983 statuta
749 3921 1071 4001 repraesentabant.
1117 3919 1164 3983 Et
1188 3921 1278 4003 apud
1303 3924 1392 3985 anti-

268 4036 353 4098 quos
385 4013 447 4078 suit
478 4016 623 4078 scientia
657 4015 1053 4096 correspondentiarum,
1086 4036 1173 4098 quae
1201 4018 1304 4079 etiam
1339 4028 1393 4082 est

267 4111 636 4194 repraesentationum,
670 4110 745 4193 ipsa
786 4111 932 4173 scientia
969 4113 1190 4194 sapientium,
1229 4113 1393 4194 imprimis

267 4205 409 4270 exculta
427 4207 461 4268 in
480 4205 668 4288 Aegypt03
693 4205 772 4268 inde
789 4204 923 4269 illorum
940 4206 1213 4289 hieroglyphice.
1259 4206 1315 4270 Ex
1336 4208 1395 4272 illa

267 4302 412 4366 scientia
436 4302 622 4376 sciverunt,
647 4301 728 4383 quid
756 4300 998 4382 significabant
1023 4305 1134 4366 omnis
1161 4305 1297 4385 generis
1320 4305 1393 4366 ani-

266 4396 380 4472 malia,
397 4406 470 4461 tum
491 4395 571 4479 quid
587 4397 699 4460 omnis
715 4397 852 4478 generis
869 4397 1018 4472 arbores,
1036 4408 1073 4460 ut
1090 4409 1126 4461 et
1144 4399 1224 4480 quid
1244 4409 1392 4475 montes,

266 4491 385 4566 colles,
406 4491 509 4566 fluvii,
529 4491 654 4566 sontes,
675 4500 711 4554 et
735 4512 870 4574 quoque
890 4492 969 4574 quid
989 4492 1052 4566 sol,
1074 4492 1164 4568 luna,
1185 4491 1335 4570 stellae3
1359 4504 1394 4559 et

266 4588 344 4669 quia
362 4587 472 4651 omnis
492 4586 605 4650 cultus
621 4587 758 4650 illorum
776 4596 849 4650 erat
868 4589 1182 4670 repraesentativus
1197 4589 1392 4652 consistens

252 4700 310 4746 'ex
327 4683 428 4748 meris
441 4683 766 4765 correspondentiis,
780 4682 860 4747 ideo
876 4703 977 4765 super
990 4682 1164 4746 montibus
1180 4693 1217 4746 et
1234 4682 1390 4760 collibus,
