3448 5374
530 670 580 719 DE
604 669 741 719 DIVINA
765 668 1122 720 PROVIDENTIA.-N.
1142 672 1192 739 32.
1383 674 1422 724 21

359 857 434 926 3⁰.
465 842 608 908 Caelum
625 843 765 906 Domini
783 843 818 906 in
836 842 966 907 mundo
982 840 1131 906 naturali
1149 852 1295 908 vocatur
1310 843 1425 910 eccle·

295 939 357 1016 sia,
375 950 410 1003 et
430 939 576 1022 angelus
592 939 689 1021 hujus
707 939 793 1003 caeli
812 950 868 1002 est
887 939 993 1002 homo
1009 937 1178 1003 ecclesiae
1197 941 1253 1023 qui
1273 940 1426 1007 Domino

295 1033 498 1118 conjunctus
517 1043 584 1111 est,
604 1036 659 1099 hic
678 1037 784 1100 etiam
805 1045 885 1118 post
904 1056 1089 1100 excessum
1112 1058 1132 1101 e
1151 1039 1280 1102 mundo
1299 1038 1338 1103 fit
1361 1059 1423 1104 an·

295 1131 396 1214 gelus
418 1131 507 1196 caeli
531 1132 741 1214 spiritualis:
774 1153 819 1196 ex
843 1154 910 1216 quo
933 1143 1044 1217 patet,
1069 1134 1161 1219 quod
1184 1136 1307 1212 simile,
1331 1135 1424 1221 'quod

295 1226 425 1292 dietum
448 1237 503 1293 est
526 1228 569 1292 de
592 1227 691 1292 caelo
710 1227 883 1311 angelico,
901 1230 1167 1313 intelligendum
1189 1231 1235 1295 sit
1258 1232 1302 1296 de
1325 1231 1426 1298 caelo

295 1321 458 1400 humano,
476 1323 569 1407 quod
588 1333 733 1387 vocatur
748 1323 907 1388 ecclesia.
953 1321 1158 1407 Coujunstio
1172 1325 1233 1390 illa
1248 1327 1426 1410 reciproca

296 1438 374 1484 cum
394 1418 557 1497 Domino,
578 1439 666 1502 quae
689 1418 772 1483 facit
795 1419 930 1484 caelum
946 1421 1037 1505 apud
1060 1420 1249 1500 hominem,
1268 1422 1426 1489 revelata

294 1523 351 1580 est
371 1535 392 1578 a
409 1514 563 1579 Domino
582 1513 636 1579 his
654 1515 767 1580 verbis
787 1516 879 1600 apud
896 1515 1114 1594 Johannem:

345 1648 481 1700 “Meneta
499 1649 527 1699 in
546 1647 601 1711 Me,
613 1650 696 1700 etiam
710 1649 769 1713 Ego
787 1649 815 1700 in
828 1651 906 1700 vobis
917 1664 936 1711 ;.
980 1651 1037 1729 .qpi
1051 1660 1144 1703 manet
1161 1652 1190 1702 in
1206 1650 1260 1728 Me,
1272 1661 1300 1704 et
1318 1651 1378 1716 Ego
1396 1653 1426 1706 ln

427 1716 483 1776 illo,
497 1715 541 1765 hic
558 1716 611 1765 lert
629 1714 746 1766 fructum
761 1717 893 1778 multum
917 1731 980 1782 quia
993 1731 1052 1768 ame
1070 1732 1114 1767 me
1131 1732 1188 1768 non
1206 1719 1320 1783 potestis
1335 1719 1426 1770 lacera

426 1779 591 1847 quicquam''
604 1780 658 1845 (xv.
669 1795 694 1843 4,
708 1795 730 1843 5,
744 1779 777 1844 7).

356 1923 425 1992 31·
455 1908 513 1973 Ex
529 1909 584 1973 his
595 1920 758 1974 constare
771 1919 902 1993 potest,
916 1910 1009 1992 quod
1026 1908 1195 1976 Dominus
1211 1911 1256 1977 sit
1269 1911 1425 1992 Caelum,

294 2023 365 2068 non
384 2004 491 2068 modo
509 2005 544 2068 in
563 2005 739 2069 communi
756 2007 847 2088 apud
867 2025 988 2070 omnes
1007 2006 1064 2082 ibi,
1084 2008 1145 2070 sed
1165 2008 1271 2072 etiam
1291 2009 1326 2071 in
1344 2028 1426 2091 par·

293 2098 432 2164 ticulari
448 2100 539 2183 apud
555 2103 816 2184 unumquemvis
832 2101 889 2164 ibi.
934 2099 1000 2165 Est
1017 2103 1109 2165 enim
1122 2103 1267 2187 quisque
1278 2103 1426 2186 angelus

294 2192 431 2257 caelum
453 2193 488 2258 in
506 2195 649 2259 minima
666 2195 799 2276 forma3
823 2217 870 2261 ex
894 2207 950 2261 tot
969 2197 1075 2260 caelis
1093 2208 1178 2280 quot
1197 2209 1277 2263 sunt
1295 2198 1424 2282 angeli,

294 2299 349 2352 est
372 2285 506 2354 caelum
529 2291 564 2354 in
587 2292 782 2371 communi;
809 2292 901 2376 quod
925 2293 974 2355 ita
998 2293 1054 2367 sit,
1079 2294 1239 2358 videatur
1261 2294 1296 2358 in
1318 2315 1424 2378 opere

293 2383 346 2449 De
365 2383 466 2451 Caelo
482 2395 515 2450 ct
536 2385 675 2467 Inferna
695 2385 742 2471 (n.
765 2387 897 2471 51-58).
944 2384 1116 2468 Quoniam
1134 2389 1184 2454 ita
1207 2398 1273 2466 est,
1295 2409 1338 2454 ne
1361 2390 1423 2454 ali·

293 2481 368 2564 quis
386 2480 504 2546 foveat
523 2502 704 2547 erroneum
720 2483 767 2560 id,
785 2484 877 2567 quod
896 2483 987 2565 apud
1006 2483 1137 2548 multos
1156 2486 1250 2550 cadit
1268 2486 1303 2550 in
1326 2486 1422 2570 cogi·

292 2577 466 2641 tationem
479 2577 635 2660 primam,
650 2579 742 2661 quod
759 2578 929 2642 Dominus
941 2579 987 2643 sit
1003 2579 1036 2641 in
1053 2579 1152 2644 caelo
1164 2581 1253 2645 inter
1264 2581 1423 2664 angelos,

292 2681 352 2736 aut
374 2673 466 2756 quod
490 2674 535 2738 sit
558 2675 650 2757 apud
669 2674 749 2738 illos
772 2675 860 2738 sicut
883 2695 947 2739 rex
980 2683 1035 2739 est
1069 2675 1103 2738 in
1138 2695 1201 2740 suo
1222 2697 1343 2760 regno,
1368 2687 1424 2744 est

292 2788 396 2850 supra
413 2768 493 2832 illos
512 2771 626 2852 quoad
646 2767 825 2853 aspedium
847 2770 883 2834 in
905 2768 987 2834 Sole
1002 2770 1049 2835 ibi
1060 2790 1070 2851 ;
1099 2770 1161 2838 sed
1179 2773 1294 2857 quoad
1313 2774 1423 2840 vitam

292 2865 419 2928 amoris
439 2875 476 2929 et
494 2867 686 2948 sapientiae
706 2867 844 2930 illorum
864 2868 897 2930 in
917 2866 995 2931 illis.

356 2973 424 3042 32.
449 2958 513 3043 (ii.)
542 2960 640 3040 Quod
653 2961 749 3026 homo
766 2983 809 3026 ex
825 2962 989 3026 creatione
1003 2963 1087 3028 talis
1105 2964 1163 3042 sit,
1180 2975 1218 3030 ut
1230 2965 1374 3049 propius
1391 2975 1425 3032 et

289 3054 430 3141 propius
451 3056 611 3140 conJ'ungi
632 3058 746 3140 possit
767 3057 919 3134 Domino,
944 3069 1107 3124 constare
1130 3070 1249 3142 potest
1277 3083 1323 3125 ex
1354 3061 1424 3126 illis

293 3172 381 3234 quae
397 3151 431 3214 in
449 3149 683 3218 transactione
699 3153 751 3216 De
765 3153 891 3217 Desino
901 3153 1029 3218 Amore
1042 3165 1075 3218 et
1088 3156 1218 3220 Divina
1234 3156 1422 3240 Sapientia,

293 3245 327 3311 in
352 3247 454 3311 Parte
473 3247 605 3324 Tertia,
625 3249 670 3313 de
701 3247 872 3312 Gradibus
895 3259 1038 3313 ostensa
1062 3260 1154 3326 sunt,
1176 3251 1210 3314 in
1233 3254 1349 3334 specie
1375 3274 1421 3318 ex

292 3341 346 3407 his
363 3343 428 3406 ibi:
446 3341 557 3424 ,Quod
573 3354 643 3408 tres
655 3345 783 3427 gradus
796 3345 937 3410 discreti
952 3366 1012 3409 seu
1023 3345 1217 3410 altitudinis
1232 3348 1267 3411 in
1283 3347 1422 3414 homine

293 3459 339 3502 ex
363 3441 540 3504 creatione
559 3440 629 3506 sint
655 3439 703 3526 (n.
722 3433 897 3524 230-233).
944 3438 1046 3522 Quod
1070 3452 1141 3506 tres
1165 3441 1214 3506 illi
1236 3444 1364 3526 gradus
1386 3445 1422 3511 in

294 3538 416 3620 quovis
434 3536 574 3603 homine
593 3559 614 3604 a
632 3540 818 3604 nativitate
836 3539 916 3616 sint,
937 3550 973 3603 et
992 3540 1084 3623 quod
1103 3541 1192 3606 sicut
1210 3543 1421 3625 aperiuntur,

294 3631 401 3696 homo
419 3633 453 3696 in
471 3632 622 3698 Domino
638 3636 695 3710 sit,
713 3644 749 3699 et
768 3634 938 3698 Dominus
956 3635 991 3698 in
1009 3635 1070 3699 illo
1091 3634 1139 3718 (n.
1156 3636 1330 3724 236-241).
1376 3639 1424 3706 Et

294 3729 386 3811 quod
406 3748 528 3794 omnes
547 3727 776 3812 perfectiones
796 3741 955 3795 crescant
974 3742 1010 3796 et
1029 3732 1223 3798 ascendant
1246 3754 1325 3799 cum
1342 3756 1421 3819 gra·

293 3827 404 3900 dibus,
425 3836 461 3890 et
484 3828 674 3892 secundum
697 3827 776 3892 illos
797 3826 845 3910 (n.
868 3827 1040 3914 199-204).
1088 3828 1146 3893 Ex
1165 3832 1289 3915 quibus
1311 3845 1422 3916 patet,

292 3923 385 4006 quod
414 3923 520 3986 homo
543 3923 623 3988 talis
646 3944 667 3987 a
690 3925 868 3988 creatione
890 3924 947 4000 sit,
968 3935 1005 3989 ut
1034 3945 1096 4008 per
1124 3927 1253 4008 gradus
1283 3931 1423 4012 propius

292 4031 329 4082 et
348 4020 488 4103 propius
504 4018 667 4102 conjungi
686 4020 797 4103 possit
818 4020 978 4084 Domino.
1026 4025 1082 4086 [2.]
1113 4019 1182 4085 Sed
1199 4025 1340 4088 omnino
1356 4027 1422 4089 sci·

291 4117 421 4180 endum
438 4128 503 4191 est,
521 4116 601 4198 quid
618 4126 699 4179 sunt
715 4117 853 4197 gradus,
867 4125 904 4180 et
919 4117 1012 4199 quod
1030 4117 1101 4181 sint
1114 4118 1261 4201 duplicis
1273 4121 1422 4202 generis,

292 4213 422 4294 gradus
437 4213 580 4278 discreti
599 4233 658 4276 seu
673 4212 880 4288 altitudinis,
898 4221 934 4277 et
950 4213 1078 4294 gradus
1095 4215 1251 4280 continui
1267 4237 1328 4281 seu
1344 4216 1423 4282 lati·

293 4308 434 4384 tudinis,
454 4317 491 4375 et
513 4329 601 4393 quae
623 4307 759 4373 illorum
779 4308 972 4372 differentia
995 4319 1071 4373 est:
1103 4319 1178 4376 tum
1200 4311 1293 4395 quod
1316 4312 1425 4380 cuivis

293 4403 424 4470 homini
444 4426 464 4469 a
483 4407 659 4471 creatione
678 4415 715 4471 et
734 4406 813 4469 inde
830 4407 1016 4470 nativitate
1033 4407 1103 4471 sint
1120 4418 1191 4471 tres
1207 4409 1336 4491 gradus
1352 4409 1422 4475 dis·

293 4503 380 4567 creti
399 4522 459 4565 seu
479 4501 692 4566 altitudinis:
724 4512 760 4567 et
784 4502 876 4584 quod
900 4502 1006 4566 homo
1035 4503 1070 4565 in
1099 4504 1245 4586 primum
1264 4506 1421 4588 gradum,

293 4599 350 4680 qui
367 4607 511 4662 vocatur
527 4598 705 4673 naturalis,
726 4598 807 4661 dum
826 4599 991 4674 nascitur,
1011 4600 1141 4690 veniat,
1160 4611 1197 4666 et
1220 4604 1313 4685 quod
1332 4603 1422 4669 hunc

294 4695 439 4774 gradum
459 4695 549 4776 apud
573 4715 610 4758 se
629 4693 739 4777 possit
762 4715 823 4778 per
841 4695 1043 4759 continuum
1059 4716 1197 4779 augere,
1215 4719 1322 4782 usque
1341 4701 1425 4768 dum
