3426 5382
519 689 577 740 DE-
594 687 733 740 mvnvs
755 685 1111 738 PROVIDENTIA.-N.
1135 689 1202 755 147.
1380 692 1425 756 99

291 860 377 927 mali
395 859 518 926 inferre
537 858 688 944 jucunda
706 859 799 934 boni,
816 879 903 942 quae
923 857 1151 939 corcordant;
1171 857 1322 941 jucunda
1340 859 1423 923 boni

291 967 375 1022 sunt
391 977 480 1041 quae
492 967 661 1020 vocantur
677 957 770 1019 bona
781 953 974 1018 charitatis.
1018 953 1076 1017 Ex
1092 954 1157 1018 hac
1171 957 1422 1021 contrarietate

292 1055 403 1119 oritur
424 1073 552 1136 pugna,
577 1071 664 1136 quae
688 1052 716 1113 si
739 1052 963 1132 ingravescit,
987 1059 1132 1114 vocatur
1155 1052 1317 1116 tentatio.
1363 1062 1423 1124 [3.]

294 1149 395 1213 Nunc
416 1151 495 1232 quia
517 1148 623 1212 homo
647 1159 701 1211 est
725 1146 830 1210 homo
850 1167 895 1209 ex
919 1147 1058 1210 interno
1080 1147 1305 1229 cogitationis
1328 1166 1422 1220 suae,

291 1246 359 1310 hoc
383 1247 476 1310 enim
499 1254 554 1309 est
582 1246 654 1327 ipse
680 1244 822 1325 spiritus
848 1241 1007 1318 hominis,
1032 1253 1172 1307 constat
1200 1244 1292 1325 quod
1315 1242 1423 1306 homo

291 1332 332 1406 'se
349 1342 460 1424 ipsum
480 1348 597 1424 cogat,
615 1357 693 1403 cum
711 1340 807 1421 cogit
828 1347 1013 1401 externum
1032 1359 1114 1402 suae
1134 1338 1358 1421 cogitationis
1376 1337 1421 1402 ad

292 1457 514 1515 consensum,
542 1457 601 1500 seu
629 1437 673 1500 ad
700 1434 933 1518 recipiendum
961 1430 1179 1498 alied'lionum
1207 1453 1344 1498 suarum
1367 1433 1421 1515 ju·

292 1535 417 1610 cunda,
435 1553 522 1617 quae
543 1540 624 1596 sunt
640 1533 731 1595 bona
749 1529 939 1593 charitatis.
985 1526 1088 1610 Quod
1107 1529 1172 1593 hoc
1190 1549 1260 1593 non
1279 1531 1322 1594 sit
1337 1550 1422 1592 con·

291 1639 347 1692 tra
380 1627 668 1701 rationalitatem,
699 1634 735 1688 et
769 1624 980 1699 libertatem,
1012 1625 1074 1688 sed
1108 1627 1297 1690 secundum
1330 1625 1424 1702 illas,

292 1734 412 1808 patet;
441 1743 520 1788 nam
543 1721 759 1787 rationalitas
782 1720 862 1783 iacit
886 1719 981 1782 illam
1006 1739 1169 1803 pugnarn,
1189 1722 1332 1786 libertas
1356 1741 1421 1785 ex·

291 1822 446 1903 sequitur
464 1819 581 1883 illam:
607 1819 681 1901 ipsa
699 1817 804 1880 etiam
825 1815 966 1880 libertas
985 1835 1062 1879 cum
1082 1820 1319 1883 rationalitate
1336 1821 1420 1884 resi·

291 1917 353 1982 det
368 1919 403 1981 in
419 1918 556 1980 interno
572 1913 723 1990 homine,
739 1921 773 1978 et
788 1914 833 1976 ab
848 1912 914 1977 hoc
932 1912 965 1974 in
981 1922 1140 1978 externo.
1187 1928 1244 1990 [4.]
1270 1915 1420 1999 Quando

290 2014 405 2098 itaque
424 2016 594 2078 internum
614 2013 730 2085 vincit,
748 2009 839 2093 quod
859 2006 896 2072 fit
915 2027 991 2072 curn
1011 2010 1184 2076 internum
1204 2013 1247 2076 ad
1271 2033 1419 2078 consen·

290 2131 366 2174 sum
393 2109 654 2191 et-obsequium
683 2107 864 2188 redegerat
890 2113 1084 2183 externum,
1113 2119 1195 2173 ωηο
1221 2132 1241 2173 a
1267 2111 1420 2174 Domino

291 2207 394 2270 datur
412 2205 541 2270 homini
560 2206 633 2286 ipsa
654 2203 796 2269 libertas
816 2221 851 2273 et
872 2211 945 2294 ipsa
964 2208 1205 2286 rationalitas;
1233 2226 1313 2271 nam
1334 2218 1416 2271 tunc

290 2300 395 2367 homo
425 2323 445 2364 a
476 2299 628 2365 Domino
659 2299 810 2366 aufertur
837 2325 856 2367 a
881 2305 988 2369 libero
1013 2302 1180 2380 infernali,
1201 2305 1292 2386 quod
1322 2304 1356 2367 in
1379 2325 1417 2368 se

289 2407 345 2463 est
363 2415 511 2473 servum,
528 2416 567 2461 ac
591 2395 732 2461 insertur
749 2397 782 2460 in
801 2398 943 2464 liberum
961 2400 1124 2475 caeleste,
1143 2401 1233 2482 quod
1253 2401 1287 2462 in
1306 2420 1344 2464 se
1362 2409 1416 2464 est

288 2497 399 2580 ipsum
417 2497 570 2571 liberum,
588 2508 624 2562 et
641 2498 742 2562 datur
759 2499 788 2560 ei
805 2498 1019 2561 consociatio
1036 2516 1113 2560 cum
1130 2496 1275 2579 angelis.
1313 2495 1416 2579 Quod

290 2595 379 2657 servi
397 2596 478 2667 sint,
499 2595 556 2677 qui
575 2596 607 2658 in
628 2595 791 2676 peccatis,
809 2603 844 2657 et
862 2591 952 2676 quod
971 2592 1139 2657 Dominus
1156 2593 1281 2658 liberos
1300 2594 1415 2670 iaciat,

289 2690 345 2771 qui
368 2710 428 2772 per
451 2689 604 2752 Verbum
629 2691 810 2752 veritatem
835 2689 1004 2771 recipiunt
1024 2709 1068 2772 ap
1092 2687 1184 2772 Ipso,
1208 2689 1312 2753 docet
1337 2688 1416 2773 Ipse

289 2786 379 2868 apud
403 2785 594 2860 Johannem
616 2785 697 2867 (viii.
718 2786 846 2868 31-36).

354 2885 452 2969 146.
483 2883 535 2949 Sit
563 2885 763 2969 exemplum
792 2883 1037 2949 illustrationi:
1070 2881 1187 2947 Homo
1213 2882 1270 2967 qui
1291 2881 1415 2966 jucun·

287 2977 422 3042 durnin
442 2979 756 3044 defraudationibus
776 2991 811 3044 et
832 2980 1056 3045 clandestinis
1079 2979 1177 3043 furtis
1200 2983 1413 3063 perceperat,

287 3095 328 3139 ac
348 3075 445 3139 videt
468 3088 505 3140 et
528 3079 669 3141 interius
692 3081 851 3162 agnoscit
875 3079 967 3162 quod
990 3086 1135 3159 peccata
1158 3075 1238 3151 sint,
1256 3085 1292 3140 et
1310 3096 1414 3160 prop-

288 3181 385 3238 terea
415 3173 490 3238 vult
520 3175 688 3239 desistere
719 3176 763 3240 ab
789 3176 877 3255 illis;
915 3194 992 3239 cum
1023 3173 1171 3248 desistit,
1196 3182 1277 3236 tunc
1307 3174 1416 3239 oritur

288 3289 405 3353 pugna
431 3271 556 3334 interni
586 3271 733 3335 hominis
760 3291 836 3336 cum
865 3284 1024 3337 externo.
1069 3269 1229 3333 internus
1253 3268 1358 3333 homo
1380 3269 1414 3333 in

287 3361 469 3431 affectione
493 3369 702 3432 sinceritatis
725 3378 789 3444 est,
810 3369 871 3432 sed
890 3379 1056 3433 externus
1075 3367 1185 3431 adhuc
1209 3367 1243 3429 in
1263 3363 1415 3448 jucundo

288 3461 579 3542 defraudationis;
612 3465 702 3547 quod
719 3464 917 3547 jucundum,
938 3465 1016 3548 quia
1039 3473 1093 3527 est
1117 3481 1254 3545 prorsus
1273 3463 1415 3544 opposi-

288 3567 363 3623 tum
384 3559 536 3642 jucundo
560 3561 780 3635 sinceritatis,
806 3582 874 3625 non
908 3561 1049 3636 recedit,
1072 3560 1136 3623 nisi
1170 3570 1325 3641 cogatur,
1350 3579 1415 3625 nee

288 3656 368 3738 cogi
387 3665 506 3739 potest
526 3656 590 3720 nisi
609 3677 670 3739 per
688 3675 860 3739 pugnam;
895 3667 931 3721 et
954 3667 1036 3720 tunc
1060 3675 1136 3718 curn
1155 3657 1274 3730 vincit,
1295 3666 1415 3720 exter·

289 3772 353 3815 nus
376 3751 480 3815 homo
506 3753 540 3815 in
565 3751 751 3835 jucundum
775 3754 902 3817 amoris
925 3754 1058 3826 sinceri,
1083 3754 1139 3835 qui
1168 3763 1222 3816 est
1252 3752 1415 3830 charitas,

288 3847 408 3927 venit;
446 3856 571 3931 postea
593 3849 788 3913 successive
808 3848 994 3930 jucundum
1018 3847 1286 3914 defraudationis
1316 3848 1354 3914 fit
1385 3850 1416 3913 ei

288 3941 520 4025 injucundum.
565 3941 684 4008 Simile
712 3953 766 4008 est
796 3963 873 4008 cum
903 3945 1040 4028 reliquis
1071 3947 1235 4026 peccatis,
1267 3955 1304 4009 ut
1338 3965 1415 4010 cum

288 4039 466 4104 adulteriis
482 4049 518 4103 et
538 4039 820 4114 scortationibus,
841 4038 1000 4104 vindieiis
1023 4051 1058 4105 et
1078 4041 1176 4114 odiis,
1196 4041 1416 4124 blasphema·

289 4136 442 4200 tionibus
469 4145 505 4200 et
535 4136 733 4199 mendaciis.
780 4134 848 4200 Sed
882 4137 1034 4200 omnium
1066 4135 1267 4201 difficillima
1301 4157 1419 4221 pugna

289 4244 344 4297 est
363 4253 439 4296 curn
463 4252 581 4296 amore
605 4232 805 4295 dominandi
829 4253 875 4296 ex
898 4252 1015 4296 amore
1041 4233 1109 4296 sui:
1144 4234 1200 4317 qui
1222 4234 1313 4298 hunc
1337 4233 1418 4298 sub·

286 4327 394 4411 jugat,
414 4327 516 4392 facile
535 4327 697 4410 subjugat
720 4329 869 4412 reliquos
892 4349 1028 4393 amores
1047 4328 1170 4404 malos,
1190 4331 1269 4412 quia
1287 4329 1346 4394 ille
1364 4339 1418 4394 est

290 4444 408 4487 eorum
428 4434 543 4506 caput.

354 4533 447 4603 147.
478 4518 598 4583 Paucis
617 4521 723 4584 etiam
747 4521 914 4594 tradetur,
936 4523 1110 4604 quomodo
1135 4521 1304 4585 Dominus
1328 4519 1420 4602 ejicit

289 4616 588 4695 concupiscentias
605 4615 696 4685 mali.
715 4637 801 4698 quae
818 4617 991 4680 internum
1008 4617 1184 4682 hominem
1199 4639 1219 4681 a
1237 4618 1422 4681 nativitate

222 4715 224 4718 ’
288 4709 465 4788 obsident,
485 4720 522 4776 et
549 4709 627 4775 loco
657 4710 791 4775 illarum
818 4713 907 4776 indit
937 4709 1134 4778 affediiones
1165 4713 1258 4790 boni,
1282 4713 1422 4796 quando
