3268 5380
399 686 449 735 ne
473 687 607 736 mvrno
631 687 775 751 anons,
797 687 889 738 rans
913 688 1046 739 111.—N.
1067 689 1138 762 ²54·
1270 693 1327 759 103

207 875 327 941 parum
346 857 485 939 genuini
505 858 575 921 veri
593 858 777 921 sciverunt.
823 857 933 922 Causa
950 870 1014 933 est,
1032 860 1110 942 quia
1128 861 1254 942 gradus
1271 861 1330 925 ille

207 951 356 1031 aperitur
375 969 435 1031 per
454 947 730 1031 conjundtionem
744 951 868 1014 amoris
885 961 920 1013 et
937 953 1138 1033 sapientiae,
1160 973 1219 1014 seu
1236 953 1328 1016 calo·

207 1043 252 1104 ris
276 1060 352 1104 cum
377 1040 471 1105 luce:
507 1043 600 1105 solus
625 1062 721 1105 amor
744 1063 803 1105 seu
827 1043 920 1105 solus
940 1043 1034 1106 calor
1053 1044 1239 1126 spiritualis
1260 1066 1329 1109 non

206 1134 317 1215 aperit
342 1133 448 1208 illum,
474 1154 536 1196 nec
560 1135 635 1196 sola
665 1135 835 1217 sapientia
858 1155 917 1198 seu
941 1135 1014 1197 sola
1039 1135 1098 1198 lux
1123 1137 1328 1217 spiritualis;

206 1225 268 1286 sed
285 1235 430 1310 utraque
445 1227 478 1288 in
496 1223 745 1307 conjundtione.
793 1225 1012 1309 Quapropter
1029 1230 1056 1291 si
1069 1230 1218 1310 genuina
1234 1250 1327 1304 vera,

207 1337 252 1378 ex
272 1317 392 1400 quibus
412 1319 582 1398 sapientia
602 1339 662 1382 seu
679 1318 750 1393 lux,
769 1338 837 1380 non
854 1321 1017 1394 sciuntur,
1035 1339 1131 1383 amor
1147 1341 1216 1383 non
1234 1321 1328 1384 valet

206 1408 302 1471 illum
322 1409 467 1490 gradum
490 1412 634 1492 aperire,
656 1412 716 1474 sed
740 1411 850 1474 solum
874 1421 973 1475 tenet
992 1412 1087 1474 illum
1108 1415 1140 1475 in
1160 1416 1329 1496 potentia,

207 1508 244 1563 ut
263 1503 386 1583 aperiri
403 1503 533 1584 possit;
558 1503 650 1586 quod
670 1503 878 1585 intelligitur
894 1523 954 1584 per
972 1505 1063 1585 quod
1085 1525 1152 1567 non
1173 1505 1331 1568 occlusus

206 1594 260 1658 sit.
299 1593 377 1658 Hoc
395 1594 432 1658 fit
448 1595 559 1659 simile
572 1597 660 1659 sicut
674 1597 706 1657 in
721 1616 828 1677 regno
840 1596 1040 1677 vegetabili,
1053 1597 1143 1678 quod
1161 1597 1255 1659 solus
1271 1617 1328 1660 ca·

208 1687 259 1749 lor
269 1706 338 1750 non
355 1687 415 1750 det
432 1688 617 1750 seminibus
630 1698 666 1750 et
682 1687 861 1751 arboribus
872 1689 1143 1769 vegetationem,
1159 1691 1216 1752 sed
1236 1690 1330 1752 calor

205 1782 239 1841 in
267 1777 509 1860 conjundtione
539 1799 616 1842 cum
643 1780 718 1843 luce
746 1780 811 1842 hoc
836 1789 1006 1861 operatur.
1054 1780 1237 1844 Sciendum
1262 1792 1328 1856 est,

206 1872 298 1954 quod
316 1873 433 1935 omnia
448 1891 529 1935 vera
541 1873 612 1934 sint
629 1872 714 1934 lucis
731 1873 927 1954 spiritualis,
942 1893 982 1935 ac
999 1875 1115 1936 omnia
1128 1874 1218 1935 bona
1231 1872 1329 1937 1¹¹sint

205 1965 330 2028 caloris
345 1963 542 2047 spiritualis,
561 1973 597 2026 et
613 1965 704 2046 quod
720 1965 848 2027 bonum
865 1985 925 2046 per
940 1985 1021 2028 vera
1037 1966 1168 2046 aperiat
1185 1967 1328 2046 gradum

206 2056 442 2140 spiritualem;
468 2075 547 2119 nam
563 2055 692 2118 bonum
712 2077 773 2139 per
787 2077 869 2119 vera
888 2067 1050 2139 operatur
1067 2077 1174 2132 usum,
1193 2077 1231 2120 ac
1249 2080 1330 2121 usus

206 2161 286 2213 sunt
305 2149 397 2212 bona
419 2149 557 2221 amoris,
574 2168 660 2230 quae
684 2150 872 2211 essentiam
892 2169 988 2212 suam
1013 2150 1155 2212 trahunt
1180 2170 1224 2213 ex
1245 2171 1329 2214 con·

202 2238 378 2323 jundtione
402 2241 483 2304 boni
507 2249 543 2303 et
565 2241 646 2303 veri.
692 2239 774 2304 Sors
797 2240 945 2315 illorum,
975 2241 1066 2324 apud
1091 2261 1176 2324 quos
1201 2243 1329 2323 gradus

205 2335 391 2416 spiritualis
421 2353 491 2397 non
521 2341 659 2414 apertus
686 2342 749 2406 est,
770 2343 807 2397 et
831 2354 938 2416 usque
965 2353 1035 2396 non
1059 2334 1227 2408 occlusus,
1248 2345 1329 2416 post

206 2438 353 2490 mortem
372 2436 437 2500 est,
458 2426 549 2509 quod
569 2426 648 2507 quia
666 2445 771 2508 usque
791 2426 967 2489 naturales
986 2437 1066 2488 sunt
1086 2437 1122 2489 et
1141 2447 1210 2488 non
1230 2429 1328 2508 spiri·

206 2519 329 2593 tuales,
349 2520 387 2583 in
402 2517 526 2581 infimis
543 2516 629 2580 caeli
645 2518 726 2590 sint,
744 2519 800 2582 ubi
819 2516 1004 2601 aliquando
1023 2519 1106 2581 dura
1130 2519 1328 2600 patiuntur;

205 2612 261 2675 vel
282 2611 374 2693 quod
404 2610 473 2673 sint
504 2610 537 2672 in
571 2608 670 2672 caelo
699 2609 814 2692 aliquo
844 2611 1009 2692 superiori
1032 2611 1065 2672 in
1085 2613 1249 2685 terminis,
1271 2612 1328 2675 ubi

205 2705 302 2786 quasi
319 2704 353 2765 in
374 2702 451 2765 luce
469 2722 634 2783 vesperae
653 2712 755 2778 sunt;
780 2721 870 2775 nam,
889 2711 1045 2784 utsupra
1063 2698 1189 2765 dietum
1207 2715 1273 2778 est,
1294 2706 1327 2767 in

206 2796 304 2859 caelo
321 2805 356 2859 et
376 2795 408 2857 in
426 2795 614 2875 unaquavis
633 2795 803 2856 societate
822 2792 893 2873 ejus
913 2793 972 2856 lux
991 2795 1160 2858 decrescit
1178 2817 1196 2858 e
1213 2797 1329 2859 medio

204 2889 249 2951 ad
269 2888 445 2960 terminos,
467 2897 502 2950 et
522 2883 583 2949 ¹²¹in
604 2887 718 2949 medio
741 2897 821 2950 sunt
845 2887 902 2968 qui
925 2888 958 2949 in
983 2886 1116 2949 Divinis
1135 2890 1223 2951 veris
1247 2899 1328 2952 sunt

205 3001 286 3060 prae
306 2980 391 3053 aliis,
411 2999 451 3042 ac
471 2980 504 3041 in
524 2981 689 3053 terminis,
711 2979 820 3060 quiin
839 2979 956 3060 paucis
972 2980 1080 3042 veris:
1105 2999 1144 3042 ac
1162 2981 1193 3042 in
1212 2984 1329 3062 paucis

205 3074 293 3136 veris
317 3082 406 3146 sunt,
427 3072 483 3154 qui
508 3091 575 3134 non
601 3071 676 3154 plus
698 3072 811 3134 sciunt
835 3091 880 3131 ex
904 3071 1082 3152 religione,
1102 3090 1204 3153 quam
1234 3075 1327 3155 quod

206 3165 300 3228 Deus
316 3165 373 3238 sit,
394 3174 429 3227 et
449 3165 542 3246 quod
562 3164 729 3228 Dominus
748 3182 869 3245 passus
888 3163 933 3225 sit
953 3183 1014 3244 pro
1031 3164 1120 3240 illis;
1145 3171 1216 3225 tum
1235 3166 1326 3246 quod

205 3258 357 3321 charitas
374 3267 409 3320 et
426 3255 511 3320 fides
528 3257 597 3320 sint
614 3254 813 3319 essentialia
830 3253 1007 3329 ecclesiae,
1022 3265 1058 3317 et
1075 3275 1143 3317 non
1161 3265 1327 3337 satagunt

205 3351 292 3414 scire
310 3348 391 3432 quid
411 3348 495 3412 fides
515 3359 551 3412 et
570 3350 649 3432 quid
673 3348 824 3411 charitas
837 3368 844 3423 ;
870 3365 947 3409 cum
969 3357 1085 3409 tamen
1108 3345 1192 3410 fides
1216 3357 1268 3410 est
1292 3349 1326 3410 in

205 3464 266 3506 sua
289 3442 441 3506 essentia
459 3443 598 3514 veritas,
619 3460 658 3503 ac
682 3441 809 3502 veritas
829 3448 883 3501 est
903 3437 1096 3519 multiplex,
1117 3449 1153 3502 et
1176 3439 1327 3502 charitas

206 3546 260 3600 est
273 3554 375 3598 omne
393 3554 478 3616 opus
495 3533 656 3606 muneris,
671 3532 761 3614 quod
775 3531 881 3594 homo
893 3531 974 3593 lacit
986 3551 1030 3593 ex
1045 3529 1194 3594 Domino
1207 3553 1215 3610 ;
1235 3532 1326 3614 quod

205 3639 287 3692 tunc
319 3627 401 3688 facit
425 3647 470 3689 ex
496 3624 655 3695 Domino,
678 3643 754 3685 cum
774 3623 860 3705 fugit
885 3622 976 3686 mala
1000 3632 1036 3686 ut
1060 3633 1215 3706 peccata.
1261 3623 1327 3688 Est

206 3740 342 3804 prorsus
356 3719 444 3781 sicut
462 3718 552 3799 prius
571 3713 699 3778 dictum
717 3725 782 3789 est,
797 3717 887 3798 quod
908 3714 981 3778 finis
1001 3716 1045 3778 sit
1065 3735 1166 3779 omne
1190 3737 1326 3791 causae,

205 3822 242 3876 et
265 3809 404 3874 effefitus
427 3829 529 3872 omne
554 3807 628 3869 finis
652 3828 712 3889 per
734 3828 891 3870 causam:
917 3806 992 3869 finis
1016 3818 1069 3871 est
1094 3808 1243 3871 charitas
1267 3829 1326 3870 seu

206 3906 345 3976 bonum,
366 3922 469 3965 causa
491 3911 545 3964 est
565 3899 650 3963 fides
673 3921 732 3961 seu
756 3918 883 3973 verum,
905 3918 943 3961 ac
968 3896 1109 3962 effestus
1129 3909 1208 3961 sunt
1235 3899 1327 3961 bona

207 4017 311 4077 opera
334 4015 392 4057 seu
414 4015 506 4057 usus.
553 3991 609 4055 Ex
640 4012 707 4073 quo
731 4000 839 4073 patet,
865 3991 956 4072 quod
986 4012 1031 4053 ex
1055 3988 1225 4052 charitate
1256 4010 1323 4051 non

206 4089 283 4171 plus
302 4088 411 4170 possit
431 4087 544 4149 inferri
565 4084 736 4165 operibnS,
757 4102 856 4164 quarn
881 4091 1046 4164 quantum
1071 4080 1220 4143 charitas
1244 4101 1326 4142 con-

202 4181 319 4267 jundta
335 4192 388 4247 est
402 4182 490 4244 veris
506 4201 593 4262 quae
610 4178 687 4241 fidei
704 4186 877 4240 vocantur.
912 4177 975 4240 Per
990 4176 1075 4240 haec
1092 4177 1197 4238 intrat
1215 4175 1326 4238 chari-

206 4291 261 4344 tas
281 4280 313 4341 in
333 4299 447 4360 opera,
468 4285 504 4339 et
523 4274 696 4358 qualificat
716 4273 784 4336 illa.

270 4387 366 4455 254.
399 4369 472 4454 (iv.)
500 4369 617 4448 Qualis
633 4380 683 4432 est
698 4369 866 4431 naturalis
882 4368 986 4440 doma,
1005 4365 1099 4448 apud
1112 4387 1207 4448 quem
1222 4365 1327 4446 spiri-

207 4469 310 4534 tualis
319 4468 605 4550 gradusprorsus
613 4463 757 4527 occlusus
767 4463 1005 4528 est-Gradus
1017 4463 1201 4544 spiritualis
1212 4463 1327 4525 occlu-

207 4568 298 4629 ditur
322 4563 411 4645 apud
435 4564 514 4626 illos
537 4563 593 4645 qui
617 4562 650 4623 in
671 4561 770 4623 malis
794 4570 872 4623 sunt
896 4560 1007 4642 quoad
1027 4559 1144 4632 vitam,
1163 4568 1198 4620 et
1219 4560 1329 4640 magis

207 4662 297 4740 apud
315 4662 392 4724 illos
404 4661 460 4742 qui
477 4681 522 4724 ex
539 4658 638 4721 malis
654 4658 686 4720 in
704 4655 798 4719 salsis
815 4665 904 4718 sunt.
951 4654 1027 4716 Hoc
1046 4654 1154 4715 simile
1171 4664 1223 4716 est
1241 4655 1329 4716 sicut
