3418 5368
500 656 550 706 uc
574 655 711 708 nrvucn
734 657 1088 708 normanna-u.
1108 661 1180 727 233.
1347 662 1408 729 179

273 828 312 894 fit
325 829 476 894 recessio
491 851 512 894 a
527 829 620 896 bono
632 840 667 895 et
683 831 810 896 reditio
826 832 870 896 ad
886 832 1025 908 malum,
1039 833 1132 917 quod
1148 843 1202 897 est
1218 835 1404 918 pessimum

274 927 525 1010 profanationis
540 947 659 1010 genus.
707 941 764 1004 [5.]
788 928 969 993 Praeterea
984 930 1095 1012 ipsum
1108 927 1296 1012 jucundum
1310 933 1405 998 vitae

274 1021 422 1088 hominis
438 1033 493 1090 est
509 1043 625 1088 amare
637 1024 786 1106 seipsum
801 1035 838 1090 et
855 1025 1019 1090 mundum
1036 1045 1137 1108 super
1153 1027 1277 1090 omnia.
1325 1027 1403 1092 Hoc

270 1117 459 1200 jucundum
480 1140 549 1184 non
566 1130 683 1203 potest
702 1133 881 1187 momento
899 1124 1079 1197 removeri,
1101 1123 1163 1186 sed
1184 1127 1403 1202 successive;

274 1229 310 1281 at
331 1227 497 1300 quantum
516 1237 562 1280 ex
582 1216 647 1279 hoc
664 1214 815 1298 jucundo
834 1218 925 1302 apud
944 1219 1119 1282 hominem
1136 1231 1303 1294 remanet,
1324 1229 1402 1282 tan·

274 1324 348 1378 tum
363 1314 408 1377 ibi
427 1311 606 1395 praevalet
624 1312 772 1392 malum;
795 1321 832 1377 et
851 1314 916 1378 hoc
935 1315 1063 1379 malum
1084 1335 1153 1378 non
1170 1315 1272 1378 aliter
1287 1333 1401 1378 remo·

273 1411 343 1473 veri
367 1419 496 1492 potest,
522 1427 624 1490 quam
656 1417 692 1472 ut
723 1428 819 1474 amor
841 1411 892 1474 sui
914 1407 975 1475 fiat
997 1431 1094 1474 amor
1117 1431 1248 1486 usuum,
1272 1431 1332 1474 seu
1364 1419 1403 1474 ut

273 1527 369 1568 amor
389 1504 589 1568 dominandi
610 1504 745 1568 nonsit
765 1516 907 1588 propter
923 1527 960 1570 se
984 1507 1045 1569 sed
1067 1518 1207 1588 propter
1227 1527 1327 1584 usus;
1350 1506 1401 1570 sic

272 1603 363 1666 enim
378 1621 457 1664 usus
469 1599 598 1664 iaciunt
612 1610 727 1682 caput,
742 1610 779 1664 et
795 1621 890 1664 amor
905 1602 957 1664 sui
970 1623 1030 1665 seu
1042 1601 1243 1665 dominandi
1255 1603 1402 1684 primum

273 1698 352 1762 facit
369 1717 493 1778 corpus
512 1696 575 1759 sub
594 1697 718 1778 capite,
735 1716 775 1760 ac
795 1707 920 1778 postea
939 1698 1046 1779 pedes
1066 1718 1167 1782 super
1186 1699 1306 1780 quibus
1326 1718 1400 1760 am·

272 1795 378 1857 bulet.
425 1790 511 1874 Quis
530 1811 600 1855 non
618 1793 715 1855 videt
734 1793 826 1875 quod
849 1793 977 1856 bonum
997 1793 1100 1857 faciet
1118 1803 1234 1873 caput,
1252 1803 1288 1856 et
1308 1793 1400 1875 quod

272 1909 349 1954 cum
369 1890 497 1953 bonum
516 1887 598 1951 facit
615 1899 730 1968 caput,
749 1886 918 1952 Dominus
936 1889 982 1952 ibi
1000 1889 1067 1953 sit?
1113 1887 1246 1954 Bonum
1266 1899 1303 1955 et
1322 1911 1401 1954 usus

272 2005 376 2049 unum
394 1995 485 2050 sunt.
532 1981 616 2064 Quis
641 2002 710 2046 non
733 1984 840 2058 videt,
862 1985 954 2068 quod
977 1987 1004 2050 si
1031 1984 1161 2048 malum
1180 1983 1262 2050 sacit
1282 1983 1398 2069 c‘aput,

271 2080 429 2147 diabolus
448 2079 494 2142 ibi
517 2079 584 2142 sit?
630 2078 678 2142 Et
701 2081 781 2162 quia
799 2101 905 2162 usque
925 2081 1052 2144 bonurn
1073 2080 1172 2145 civile
1196 2092 1232 2145 et
1257 2082 1397 2158 morale,

271 2190 307 2243 et
329 2177 364 2239 in
387 2185 534 2239 externa
556 2173 666 2238 forma
684 2177 789 2239 etiam
808 2175 937 2240 bonum
957 2175 1146 2259 spirituale,
1163 2177 1399 2260 recipiendum

271 2284 336 2347 est,
355 2271 446 2355 quod
463 2270 528 2334 hoc
545 2279 627 2333 tunc
645 2269 748 2335 faciat
765 2272 872 2353 pedes
888 2282 925 2337 et
944 2273 1097 2355 plantas,
1114 2281 1150 2336 et
1169 2273 1398 2354 proculcetur.

270 2373 328 2434 [6.]
360 2365 444 2430 Cum
469 2367 584 2447 itaque
608 2375 721 2430 status
742 2369 836 2432 vitae
859 2368 1006 2432 hominis
1029 2369 1253 2432 invertendus
1276 2379 1339 2444 est,
1359 2379 1397 2433 ut

270 2463 362 2544 quod
381 2482 482 2545 supra
501 2471 555 2525 est
579 2461 664 2525 infra
688 2464 744 2539 sit,
765 2474 800 2526 et
823 2462 909 2528 haec
930 2485 1070 2528 versura
1090 2485 1159 2527 non
1183 2465 1256 2527 dari
1279 2475 1397 2547 potest

270 2569 459 2634 momento,
475 2556 761 2639 jucundissimum
781 2561 872 2624 enim
891 2562 995 2634 vitae,
1017 2561 1108 2644 quod
1132 2570 1187 2624 est
1210 2581 1255 2624 ex
1279 2580 1398 2624 amore

268 2655 320 2718 sui
343 2663 378 2719 et
406 2655 487 2718 inde
509 2654 663 2729 dominii,
690 2675 758 2720 non
781 2664 901 2737 potest
930 2657 993 2719 nisi
1020 2676 1123 2740 quam
1146 2657 1318 2720 sucessive
1343 2657 1395 2720 di-

268 2751 385 2825 minui,
398 2759 435 2814 et
451 2751 538 2814 verti
555 2751 589 2814 in
606 2769 759 2815 amorem
779 2770 910 2826 usuum,
928 2764 1140 2835 quapropter
1155 2772 1224 2815 non
1241 2762 1359 2835 potest
1375 2773 1399 2816 a

268 2845 421 2910 Domino
444 2845 558 2910 inferri
582 2847 710 2910 bonum
735 2847 827 2930 prius
850 2857 886 2912 et
910 2847 986 2929 plus
1011 2867 1112 2930 quarn
1137 2858 1304 2932 quantum
1328 2848 1395 2912 hoc

268 2941 396 3006 malum
414 2953 632 3020 removetur3
657 2952 693 3006 et
717 2943 744 3005 si
765 2944 856 3025 prius
879 2951 915 3007 et
941 2943 1027 3026 plus,
1049 2942 1154 3008 homo
1173 2943 1352 3006 recederet
1375 2964 1398 3006 a

267 3037 371 3114 bono,
384 3048 421 3102 et
434 3038 561 3101 rediret
572 3038 616 3100 ad
630 3056 726 3102 suum
738 3039 876 3102 malum.
923 3044 980 3106 [⁷·]
1003 3037 1172 3120 Quartum
1184 3056 1191 3098 :
1216 3037 1313 3116 Quod
1323 3059 1397 3102 cum

267 3131 362 3197 horno
380 3133 416 3197 in
433 3131 520 3196 malo
531 3142 592 3205 est,
607 3132 788 3196 intelleliui
803 3135 871 3217 rjus
883 3132 1024 3215 possint
1037 3132 1164 3214 inferri
1176 3133 1282 3195 multa
1300 3155 1395 3208 vera,

267 3237 299 3290 et
312 3225 393 3292 haec
406 3228 441 3292 in
457 3229 615 3291 memoria
632 3229 771 3304 recondi,
788 3239 821 3292 et
838 3239 948 3292 tamen
965 3249 1027 3289 non
1041 3226 1396 3309 profanari—Causa

267 3334 333 3397 est,
354 3326 432 3405 quia
451 3322 651 3387 intellectus
672 3343 741 3386 non
761 3325 869 3388 influit
889 3325 923 3386 in
943 3322 1173 3397 voluntatem,
1192 3323 1252 3386 sed
1272 3322 1392 3386 volun-

267 3430 322 3483 tas
353 3421 386 3485 in
416 3417 651 3496 intellectum
686 3429 722 3484 et
752 3422 830 3503 quia
859 3439 928 3482 non
959 3419 1067 3482 influit
1098 3419 1132 3482 in
1162 3419 1393 3494 voluntatem,

268 3515 378 3579 multa
394 3537 474 3579 vera
497 3515 541 3578 ab
563 3512 741 3579 intelledm
760 3517 864 3598 recipi
883 3524 1038 3598 possunt,
1060 3521 1096 3577 et
1117 3513 1178 3576 illa
1195 3514 1337 3577 recondi
1359 3515 1393 3578 in

268 3613 442 3686 memoria,
463 3621 499 3676 et
518 3621 638 3676 tamen
658 3631 734 3676 cum
756 3611 848 3674 malo
866 3611 1056 3675 voluntatis
1076 3629 1146 3672 non
1167 3610 1392 3686 commisceri,

266 3708 411 3790 proinde
426 3703 547 3772 sancta
563 3727 630 3770 non
649 3707 828 3789 profanari.
875 3705 923 3769 Et
940 3726 1075 3790 quoque
1091 3705 1199 3769 cuivis
1214 3706 1391 3781 incumbit,

266 3813 304 3868 ut
335 3823 417 3866 vera
445 3823 491 3866 ex
522 3800 651 3878 Verbo,
685 3811 744 3866 aut
776 3823 821 3866 ex
855 3801 1178 3886 praedicationibus,
1203 3800 1327 3875 discat,
1359 3801 1392 3863 in

267 3900 432 3963 memoria
449 3908 604 3982 reponat,
625 3919 665 3962 ac
682 3900 725 3962 de
745 3897 813 3962 illis
832 3899 986 3980 cogitet:
1013 3894 1213 3960 intellectus
1232 3897 1323 3959 enim
1347 3916 1393 3960 ex

265 3997 356 4059 veris
372 4015 458 4078 quae
478 3995 511 4058 in
529 3995 694 4058 memoria
713 4003 804 4069 sunt,
821 4003 858 4057 et
877 3993 957 4057 inde
976 3993 1010 4055 in
1029 3993 1280 4074 cogitationem
1297 3992 1391 4054 veni·

266 4103 338 4167 unt,
360 4091 500 4155 docebit
524 4090 752 4164 voluntatem,
770 4091 836 4154 hoc
861 4100 927 4164 est,
947 4089 1087 4153 docebit
1104 4088 1291 4164 hominem,
1311 4087 1392 4171 quid

263 4187 386 4266 laciet;
410 4187 476 4251 hoc
510 4187 627 4269 itaque
657 4197 712 4251 est
743 4185 929 4270 principale
956 4185 1107 4249 medium
1130 4183 1393 4258 reformationis.

266 4283 416 4368 Quando
432 4301 513 4349 vera
529 4283 639 4348 solum
658 4285 691 4347 in
710 4281 898 4358 intellectu,
911 4293 947 4346 et
967 4284 1046 4347 inde
1064 4283 1099 4347 in
1119 4281 1285 4344 memoria
1300 4289 1391 4355 sunt,

265 4402 334 4446 non
348 4393 428 4446 sunt
444 4383 479 4445 in
495 4381 645 4457 homine,
665 4383 725 4446 sed
742 4394 844 4446 extra
860 4379 965 4444 illum.
1012 4383 1069 4448 [8.]
1098 4377 1267 4442 Memoria
1281 4373 1391 4440 homi·

264 4480 317 4542 nis
348 4481 539 4562 comparari
570 4490 688 4564 potest
717 4499 794 4544 curn
823 4477 902 4542 alvo
929 4477 1154 4540 ruminatorio
1178 4473 1392 4558 quorundam

264 4579 475 4652 animalium,
497 4577 530 4640 in
548 4597 649 4660 quem
669 4577 862 4641 immittunt
881 4595 979 4637 escas
999 4593 1100 4651 suas;
1124 4592 1210 4655 quae
1231 4570 1392 4654 quamdiu

263 4675 308 4738 ibi
333 4685 426 4750 sunt,
451 4693 519 4736 non
544 4674 576 4736 in
601 4693 743 4755 corpore
767 4689 884 4734 eorum
908 4678 999 4746 sunt,
1024 4669 1085 4733 sed
1109 4676 1211 4732 extra
1235 4665 1329 4743 illud,
1354 4677 1392 4731 at
