3358 5384
477 681 527 731 DE
551 678 686 731 DIVINO
710 678 854 742 AMORE,
875 677 969 730 PARS
992 678 1098 730 1.-N.
1118 680 1169 728 22.
1362 683 1385 750 9

254 854 416 918 videatur
433 853 466 916 in
487 873 591 934 opere
609 852 660 916 De
681 851 781 918 Caelo
798 862 831 917 et
847 851 986 935 Inserno
1006 849 1053 936 (n.
1077 852 1207 937 51-87).
1253 852 1294 918 In
1317 853 1380 919 tali

257 949 366 1014 forma
388 957 443 1012 est
466 948 599 1012 caelum
624 950 657 1012 in
681 957 770 1024 toto,
791 959 900 1032 parte,
921 958 957 1013 et
979 948 1166 1026 individuo,
1185 971 1232 1014 ex
1255 949 1382 1014 Divino

253 1045 347 1129 quod
367 1044 483 1126 angeli
502 1045 691 1126 recipiunt3
724 1064 802 1108 nam
826 1055 993 1128 quantum
1017 1045 1161 1127 angelus
1184 1066 1231 1109 ex
1255 1045 1382 1110 Divino

253 1141 387 1221 recipit,
408 1149 545 1204 tantum
575 1141 609 1202 in
639 1137 790 1222 perled'ta
817 1138 926 1203 lorma
956 1140 1061 1205 homo
1091 1150 1155 1204 est.
1201 1140 1287 1204 Inde
1315 1151 1380 1218 est,

253 1236 348 1319 quod
368 1236 483 1318 angeli
506 1235 664 1299 dicantur
686 1237 720 1298 in
745 1235 820 1299 Deo
839 1255 927 1309 esse,
947 1246 983 1300 et
1007 1237 1101 1300 Deus
1130 1237 1164 1300 in
1189 1236 1275 1315 illis;
1307 1245 1381 1300 tum

252 1332 348 1414 quod
368 1330 462 1394 Deus
480 1331 525 1394 sit
545 1351 646 1395 omne
664 1330 811 1395 illorum.
857 1330 969 1414 Quam
986 1331 1096 1396 multa
1115 1341 1195 1396 sunt
1218 1334 1252 1396 in
1272 1332 1380 1408 caelo,

255 1445 324 1490 non
340 1426 487 1489 describi
503 1435 640 1508 potest;
664 1435 700 1490 et
719 1427 799 1509 quia
815 1425 976 1490 Divinum
991 1427 1074 1490 lacit
1090 1425 1235 1503 caelum,
1249 1435 1286 1490 et
1301 1427 1382 1491 inde
1482 1505 1490 1522 ·

252 1521 314 1584 illa
332 1519 516 1584 ineffabilia
535 1520 644 1585 multa
661 1542 706 1584 ex
727 1522 852 1585 Divino
872 1530 961 1596 sunt,
980 1521 1070 1586 clare
1090 1531 1199 1603 patet,
1217 1522 1309 1604 quod
1328 1522 1381 1585 in-

251 1615 351 1681 finita
368 1618 403 1680 in
421 1617 497 1698 ipso
518 1615 678 1692 Homine,
699 1618 755 1701 qui
774 1627 828 1681 est
848 1616 953 1692 Deus,
974 1617 1053 1681 sint.

318 1738 389 1789 πο.
419 1719 537 1786 Simile
554 1731 672 1803 potest
691 1722 804 1786 induci
825 1743 871 1784 ex
890 1722 1048 1786 universo
1064 1731 1193 1798 creato,
1214 1721 1294 1786 dum
1313 1721 1380 1787 hoc

252 1815 430 1898 speetatur
452 1838 498 1880 ex
521 1819 636 1881 usibus
659 1826 695 1881 et
725 1837 842 1882 eorum
866 1818 1200 1900 correspondentiis:
1232 1817 1294 1882 sed
1317 1837 1379 1882 an·

252 1921 395 1996 tequam
431 1911 497 1977 hoc
530 1923 650 1995 potest
683 1913 843 1995 intelligi,
868 1913 1078 1995 praecedent
1115 1934 1202 1998 quae
1227 1913 1379 1978 illustra·

252 2007 351 2072 bunt.

317 2126 381 2176 21.
413 2107 502 2192 Quia
524 2109 658 2174 infinita
685 2111 719 2174 in
744 2111 820 2174 Deo
845 2110 1006 2188 Homine,
1031 2132 1118 2194 quae
1147 2113 1182 2175 in
1212 2111 1319 2188 caelo,
1344 2111 1379 2175 in

251 2205 381 2287 angelo
399 2216 435 2269 et
453 2206 487 2269 in
505 2206 656 2283 homine,
676 2217 713 2270 ut
731 2207 765 2270 in
784 2207 924 2290 speculo
940 2219 1121 2292 apparent,
1138 2218 1174 2272 et
1190 2209 1268 2291 quia
1284 2207 1379 2272 Deus

253 2299 372 2364 Homo
388 2320 458 2365 non
477 2305 582 2366 estin
602 2303 715 2385 spatio
733 2301 786 2386 (ut
806 2323 917 2384 supra,
936 2323 968 2366 n.
985 2318 1079 2386 7-10,
1097 2312 1274 2367 ostensum
1293 2301 1376 2386 est),

130 2467 133 2470 ,
231 2395 465 2478 aliquantum
489 2398 597 2462 videri
619 2408 655 2462 et
677 2399 923 2481 comprehendi
942 2409 1070 2482 potest,
1092 2399 1265 2482 quomodo
1284 2398 1378 2462 Deus

252 2498 370 2572 potest
386 2488 665 2574 Omnipraes'ens,
683 2491 911 2570 Omnisciens‚
929 2504 964 2558 et
984 2491 1273 2577 Omniprovidens
1289 2513 1375 2571 esse,

249 2606 291 2650 ac
328 2588 505 2670 quomodo
538 2597 575 2651 ut
613 2587 729 2652 Homo
765 2591 916 2672 potuerit
952 2609 1067 2654 creare
1104 2590 1228 2666 omnia,
1263 2608 1303 2652 ac
1338 2598 1398 2653 ut·

253 2679 371 2745 Homo
394 2683 503 2764 possit
526 2684 560 2746 in
584 2693 762 2748 aeternum
785 2693 903 2749 tenere
926 2695 1043 2750 creata
1065 2685 1109 2748 ab
1141 2685 1222 2767 Ipso
1251 2685 1285 2748 in
1314 2704 1377 2748 suo

251 2777 382 2842 ordine.

315 2897 380 2948 η.
411 2880 514 2966 Quod
531 2882 663 2948 infinita
679 2882 841 2948 distinete
857 2904 960 2947 unum
976 2886 1046 2950 sint
1064 2886 1099 2949 in
1119 2886 1195 2951 Deo
1212 2885 1374 2967 Homine,

250 2976 317 3042 hoc
337 2999 473 3062 quoque
493 2989 653 3042 constare
670 2989 787 3061 potest
807 2989 844 3044 ut
863 2981 897 3043 in
916 2980 1056 3063 speculo
1074 3002 1119 3044 ex
1138 2981 1288 3046 homine.
1335 2984 1376 3048 In

249 3072 388 3137 homine
407 3073 517 3138 multa
536 3083 571 3137 et
591 3074 769 3138 innumera
787 3085 878 3151 sunt,
896 3084 934 3139 ut
953 3095 1054 3157 supra
1070 3074 1197 3140 didtum
1214 3086 1289 3156 est;
1313 3079 1375 3144 sed

251 3188 357 3250 usque
376 3168 483 3233 homo
502 3168 560 3232 illa
580 3179 617 3233 ut
646 3188 749 3233 unum
768 3172 885 3235 sentit.
928 3169 1007 3235 Non
1030 3192 1076 3235 ex
1099 3193 1200 3236 sensu
1223 3174 1289 3237 scit
1311 3173 1374 3239 ali·

249 3263 329 3344 quid
353 3262 397 3327 de
424 3263 492 3326 suis
516 3263 674 3338 cerebris,
699 3255 742 3326 de
771 3285 834 3328 suo
856 3265 959 3329 corde
982 3273 1019 3329 et
1046 3265 1218 3347 pulmone,
1243 3266 1286 3331 de
1313 3288 1375 3333 suo

248 3355 386 3438 hepate,
398 3357 488 3422 liene
500 3368 536 3422 et
550 3367 733 3441 pancreate
746 3381 754 3438 ;
778 3380 841 3424 nec
854 3361 897 3424 de
910 3361 1094 3424 innumeris
1107 3353 1141 3424 in
1154 3361 1272 3438 oculis,
1287 3364 1374 3428 auri·

249 3451 322 3527 bus,
344 3453 472 3536 lingua,
497 3453 700 3531 ventriculo,
724 3455 886 3519 membris
908 3456 1152 3537 generationis
1177 3466 1214 3521 et
1237 3458 1272 3521 in
1295 3458 1373 3523 reli·

249 3549 345 3631 quis;
373 3558 409 3614 et
432 3550 511 3633 quia
533 3571 579 3613 ex
603 3569 705 3614 sensu
728 3571 797 3614 non
821 3551 886 3615 scit
909 3550 979 3627 illa,
1003 3561 1057 3615 est
1080 3552 1143 3616 sibi
1167 3554 1254 3617 sicut
1277 3575 1374 3622 unus.

249 3641 360 3708 Causa
376 3654 442 3721 est,
459 3647 538 3729 quia
553 3647 670 3712 omnia
685 3645 745 3710 illa
762 3647 797 3710 in
817 3646 879 3710 tali
893 3646 1002 3710 forma
1014 3656 1104 3726 sunt,
1122 3658 1160 3713 ut
1179 3669 1248 3714 non
1265 3652 1374 3734 possit

249 3759 352 3803 unum
365 3741 486 3805 deesse
500 3762 509 3820 ;
529 3750 582 3805 est
594 3743 685 3806 enim
697 3741 805 3806 forma
817 3743 983 3824 recipiens
996 3743 1088 3808 vitae
1100 3764 1121 3808 a
1133 3745 1209 3808 Deo
1223 3744 1374 3811 Homine

249 3831 303 3916 (ut
322 3856 433 3919 supra,
455 3856 486 3900 n.
505 3836 580 3917 4-6,
600 3837 875 3917 demonstratum
892 3837 973 3921 est).
1018 3838 1076 3903 Ex
1094 3840 1214 3906 ordine
1233 3851 1269 3906 et
1289 3862 1373 3906 con-

249 3949 341 3994 nexu
364 3932 515 3995 omnium
540 3932 575 3995 in
605 3932 666 3996 tali
689 3932 799 3996 forma
821 3933 954 3998 sistitur
977 3954 1098 3999 sensus
1121 3945 1158 4000 et
1180 3936 1259 4000 inde
1282 3936 1371 4014 idea,

247 4024 335 4088 sicut
364 4046 431 4089 non
459 4028 570 4091 multa
598 4037 634 4091 et
663 4028 841 4095 innumera
859 4029 940 4104 sint,
960 4032 1021 4094 sed
1045 4031 1132 4097 sicut
1155 4051 1269 4096 unum.
1314 4033 1372 4098 Ex

246 4119 299 4184 his
317 4121 475 4186 concludi
495 4132 623 4205 potest,
641 4124 731 4206 quod
749 4123 858 4188 multa
876 4134 912 4189 et
932 4125 1119 4204 innumera,
1137 4147 1224 4210 quae
1243 4126 1372 4192 faciunt

247 4215 281 4279 in
298 4218 435 4281 homine
454 4219 541 4282 sicut
561 4238 675 4294 unum,
695 4221 728 4284 in
752 4221 827 4301 ipso
845 4219 995 4286 Homine
1018 4222 1074 4306 qui
1098 4231 1152 4287 est
1176 4221 1280 4300 Deus,
1301 4223 1372 4288 dis·

248 4310 354 4376 tindte
375 4315 479 4376 immo
498 4312 754 4380 distinctissime
774 4335 877 4379 unum
896 4317 975 4382 sint.
