3424 5368
357 673 418 737 ¹24
710 663 913 716 sananim
936 663 1133 714 iuuenca

355 863 435 906 nam
458 844 531 906 vita
555 861 616 905 sua
642 837 831 924 quemlibet
859 845 987 911 manet,
1012 847 1048 902 et
1071 837 1151 902 inde
1174 857 1269 917 sors;
1307 839 1386 921 quia
1408 857 1488 904 sors

353 949 407 1002 est
430 939 531 1001 vitae.

418 1031 517 1098 18⁰·
553 1029 614 1115 (ii.)
649 1029 747 1110 Quod
771 1029 807 1093 si
832 1029 928 1092 homo
957 1028 1135 1109 manifeste
1163 1028 1294 1092 videret
1318 1027 1486 1093 Divinam

352 1125 625 1202 Providentiam,
657 1125 801 1206 inferret
830 1145 867 1188 se
895 1123 1011 1187 ordini
1037 1132 1071 1187 et
1099 1123 1209 1187 tenori
1227 1125 1484 1206 progressionis

352 1223 432 1308 q'us,
453 1242 492 1285 ac
509 1230 719 1304 perverteret
739 1229 772 1283 et
795 1219 984 1284 destrueret
1005 1218 1207 1284 illm-Ut
1235 1221 1319 1283 haec
1343 1221 1377 1282 in
1403 1242 1484 1304 per·

354 1321 551 1401 ceptionem
568 1316 746 1380 rationalis
762 1325 798 1378 et
817 1336 954 1400 quoque
971 1315 1137 1378 naturalis
1155 1314 1302 1379 hominis
1318 1314 1485 1382 distincte

353 1416 507 1488 veniant,
531 1411 740 1477 illustranda
763 1421 844 1475 sunt
861 1431 927 1494 per
950 1409 1125 1492 exempla,
1150 1410 1184 1473 in
1208 1410 1274 1474 hoc
1297 1411 1417 1475 ordine
1429 1433 1484 1474 :-

355 1510 416 1593 (1.)
442 1507 544 1590 Quod
564 1519 712 1572 externa
729 1505 837 1570 talem
857 1525 985 1569 nexum
1004 1524 1082 1568 cum
1098 1506 1243 1569 internis
1262 1505 1424 1582 habeant,
1442 1517 1481 1572 ut

353 1607 387 1668 in
411 1607 504 1668 omni
528 1603 730 1687 operatione
756 1621 858 1665 unum
888 1601 1027 1665 saciant.
1074 1600 1135 1685 (2.)
1169 1600 1271 1684 Quod
1301 1600 1407 1666 homo
1435 1604 1481 1668 sit

354 1701 457 1764 modo
480 1702 514 1764 in
538 1699 741 1782 quibusdam
761 1698 917 1761 externis
940 1716 1017 1760 cum
1042 1696 1204 1772 Domino,
1224 1707 1261 1761 et
1280 1698 1309 1760 si
1327 1698 1427 1762 simul
1445 1699 1481 1762 in

353 1797 496 1860 internis
520 1804 623 1870 esset,
645 1802 859 1876 perverteret
884 1803 920 1857 et
943 1795 1139 1858 destrueret
1162 1813 1301 1856 omnem
1324 1794 1480 1858 ordinem

353 1901 388 1955 et
419 1903 575 1954 tenorem
607 1890 857 1972 progressionis
881 1887 1027 1952 Divinae
1051 1887 1313 1953 Providentiae:
1348 1889 1420 1964 sed,
1440 1898 1481 1954 ut

353 1984 481 2050 diitum
501 1995 564 2060 est,
582 1984 667 2049 haec
688 2004 749 2067 per
767 1984 932 2066 exempla
951 1983 1178 2049 illustrentur.
1224 1989 1282 2051 [2.]
1310 1982 1479 2051 Primum:

354 2080 452 2160 Quod
476 2089 618 2144 externa
649 2079 750 2145 talem
780 2101 901 2144 nexum
930 2101 1004 2143 cum
1032 2080 1175 2144 internis
1205 2078 1361 2156 habeant,
1385 2092 1424 2144 ut
1444 2081 1480 2144 in

353 2177 444 2240 omni
470 2176 661 2259 operatione
687 2197 789 2240 unum
809 2176 955 2257 saciant.
1001 2174 1194 2239 Illustratio
1225 2198 1284 2259 per
1317 2177 1480 2260 exempla

352 2271 411 2337 fiat
427 2273 481 2336 hic
502 2292 564 2356 per
580 2272 696 2356 aliqua
711 2293 798 2354 quae
817 2274 852 2334 in
871 2291 1015 2354 corpore
1034 2271 1185 2336 humano
1204 2284 1294 2337 sunt.
1341 2273 1380 2335 ln
1401 2283 1480 2337 toto

351 2378 387 2432 et
417 2371 452 2431 in
480 2369 573 2432 omni
600 2378 699 2451 parte
726 2376 806 2431 sunt
834 2377 981 2431 externa
1007 2376 1043 2432 et
1069 2368 1226 2448 interna;
1264 2379 1412 2432 externa
1433 2369 1480 2434 ibi

351 2476 520 2529 vocantur
550 2477 658 2538 cutes,
684 2464 916 2538 membranae,
940 2472 976 2527 et
1005 2463 1203 2544 involucra;
1238 2466 1375 2529 interna
1398 2473 1479 2530 sunt

350 2562 480 2624 formae
500 2563 593 2625 varie
613 2561 829 2642 compositae
848 2569 884 2622 et
904 2569 1095 2624 contextae
1113 2581 1159 2624 ex
1178 2558 1270 2623 fibris
1290 2561 1423 2624 nerveis
1442 2570 1478 2624 et

350 2659 443 2720 vasis
470 2657 676 2739 sanguineis.
725 2654 942 2718 Involucrum
974 2657 1065 2738 quod
1089 2657 1197 2721 ambit
1221 2677 1282 2740 per
1304 2657 1476 2721 exsertio-

351 2773 412 2816 nes
435 2773 456 2816 a
478 2773 514 2816 se
538 2753 645 2814 intrat
669 2753 703 2814 in
726 2752 842 2814 omnia
865 2751 1030 2814 interiora
1052 2773 1158 2835 usque
1181 2753 1225 2816 ad
1249 2754 1393 2830 intima,
1428 2753 1479 2816 ita

352 2860 548 2922 externum,
573 2847 665 2931 quod
689 2857 743 2911 est
770 2846 995 2920 involucrum,
1020 2866 1097 2909 cum
1131 2849 1289 2912 omnibus
1322 2849 1475 2924 internis,

351 2963 437 3026 quae
461 2954 540 3006 sunt
564 2942 693 3005 formae
718 2943 903 3023 organicae
922 2961 968 3005 ex
988 2941 1080 3006 fibris
1099 2952 1135 3007 et
1154 2945 1255 3018 vasis,
1275 2966 1311 3006 se
1334 2943 1476 3026 conjun-

350 3040 411 3119 git.
459 3037 515 3100 Ex
550 3059 618 3120 quo
648 3039 811 3121 sequitur,
843 3037 935 3121 quod
970 3038 1058 3102 sicut
1091 3049 1275 3103 externum
1310 3039 1383 3121 agit
1417 3060 1476 3106 seu

349 3134 474 3215 agitur,
495 3135 601 3198 etiam
628 3135 765 3197 interna
794 3143 902 3215 agant
932 3154 992 3196 seu
1018 3144 1187 3216 agantur3
1225 3139 1283 3199 [3.]
1306 3145 1361 3198 est
1384 3137 1475 3198 enim

349 3230 502 3293 omnium
529 3229 810 3293 confasciculatio
843 3240 1018 3312 perpetua.
1065 3226 1169 3294 Sume
1197 3229 1302 3293 modo
1333 3231 1367 3295 in
1399 3251 1476 3294 cor·

349 3344 431 3408 pore
455 3323 592 3408 aliquod
618 3324 830 3388 involucrum
856 3343 1038 3388 commune
1057 3334 1094 3388 ut
1115 3345 1177 3407 pro
1195 3325 1360 3408 exemplo
1379 3327 1475 3409 pleu-

348 3442 431 3495 ram,
457 3442 544 3506 quae
568 3431 623 3485 est
647 3439 829 3484 commune
861 3420 1075 3483 involucrum
1098 3418 1258 3503 pectoris,
1278 3441 1337 3485 seu
1362 3423 1475 3486 cordis

348 3528 383 3581 et
404 3518 585 3599 pulmonis,
606 3525 642 3581 et
666 3516 773 3579 lustra
797 3515 891 3578 illam
919 3515 1021 3579 oculo
1043 3518 1264 3596 anatomico;
1297 3527 1334 3582 et
1357 3519 1386 3581 si
1408 3518 1474 3582 hoc

348 3632 417 3675 non
449 3614 498 3676 tui
527 3612 630 3676 studii
654 3621 719 3687 est,
741 3611 882 3675 consule
907 3613 1144 3690 anatomicos;
1175 3622 1212 3676 et
1238 3614 1355 3676 audies
1382 3613 1472 3696 quod

348 3727 529 3771 commune
549 3705 613 3769 hoc
639 3705 863 3783 involucrum,
885 3727 945 3789 per
964 3709 1076 3772 varias
1095 3708 1419 3772 circumvolutiones
1437 3717 1474 3773 et

347 3803 425 3867 dein
445 3824 506 3887 per
524 3804 742 3868 exsertiones
762 3826 782 3868 a
800 3825 848 3881 se,
865 3806 1039 3870 tenuiores
1058 3815 1094 3870 et
1113 3805 1298 3881 tenuiores,
1318 3805 1423 3870 intret
1439 3805 1472 3869 in

346 3901 467 3965 intima
490 3899 701 3982 pulmonum,
727 3923 833 3986 usque
862 3903 896 3966 in
922 3903 1081 3967 minimos
1104 3922 1217 3966 ramos
1243 3901 1472 3978 bronchiales,

345 4006 381 4061 et
404 3999 438 4060 in
460 3999 554 4078 ipsos
579 3996 762 4074 folliculos,
782 3999 839 4083 qui
863 4010 943 4064 sunt
966 3999 1167 4082 pulmonum
1192 3998 1311 4062 initia:
1343 4008 1381 4063 ut
1403 4017 1472 4062 non

345 4112 533 4159 memorem
562 4092 634 4176 ejus
667 4095 944 4178 progressionem
977 4105 1101 4179 postea
1133 4114 1195 4177 per
1228 4094 1405 4159 tracheam
1437 4093 1471 4157 in

344 4187 524 4272 laryngem
549 4211 668 4255 versus
696 4191 858 4272 linguam.
904 4191 961 4256 Ex
988 4191 1109 4275 quibus
1136 4201 1245 4274 patet,
1267 4192 1358 4274 quod
1388 4209 1471 4254 con·

344 4286 450 4349 nexio
469 4297 636 4370 perpetua
655 4287 701 4352 sit
720 4287 845 4351 extimi
864 4307 942 4352 cum
961 4287 1113 4366 intimis;
1144 4307 1248 4371 quare
1271 4288 1360 4352 sicut
1379 4285 1472 4350 exti-

343 4401 436 4447 mum
453 4384 527 4467 agit
544 4393 604 4448 aut
622 4383 747 4466 agitur,
764 4382 815 4448 ita
830 4404 964 4467 quoque
980 4384 1142 4448 interiora
1157 4384 1202 4447 ab
1217 4384 1347 4448 intimis
1363 4389 1471 4467 agant

343 4489 402 4543 aut
430 4489 602 4562 agantur:
637 4500 725 4562 quae
752 4499 856 4544 causa
883 4489 947 4556 est,
967 4477 1059 4564 quod
1085 4499 1164 4544 cum
1190 4481 1361 4545 extimum
1385 4478 1471 4543 illud

342 4574 566 4650 involucrum,
587 4575 679 4659 quod
698 4585 753 4640 est
775 4574 904 4659 pleura,
925 4575 979 4640 vel
999 4574 1185 4639 inundatur
1203 4574 1266 4650 vel,
1279 4575 1469 4639 inflamma·

342 4681 407 4747 tur,
428 4670 484 4735 vel
509 4668 677 4734 ulceribus
699 4671 871 4755 oppletur,
890 4672 1008 4755 pulmo
1031 4671 1075 4735 ab
1098 4671 1227 4734 intimis
1247 4671 1402 4750 laboret;
1433 4679 1470 4734 et
