3426 5382
544 685 593 734 DE
618 683 758 733 DlVlNA
782 684 1140 736 PROVIDENTIA.·-N.
1162 687 1211 755 59.
1377 689 1417 758 37

288 855 460 921 ficationis
484 868 520 921 et
540 856 837 938 multiplicationis
860 857 991 944 absque
1014 857 1092 934 fine,
1113 879 1172 923 seu
1195 860 1229 923 in
1249 858 1418 925 infinitum

289 975 328 1018 ac
349 965 541 1029 aeternum,
560 967 613 1018 est
630 956 663 1016 in
682 955 895 1018 naturalibus
911 956 1002 1039 apud
1019 957 1186 1032 homines,
1203 957 1237 1019 in
1256 958 1418 1039 spiritua·

288 1051 377 1115 libus
412 1051 502 1133 apud
537 1052 683 1132 angelos
715 1052 923 1134 spirituales,
952 1062 988 1115 et
1020 1053 1055 1116 in
1086 1051 1296 1116 caelestibus
1327 1053 1418 1136 apud

288 1146 434 1228 angelos
454 1146 636 1212 caelestes.
677 1146 782 1212 Tales
799 1168 868 1212 non
888 1148 999 1212 solum
1016 1157 1096 1211 sunt
1113 1146 1323 1224 afledtiones,
1341 1170 1420 1233 per·

288 1244 470 1324 ceptiones
490 1253 526 1307 et
547 1243 713 1308 scientiae
736 1245 771 1307 in
794 1245 979 1318 communi,
1000 1244 1062 1308 sed
1085 1264 1221 1327 quoque
1246 1265 1420 1328 unaquae-

287 1339 374 1404 libet
404 1360 459 1403 res
492 1340 638 1415 illarum,
670 1342 774 1404 etiarn
808 1343 960 1416 minima,
991 1341 1025 1404 in
1059 1341 1265 1424 particulari.
1315 1342 1421 1406 Tales

288 1447 381 1512 sunt,
403 1437 482 1520 quia
505 1437 549 1500 ab
573 1435 713 1500 Infinito
732 1457 772 1501 ac
796 1436 954 1501 Aeterno
980 1438 1014 1501 in
1038 1457 1075 1501 se
1098 1457 1160 1522 per
1184 1437 1354 1501 infinitum
1379 1459 1419 1502 ac

287 1543 469 1597 aeternum
499 1552 521 1595 a
548 1552 586 1596 se
616 1533 783 1596 existunt.
829 1532 898 1597 Sed
928 1534 1006 1616 quia
1036 1532 1170 1598 linitum
1194 1554 1263 1598 non
1291 1533 1419 1616 aliquid

288 1627 404 1692 Divini
429 1628 462 1691 in
486 1648 523 1691 se
546 1626 666 1704 habet,
686 1629 765 1692 ideo
788 1648 858 1692 non
881 1640 935 1694 est
958 1629 1086 1712 aliquid
1106 1630 1189 1705 tale,
1214 1650 1257 1694 ne
1280 1630 1419 1712 quidem

268 1725 479 1814 minimum,
500 1723 534 1786 in
558 1721 698 1786 homine
721 1744 782 1787 seu
800 1723 928 1807 angelo
947 1734 984 1789 ut
1007 1723 1103 1806 ejus;
1127 1737 1183 1790 est
1202 1726 1293 1788 enim
1314 1724 1420 1789 homo

267 1815 325 1908 let
341 1819 488 1902 angelus
505 1817 632 1894 finitus,
651 1829 687 1882 et
703 1819 809 1883 modo
826 1819 1097 1902 receptaculum,
1115 1821 1148 1884 in
1168 1843 1205 1884 se
1225 1830 1419 1898 mortuum;

288 1918 403 1980 vivum
423 1915 496 1996 ejus
511 1925 566 1979 est
582 1935 604 1978 a
622 1914 749 1978 Divino
768 1917 982 2000 procedente
1001 1913 1187 1998 conjundto
1206 1918 1237 1981 ei
1257 1938 1317 2001 per
1335 1935 1420 1979 con·

288 2013 433 2095 tiguum,
462 2012 555 2095 quod
584 2012 616 2075 ei
645 2023 789 2094 apparet
816 2014 904 2076 sicut
935 2032 1044 2076 suum.
1096 2011 1199 2094 Quod
1225 2012 1275 2076 ita
1301 2013 1358 2089 sit,
1385 2012 1420 2076 in

287 2108 513 2190 sequentibus
528 2106 712 2170 videbitur.

350 2203 423 2287 58·
455 2201 559 2287 Quod
592 2201 720 2267 Divina
754 2202 976 2267 Providentia
1008 2201 1143 2287 spedtet
1175 2203 1346 2268 inlinitum
1379 2222 1418 2269 ac

288 2308 468 2364 aeternum
488 2318 508 2361 a
527 2319 564 2362 se
589 2298 756 2381 imprimis
778 2299 813 2362 in
837 2298 1007 2362 salvando
1029 2319 1157 2381 genere
1179 2299 1343 2374 humano,
1363 2306 1420 2363 est

288 2395 367 2478 quia
401 2392 477 2457 finis
511 2393 658 2457 Divinae
692 2393 935 2458 Providentiae
966 2404 1020 2458 est
1049 2394 1184 2458 caelum
1214 2414 1260 2457 ex
1289 2413 1420 2476 genere

288 2488 453 2568 human0,
479 2500 517 2556 ut
540 2511 643 2572 supra
662 2511 695 2553 n.
713 2488 855 2571 ιιι27-45,
877 2501 1057 2555 ostensum
1077 2501 1152 2570 est;
1177 2502 1214 2555 et
1233 2491 1312 2574 quia
1334 2489 1420 2554 illud

288 2596 342 2650 est
357 2586 445 2664 finis,
464 2587 630 2670 sequitur,
644 2586 736 2668 quod
754 2585 953 2649 reformatio
969 2594 1005 2649 et
1021 2588 1241 2668 regeneratio
1258 2584 1419 2663 hominis,

288 2682 338 2746 ita
362 2682 513 2746 salvatio
536 2680 608 2764 ejus
638 2683 696 2756 sit,
720 2699 824 2763 quam
855 2680 980 2744 Divina
1005 2681 1227 2746 Providentia
1254 2682 1420 2763 imprimis

288 2775 436 2860 spectat,
462 2796 542 2842 nam
565 2799 611 2842 ex
636 2776 781 2840 salvatis
804 2797 864 2840 seu
890 2779 1106 2858 regeneratis
1129 2778 1251 2842 existit
1274 2776 1419 2840 caelum.

290 2870 463 2953 Quoniam
484 2892 688 2955 regenerare
711 2871 887 2935 hominem
907 2882 961 2935 est
980 2873 1075 2936 unire
1098 2871 1229 2936 bonum
1245 2879 1281 2935 et
1301 2891 1420 2936 verum

289 2969 379 3051 apud
404 2969 513 3045 illum,
537 2989 598 3032 seu
621 2985 775 3030 amorem
799 2977 836 3031 et
858 2968 1077 3051 sapientiam,
1103 2968 1192 3031 sicut
1218 2968 1316 3031 unita
1340 2976 1420 3032 sunt

289 3063 324 3127 in
343 3064 471 3128 Divino
489 3063 581 3146 quod
598 3061 756 3144 procedit
775 3081 795 3125 a
812 3060 975 3138 Domino,
992 3063 1072 3126 ideo
1088 3063 1214 3126 Divina
1233 3062 1420 3127 Providen-

290 3159 339 3223 tia
369 3159 435 3224 hoc
467 3159 500 3223 in
532 3158 701 3223 salvando
728 3177 856 3240 genere
885 3157 1037 3222 humano
1066 3159 1233 3241 imprimis
1263 3156 1420 3241 spectat3

290 3255 408 3337 imago
436 3253 566 3319 Infiniti
593 3275 633 3318 ac
657 3252 806 3318 Aeterni
829 3273 898 3317 non
929 3254 1010 3317 alibi
1038 3255 1129 3336 apud
1153 3252 1328 3318 hominem
1352 3263 1419 3330 est,

290 3370 392 3435 quarn
412 3352 446 3414 in
467 3349 627 3432 conjugio
645 3349 726 3414 boni
745 3358 781 3413 et
797 3350 879 3413 veri.
925 3348 1026 3432 Quod
1045 3349 1208 3413 Divinum
1228 3348 1421 3430 procedens

288 3446 355 3512 hoc
380 3446 483 3510 saciat
501 3447 536 3510 in
559 3445 710 3509 humano
726 3463 865 3527 genere,
886 3455 1007 3508 notum
1031 3454 1085 3508 est
1108 3465 1154 3508 ex
1177 3444 1256 3520 illis,
1276 3445 1333 3528 qui
1356 3445 1420 3508 im·

290 3543 377 3626 pleti
405 3543 532 3606 Divino
551 3542 774 3624 procedente,
803 3541 896 3623 quod
918 3539 1065 3622 Spiritus
1088 3537 1236 3604 Sandtus
1262 3551 1419 3618 vocatur,
1483 3521 1498 3550 ⁶

291 3639 556 3722 prophetarunt,
580 3637 624 3700 de
652 3637 774 3720 quibus
793 3635 826 3703 in
847 3635 966 3699 Verbo
980 3657 988 3714 ;
1013 3646 1049 3701 et
1075 3656 1121 3698 ex
1145 3634 1214 3699 illis
1240 3637 1296 3720 qui
1324 3636 1421 3700 illus·

291 3735 375 3797 trati
393 3733 520 3797 Divina
535 3751 617 3795 vera
632 3733 666 3794 in
683 3731 759 3795 luce
775 3729 862 3801 caeli
878 3730 1019 3811 vident3
1043 3731 1207 3814 imprimis
1224 3733 1257 3794 in
1273 3732 1420 3814 angelis,

291 3830 347 3912 qui
366 3850 469 3893 sensu
489 3829 682 3912 percipiunt
705 3827 950 3910 praesentiam,
968 3827 1132 3891 influxum
1151 3837 1188 3893 et
1208 3825 1421 3909 conjundtio·

291 3944 392 4003 nem3
424 3924 486 3989 sed
510 3923 544 3988 hi
568 3923 851 3987 adimadvertunt
874 3923 990 3997 etiam,
1016 3923 1107 4007 quod
1132 3920 1328 4004 conjundtio
1352 3943 1420 3986 non

291 4019 359 4084 alia
374 4021 430 4094 sit,
449 4040 552 4103 quam
570 4039 658 4103 quae
673 4018 791 4082 vocari
806 4026 926 4102 potest
942 4016 1127 4100 adjundtio.

354 4130 429 4199 59·
461 4114 623 4179 Nondum
647 4123 769 4178 notum
793 4124 859 4188 est,
879 4114 969 4197 quod
995 4114 1122 4177 Divina
1140 4113 1363 4178 Providentia
1385 4113 1420 4177 in

290 4211 386 4275 omni
421 4212 663 4295 progressione
692 4209 783 4292 apud
813 4207 989 4273 hominem
1019 4206 1155 4292 spectet
1185 4218 1317 4274 statum
1350 4207 1421 4292 ejus

291 4317 492 4388 aeternum;
517 4329 587 4374 non
606 4308 698 4372 enirn
717 4305 811 4370 aliud
830 4304 987 4390 spedtare
1007 4315 1138 4388 potest,
1159 4305 1238 4389 quia
1257 4305 1420 4371 Divinum

291 4414 347 4470 est
367 4403 544 4471 Infinitum
560 4425 600 4469 ac
617 4403 824 4480 Aeternum,
842 4424 881 4469 ac
902 4401 1077 4467 Infinitum
1094 4411 1130 4466 et
1149 4401 1344 4467 Aeternum
1360 4424 1421 4468 seu

292 4500 457 4567 Divinum
482 4523 551 4567 non
574 4501 686 4567 estin
709 4510 878 4584 tempore,
903 4511 940 4567 et
962 4501 1042 4565 inde
1065 4485 1146 4564 sunt
1169 4501 1285 4564 omnia
1306 4500 1422 4564 sutura

292 4600 356 4683 ipsi
380 4601 597 4684 praesentia;
628 4608 665 4662 et
688 4599 767 4681 quia
790 4597 952 4663 Divinum
975 4596 1047 4663 tale
1069 4607 1135 4673 est,
1155 4598 1311 4683 sequitur
1328 4589 1421 4680 q'uod

280 4693 327 4761 -in
350 4696 509 4762 omnibus
533 4709 569 4757 er
599 4693 743 4779 singulis
767 4715 854 4778 quae
878 4694 971 4770 lacit,
991 4696 1036 4759 sit
1059 4705 1248 4759 aeternum.
1294 4693 1345 4757 At
1369 4692 1420 4755 illi
