3410 5382
346 625 385 708 58
696 635 899 687 samarcam
922 637 1119 688 nucamca

343 819 511 893 quantum
527 810 601 894 quis
617 806 819 892 conjunctus
834 818 889 875 est
908 808 1070 886 Domino,
1091 819 1228 875 tantum
1244 820 1475 894 regeneratus

343 916 409 970 est.
454 903 569 987 Quare
592 925 695 970 omne
721 905 813 989 quod
840 925 942 988 supra
966 901 1095 970 dietum
1124 914 1179 970 est
1209 906 1253 970 de
1283 926 1470 989 regenera-

344 1000 451 1077 tione,
471 1001 537 1064 dici
561 1010 681 1083 potest
707 997 780 1084 [de]
807 998 1067 1082 conjundtione5
1091 1010 1127 1065 et
1150 1002 1241 1084 quod
1264 1000 1320 1066 hic
1343 1003 1473 1067 dicitur

343 1097 387 1159 de
403 1093 654 1177 conjundtione
672 1097 739 1160 dici
756 1105 874 1178 potest
891 1097 934 1159 de
949 1097 1223 1178 regeneratione.
1260 1095 1363 1180 Quod
1381 1117 1470 1161 con·

342 1189 469 1272 junctio
489 1192 628 1257 Domini
648 1212 724 1256 cum
748 1192 885 1256 homine
905 1192 950 1256 sit
967 1203 1002 1255 et
1025 1193 1199 1275 reciproca
1221 1191 1369 1257 hominis
1387 1211 1468 1257 cum

343 1287 504 1366 Domino,
522 1291 625 1353 docet
641 1289 719 1371 Ipse
738 1289 907 1353 Dominus
924 1288 1014 1372 apud
1032 1285 1231 1365 Johannem,

393 1423 528 1474 “Manete
543 1425 570 1474 in
586 1423 640 1484 Me,
653 1426 735 1475 etiam
755 1423 813 1488 Ego
827 1425 855 1474 in
873 1425 951 1475 vobis
962 1439 968 1485 ;
979 1462 985 1475 .
996 1425 1087 1490 ...qui
1101 1433 1194 1474 manet
1210 1423 1239 1472 in
1253 1422 1307 1483 Me,
1319 1433 1347 1474 et
1365 1423 1423 1487 Ego
1435 1425 1467 1473 in

474 1490 527 1548 illo,
541 1492 583 1540 hic
595 1491 648 1540 iert
659 1488 775 1540 [rudium
789 1489 923 1541 multum”
936 1491 988 1552 (xv.
1002 1503 1025 1550 4,
1039 1491 1070 1552 5).

394 1557 408 1578 “
417 1555 449 1604 ln
461 1557 504 1605 die
517 1556 562 1605 iilo
575 1559 753 1619 cognoscetis,
766 1557 850 1622 quod.
860 1595 866 1607 .
876 1571 938 1606 ,vos
951 1557 978 1606 in
993 1556 1038 1606 Me
1051 1565 1079 1606 et
1093 1555 1151 1619 Ego
1164 1556 1192 1604 in
1204 1557 1283 1605 vobis
1291 1555 1306 1576 ”
1317 1554 1381 1616 (xiv.
1394 1557 1444 1618 20).

341 1682 399 1744 [2.]
432 1667 585 1755 Quisque
608 1681 726 1754 potest
744 1693 789 1737 ex
814 1671 889 1736 sola
912 1673 1046 1737 ratione
1062 1672 1189 1748 videre,
1210 1671 1301 1755 quod
1325 1691 1394 1734 non
1417 1672 1468 1734 sit:

340 1763 454 1848 aliqua
480 1765 675 1849 conjun8tio
701 1770 893 1832 animorum
921 1768 984 1831 nisi
1008 1769 1111 1831 etiam
1139 1768 1185 1831 sit
1211 1768 1398 1850 reciproca,
1426 1776 1462 1832 et

340 1862 431 1941 quod
448 1864 658 1946 reciprocum
675 1863 871 1946 conjungat.
917 1862 952 1927 Si
970 1864 1046 1946 quis
1064 1862 1212 1928 alterum
1227 1873 1323 1926 amat
1337 1872 1373 1927 et
1392 1883 1464 1926 non

339 1956 488 2020 vicissim
504 1968 649 2033 amatur,
664 1969 747 2022 tunc
766 1959 855 2022 sicut
871 1979 958 2022 unus
976 1959 1122 2032 accedit,
1143 1955 1235 2021 alter
1252 1957 1406 2037 recedit;
1424 1967 1466 2023 at

339 2050 368 2112 si
394 2052 542 2115 vicissim
568 2061 712 2130 amatur,
732 2062 813 2118 tunc
843 2055 933 2117 sicut
956 2073 1042 2116 unus
1068 2053 1215 2128 accedit,
1239 2053 1329 2116 alter
1357 2055 1466 2118 etiam

339 2147 487 2222 accedit,
511 2157 547 2212 et
570 2147 608 2211 fit
632 2145 839 2230 conjunetio.
884 2147 997 2212 Amor
1019 2149 1126 2212 etiam
1145 2147 1220 2213 vult
1242 2148 1370 2227 amari;
1393 2148 1465 2212 hoc

338 2241 370 2304 ei
392 2242 532 2306 insitum
555 2253 632 2324 est;
656 2253 693 2308 et
716 2254 884 2326 quantum
907 2244 1116 2319 redamatus,
1136 2253 1273 2307 tantum
1296 2245 1330 2306 in
1349 2265 1386 2308 se
1406 2262 1461 2308 est

338 2346 374 2400 et
393 2337 428 2400 in
448 2359 509 2401 suo
521 2337 682 2420 jucundo.
728 2337 785 2402 Ex
804 2337 856 2401 his
875 2349 983 2420 patet,
1001 2340 1028 2402 si
1048 2338 1216 2402 Dominus
1235 2339 1346 2402 solum
1365 2349 1465 2404 amat.

337 2432 524 2509 hominem,
541 2444 578 2498 et
594 2455 663 2498 non
681 2435 832 2498 vicissim
848 2435 892 2497 ab
914 2434 1055 2498 homine
1073 2446 1256 2510 amaretur,
1276 2436 1465 2500 accederet

339 2528 518 2604 Dominus
532 2539 568 2594 et
587 2530 764 2594 recederet
783 2530 908 2605 homo;
932 2530 982 2593 ita
995 2531 1164 2593 Dominus
1176 2531 1339 2594 continue
1351 2530 1462 2595 vellet

337 2626 521 2688 convenire
540 2625 714 2689 hominem
734 2635 770 2689 et
790 2626 833 2689 ad
853 2625 950 2688 illum
969 2625 1114 2707 ingredi,
1132 2635 1170 2689 et
1188 2626 1293 2689 homo
1311 2635 1403 2689 retro
1422 2647 1465 2692 se

337 2729 489 2783 verteret
508 2729 544 2783 et
563 2721 683 2784 abiret.
730 2718 815 2783 Cum
838 2719 979 2802 illisqui
1003 2723 1036 2784 in
1056 2721 1188 2784 inferno
1207 2729 1297 2795 sunt,
1317 2721 1367 2784 ita
1385 2732 1464 2801 est;

277 2875 281 2882 ,
337 2824 374 2876 at
394 2833 471 2876 cum
492 2812 558 2877 illis
578 2817 633 2896 qui
653 2816 686 2876 in
707 2815 805 2877 caelo
824 2825 914 2889 sunt,
935 2827 990 2879 est
1009 2827 1128 2879 mutua
1146 2813 1352 2898 conjunctio
1400 2830 1463 2894 [84

338 2906 509 2989 Quoniam
528 2909 696 2972 Dominus
711 2911 784 2974 vult
802 2908 1075 2991 conjunctionem
1095 2931 1173 2975 cum
1188 2911 1339 2988 homine,
1354 2932 1461 2995 prop·

337 3015 391 3068 ter
409 3005 480 3086 ejus
500 3004 742 3080 salvationem,
763 3007 911 3088 providit
931 3008 1035 3069 etiam
1055 3015 1093 3070 ut
1109 3007 1199 3088 apud
1218 3007 1393 3070 hominem
1413 3008 1462 3071 sit.

336 3102 559 3183 reciprocum.
598 3101 825 3183 Reciprocum
839 3102 929 3183 apud
949 3102 1125 3166 hominem
1145 3112 1211 3177 est,
1225 3102 1316 3185 quod
1329 3103 1462 3166 bonum

336 3198 427 3280 quod
452 3219 497 3261 ex
521 3196 628 3260 libero
646 3197 721 3261 vult
744 3208 779 3261 et
802 3196 894 3273 iacit,
915 3206 950 3261 et
967 3219 1084 3262 verum
1109 3199 1200 3282 quod
1219 3219 1264 3260 ex
1287 3197 1348 3260 illo
1366 3196 1463 3261 velle

335 3293 524 3356 secundum
544 3293 713 3356 rationem
733 3292 869 3375 cogitat
887 3301 924 3356 et
943 3291 1100 3376 loquitur,
1121 3301 1286 3376 appareat
1304 3293 1393 3356 sicut
1411 3291 1464 3356 ab

334 3387 395 3451 illo
410 3409 417 3465 ;
441 3399 476 3452 et
490 3387 581 3471 quod
595 3387 723 3451 bonum
743 3387 827 3451 illud
847 3388 880 3450 in
894 3387 1073 3452 voluntate
1086 3388 1169 3471 ejus,
1184 3398 1220 3452 et
1233 3406 1352 3451 verum
1371 3386 1461 3451 illud

335 3483 368 3545 in
389 3481 567 3548 intelledtu
587 3482 669 3565 ejus,
682 3493 847 3566 appareat
867 3485 955 3547 sicut
975 3483 1066 3566 ejus3
1090 3487 1197 3549 immo
1209 3483 1268 3547 ilia
1286 3491 1455 3565 apparent

334 3578 464 3642 homini
480 3579 568 3641 sicut
588 3600 633 3642 ex
653 3600 689 3641 se
708 3588 744 3642 et
763 3578 851 3642 sicut
864 3577 946 3660 ejus,
968 3600 1106 3661 prorsus
1122 3581 1211 3642 sicut
1230 3578 1342 3642 forent
1362 3577 1460 3659 ejus;

335 3693 403 3735 non
423 3684 477 3736 est
496 3673 633 3757 aliquod
651 3674 851 3752 discrimen;
875 3675 1110 3739 animadverte
1123 3695 1203 3738 num
1217 3674 1336 3757 aliquis
1355 3673 1463 3737 aliter

334 3770 427 3831 omni
451 3789 553 3832 sensu
580 3770 734 3851 percipit.
781 3769 834 3832 De
857 3771 1059 3852 apparentia
1082 3769 1141 3833 illa
1171 3771 1258 3834 sicut
1282 3789 1302 3832 a
1331 3789 1379 3846 se,
1404 3769 1454 3832 vi·

334 3865 456 3927 deatur
485 3884 586 3945 supra
618 3862 665 3946 (n.
686 3863 818 3947 74-77),
837 3874 873 3928 et
901 3865 944 3928 de
965 3865 1241 3948 appropriatione
1267 3865 1356 3927 sicut
1384 3864 1462 3946 ejus

335 3957 383 4042 (n.
414 3958 557 4043 78-81):
593 3960 668 4023 sola
694 3959 884 4023 differentia
918 3969 983 4034 est,
1010 3961 1101 4044 quod
1131 3961 1236 4024 homo
1263 3979 1457 4041 agnoscere

332 4055 471 4132 debeat,
491 4057 581 4140 quod
603 4077 672 4121 non
700 4077 744 4120 ex
764 4076 800 4120 se
827 4056 929 4120 saciat
949 4057 1087 4131 bonum,
1108 4066 1145 4120 et
1172 4057 1304 4139 cogitet
1322 4075 1459 4132 verump

332 4153 394 4217 sed
412 4175 432 4216 a
452 4154 622 4233 Domino;
646 4163 683 4218 et
702 4152 781 4216 inde
801 4153 891 4233 quod
912 4151 1038 4214 bonum
1058 4152 1148 4234 quod
1169 4151 1260 4226 facit,
1281 4160 1317 4215 et
1335 4170 1459 4214 verum

332 4249 424 4332 quod
443 4251 589 4333 cogitat,
610 4270 679 4313 non
698 4247 742 4312 sit
762 4247 842 4329 ejus.
888 4247 942 4310 Ita
961 4249 1126 4328 cogitare.
1140 4269 1184 4310 ex
1205 4246 1318 4329 aliquo
1334 4265 1460 4309 amore

330 4347 534 4423 voluntatis,
554 4347 632 4431 quia
649 4346 777 4410 veritas
797 4354 861 4416 est,
881 4344 963 4407 facit
983 4341 1281 4424 conjundtionem
1306 4360 1384 4405 nam
1403 4341 1458 4405 sic

330 4439 436 4506 homo
455 4443 578 4525 aspicit
598 4443 783 4507 Dominum
803 4452 838 4505 et
860 4441 1026 4504 Dominus
1046 4442 1169 4520 aspicit
1189 4440 1373 4503 hominem.

395 4550 469 4617 93.
503 4534 613 4619 Quale
633 4538 813 4602 discrimen
834 4547 888 4601 est
909 4539 996 4600 inter
1015 4536 1102 4606 iilos.
1124 4537 1180 4618 qui
1199 4555 1301 4599 omne
1323 4535 1458 4598 bonum

331 4631 477 4695 credunt
498 4652 518 4694 a
542 4631 693 4697 Domino
712 4654 799 4710 esse,
820 4643 856 4697 et
876 4633 931 4716 qui
955 4632 1100 4695 credunt
1121 4635 1248 4694 bonum
1268 4651 1288 4692 a
1307 4651 1343 4693 se
1363 4649 1456 4702 esse,
