3426 5382
514 698 565 749 ns
590 699 728 750 olvnm
748 699 1105 753 unomonnnn-n,
1127 704 1175 770 51.
1375 705 1415 772 33

281 871 362 937 inde
378 872 655 955 cogitationum:
675 892 780 954 quare
793 873 875 935 dum
888 872 1011 955 aliquis
1024 895 1069 938 ex
1087 872 1267 939 affectione
1282 877 1416 957 cogitat

283 969 325 1033 de
341 967 465 1045 altero,
480 987 557 1031 cum
573 968 770 1032 intentione
787 969 878 1051 quod
892 969 977 1033 velit
990 970 1106 1034 videre
1123 970 1231 1046 illum,
1245 983 1305 1036 aut
1322 972 1417 1056 loqui

282 1084 359 1129 cum
383 1063 455 1140 illo,
477 1064 610 1128 sistitur
634 1061 789 1127 adiutum
814 1083 988 1145 praesens,
1036 1077 1094 1139 [2.]
1126 1066 1212 1130 Inde
1236 1080 1301 1144 est,
1322 1071 1415 1152 quod

282 1160 373 1242 apud
396 1161 659 1242 unumquemvis
684 1157 860 1223 hominem
884 1171 1088 1243 praesentes
1109 1164 1179 1227 sint
1199 1167 1339 1249 spiritus
1358 1165 1416 1247 qui

282 1257 315 1319 in
333 1256 433 1319 simili
449 1253 630 1319 afsedtione
647 1275 724 1318 cum
740 1255 802 1319 illo
815 1267 915 1335 sunt;
937 1256 1018 1321 mali
1034 1259 1176 1339 spiritus
1189 1281 1265 1324 cum
1282 1261 1343 1325 illo
1358 1261 1416 1344 qui

282 1354 315 1414 in
343 1351 461 1414 similis
490 1351 571 1414 mali
593 1348 775 1416 affectione
805 1362 871 1428 est,
898 1373 938 1417 ac
970 1355 1052 1419 boni
1079 1359 1218 1440 spiritus
1249 1377 1326 1421 cum
1354 1357 1418 1420 illo

281 1450 338 1531 qui
356 1451 390 1511 in
410 1446 530 1510 similis
550 1447 631 1510 boni
652 1445 859 1513 affectione:
883 1459 920 1513 et
936 1449 986 1513 illi
1006 1461 1077 1514 tam
1098 1462 1300 1534 praesentes
1321 1464 1416 1526 sunt,

281 1547 369 1608 sicut
387 1544 461 1626 quis
481 1552 534 1607 est
551 1543 703 1606 inclusus
724 1545 897 1609 societati.
943 1544 1099 1629 Spatium
1120 1560 1155 1611 et
1176 1559 1313 1630 tempus
1330 1547 1414 1612 nihil

281 1639 409 1703 saciunt
426 1639 470 1701 ad
486 1641 731 1722 praesentiam,
746 1661 791 1704 ex
809 1661 914 1704 causa
927 1644 1005 1724 quia
1021 1642 1157 1708 affectio
1168 1653 1203 1708 et
1219 1645 1300 1707 inde
1317 1646 1415 1725 cogi·

282 1737 370 1800 tatio
389 1755 457 1799 non
482 1745 561 1800 sunt
585 1737 619 1799 in
643 1737 759 1817 spatio
782 1746 818 1801 et
839 1747 1008 1821 tempore,
1029 1759 1068 1802 ac
1088 1741 1228 1821 spiritus
1243 1750 1280 1804 et
1297 1740 1415 1822 angeli

282 1844 362 1897 sunt
388 1827 587 1896 affectiones
610 1843 646 1897 et
673 1832 754 1898 inde
777 1835 1020 1917 cogitationes.
1067 1848 1125 1910 [3.]
1157 1834 1259 1918 Quod
1283 1836 1332 1899 ita
1355 1837 1412 1910 sit,

282 1950 327 1994 ex
347 1930 426 1992 viva
445 1927 590 2010 plurium
611 1949 779 1994 annorum
800 1931 1016 2012 experientia
1033 1931 1120 1994 scire
1137 1931 1258 1994 datum
1277 1943 1352 2010 est;
1376 1943 1413 1996 et

281 2047 415 2111 quoque
432 2047 478 2089 ex
494 2024 570 2101 hac,
587 2027 678 2110 quod
699 2027 835 2091 locutus
852 2028 915 2090 sim
939 2047 1015 2091 cum
1038 2026 1191 2110 pluribus
1215 2039 1295 2109 post
1320 2047 1412 2091 mor·

283 2133 365 2196 tem,
387 2133 459 2185 tam
484 2141 560 2185 cum
584 2121 652 2186 illis
671 2124 728 2207 qui
744 2123 777 2186 in
802 2122 943 2205 Europa
962 2133 998 2187 et
1017 2123 1050 2187 in
1070 2123 1172 2187 variis
1192 2123 1265 2205 ejus
1284 2123 1412 2205 regnis,

282 2238 383 2300 quam
407 2236 483 2281 cum
507 2217 650 2302 illisqui
675 2221 709 2282 in
729 2217 816 2282 Asia
839 2230 876 2284 et
895 2217 1016 2282 Africa
1042 2229 1078 2283 et
1105 2220 1139 2282 in
1165 2219 1268 2283 variis
1295 2237 1413 2282 earum

282 2315 409 2394 regnis,
433 2324 470 2377 et
500 2323 598 2378 erant
627 2334 749 2378 omnes
779 2335 886 2397 prope
910 2334 987 2378 me:
1016 2336 1121 2398 quare
1148 2315 1177 2378 si
1203 2315 1317 2379 forent
1344 2312 1413 2377 illis

281 2412 432 2490 spatium
448 2420 484 2474 et
502 2420 650 2493 tempus,
665 2411 897 2475 intercederet
913 2410 1147 2494 peregrinatio
1159 2421 1195 2474 et
1212 2410 1412 2492 peregrina·

282 2507 386 2568 tionis
402 2517 549 2587 tempus.
602 2519 659 2580 [4.]
681 2506 810 2582 ·Immo,
830 2507 1061 2588 unusquisque
1078 2504 1183 2569 homo
1200 2504 1265 2569 hoc
1283 2505 1348 2568 scit
1364 2525 1411 2568 ex

281 2601 385 2664 insito
403 2601 437 2663 in
457 2622 495 2665 se
514 2611 574 2665 aut
593 2601 627 2663 in
647 2621 708 2665 sua
731 2612 861 2677 mente,
881 2601 973 2684 quod
994 2609 1163 2664 testatum
1183 2601 1265 2664 mihi
1284 2597 1413 2664 sanum

282 2707 336 2760 est
359 2716 419 2777 per
442 2695 519 2772 hoc,
544 2696 637 2779 quod
665 2715 768 2760 nemo
798 2698 1007 2778 cogitaverit
1031 2696 1075 2760 de
1102 2695 1217 2778 aliqua
1242 2696 1415 2760 distantia

281 2792 395 2872 spatii,
416 2811 493 2855 cum
517 2793 652 2855 narravi
676 2794 767 2874 quod
787 2792 925 2856 locutus
941 2793 1005 2855 sim
1025 2811 1101 2855 cum
1126 2791 1242 2874 aliquo
1260 2793 1294 2854 in
1312 2788 1412 2866 Asia,

282 2885 400 2951 Africa
418 2897 477 2950 aut
498 2886 639 2968 Europa
657 2885 831 2964 defuncto,
850 2889 938 2951 sicut
958 2908 1021 2970 pro
1040 2886 1214 2967 exemplo,
1234 2905 1310 2950 cum
1329 2883 1410 2949 Cal-

282 2984 372 3055 vino,
391 2981 558 3054 Luthero‚
580 2981 866 3059 Melanchthone‚
884 2993 944 3048 aut
969 3003 1045 3047 cum
1065 2981 1180 3065 aliquo
1199 3002 1293 3064 rege,
1310 3001 1411 3065 prae·

281 3075 381 3152 letto,
403 3078 584 3141 sacerdote
603 3079 637 3140 in
656 3080 797 3160 regione
818 3079 1029 3162 longinqua;
1053 3087 1089 3142 et
1109 3097 1151 3140 ne
1171 3077 1308 3160 quidem
1325 3077 1410 3140 inci·

282 3175 380 3239 derat
397 3176 430 3237 in
451 3173 703 3255 cogitationem
721 3174 857 3238 illorum
877 3173 1064 3256 Quomodo
1083 3174 1198 3256 potuit
1219 3171 1312 3255 loqui
1332 3191 1411 3236 cum

280 3271 347 3335 illis
376 3272 432 3354 qui
465 3269 511 3334 ibi
541 3271 714 3346 vixerunt,
746 3280 782 3334 et
816 3271 992 3353 quomodo
1023 3277 1209 3350 potuerunt
1239 3268 1283 3330 ad
1314 3266 1410 3331 illum

282 3369 395 3431 venire
415 3377 450 3430 et
467 3367 601 3440 adesse,
620 3385 696 3429 cum
717 3378 834 3430 tamen
852 3377 964 3429 terrae
980 3375 1016 3429 et
1035 3365 1143 3427 maria
1162 3363 1411 3427 intercedunt?

282 3461 337 3526 Ex
355 3463 421 3525 hoc
440 3481 576 3545 quoque
592 3463 704 3544 patuit
721 3461 814 3534 mihi,
833 3461 923 3543 quod
941 3460 1172 3542 unusquisque
1188 3479 1257 3522 non
1275 3460 1410 3541 cogitet

282 3579 326 3621 ex
345 3559 460 3642 spatio
476 3567 512 3622 et
532 3567 701 3640 tempore,
719 3577 796 3621 cum
816 3559 860 3621 de
879 3556 1018 3639 illisqui
1041 3557 1074 3620 in
1092 3556 1221 3619 mundo
1241 3555 1411 3637 spirituali

281 3664 372 3718 sunt.
418 3653 519 3736 Quod
539 3664 654 3717 tamen
680 3652 747 3715 illis
767 3653 969 3735 apparentia
989 3653 1092 3733 spatii
1108 3661 1143 3716 et
1162 3652 1329 3735 temporis
1352 3652 1409 3726 sit,

281 3750 438 3813 videatur
461 3751 495 3812 in
524 3768 627 3830 opere
651 3748 703 3812 De
728 3747 827 3812 Caelo
852 3759 885 3812 et
908 3748 1049 3829 Inferna
1079 3745 1127 3830 (n.
1154 3747 1352 3828 ¹¹¹162-169;
1376 3767 1409 3810 n.

285 3843 454 3927 191-199).

344 3952 412 4021 51.
442 3939 498 4002 Ex
522 3938 575 4003 his
598 3958 687 4002 nunc
713 3949 875 4002 constare
905 3947 1036 4020 potest,
1061 3939 1152 4022 quod
1182 3937 1408 4019 cogitandum

281 4037 326 4102 sit
345 4037 387 4098 de
408 4034 548 4100 Infinito
570 4055 610 4100 ac
630 4033 799 4108 Aeterno,
819 4036 866 4098 ita
890 4035 933 4098 de
957 4034 1119 4110 Domino,
1140 4034 1271 4116 absque
1295 4034 1410 4114 spatio

281 4143 318 4198 et
338 4143 507 4215 tempore,
536 4143 571 4196 et
604 4132 696 4214 quod
730 4133 840 4212 possit
870 4133 1039 4214 cogitari;
1072 4141 1146 4194 turn
1176 4129 1268 4213 quod
1301 4129 1408 4191 etiam

281 4230 455 4311 cogitetur
467 4229 511 4291 ab
527 4227 662 4310 illisqui
678 4228 820 4291 interius
836 4227 870 4291 in
887 4226 1048 4292 rationali
1063 4225 1223 4307 cogitant
1237 4246 1245 4302 ;
1264 4235 1300 4288 et
1317 4223 1409 4305 quod

281 4339 364 4393 tunc
389 4325 564 4390 Infinitum
588 4344 627 4387 ac
651 4323 844 4387 Aeternum
872 4324 917 4388 sit
940 4325 1033 4388 idem
1063 4342 1141 4387 cum
1166 4321 1306 4385 Divino.
1353 4318 1409 4383 Ita

281 4425 440 4509 cogitant
463 4423 577 4506 angeli
602 4433 637 4486 et
664 4421 813 4502 spiritus.
859 4419 916 4483 Ex
944 4419 1161 4502 cogitatione
1188 4415 1366 4484 abstracia
1389 4436 1410 4479 a

281 4534 438 4605 tempore
458 4533 492 4586 et
510 4522 623 4604 spatio
640 4517 942 4600 comprehenditur
961 4516 1088 4579 Divina
1106 4513 1410 4598 Omnipraesentia

281 4631 316 4684 et
351 4620 477 4682 Divina
511 4616 784 4699 Omnipotentia‚
814 4625 887 4677 tum
921 4613 1084 4677 Divinum
1115 4613 1159 4676 ab
1190 4621 1344 4686 aeterno,
1374 4622 1409 4672 et

281 4733 419 4796 prorsus
438 4734 508 4777 non
525 4735 569 4778 ex
586 4713 813 4795 cogitatione,
833 4709 886 4774 cui
905 4711 982 4773 idea
999 4731 1043 4772 ex
1064 4710 1178 4791 spatio
1197 4720 1233 4773 et
1253 4719 1409 4790 tempore
