3418 5368
312 675 370 754 184
647 686 852 738 SAPIENTIA
874 687 1072 738 ANGELICA

306 860 410 924 etiam
430 860 604 922 abundare
622 857 762 934 divitiis,
780 878 820 922 ac
842 857 955 923 vivere
980 858 1012 922 in
1034 857 1137 924 lautis
1162 869 1197 926 et
1221 861 1436 948 magnificis;

306 966 342 1018 et
358 955 505 1018 vicissim
518 954 669 1018 cultores
683 953 747 1018 Dei
764 955 797 1016 in
812 964 1016 1038 contemptu
1029 967 1065 1018 et
1081 965 1297 1040 paupertate.
1344 957 1438 1024 Con·

308 1062 362 1113 tra
382 1050 542 1114 Divinam
564 1049 820 1114 Providentiam
841 1051 947 1114 etiam
971 1071 1007 1113 se
1032 1050 1224 1127 confirmat,
1242 1073 1319 1116 cum
1339 1057 1436 1138 cogi·

308 1157 361 1210 tat
378 1147 469 1229 quod
490 1148 736 1228 permittantur
755 1145 859 1220 bella,
880 1166 919 1209 ac
945 1155 1026 1211 tunc
1047 1157 1102 1211 tot
1122 1147 1298 1212 hominum
1319 1170 1436 1228 neces,

307 1263 347 1305 ac
366 1251 421 1306 tot
441 1243 584 1316 urbium,
606 1242 762 1324 gentium
783 1251 818 1305 et
843 1240 1045 1306 familiarum
1067 1243 1376 1325 depraedationes:
1400 1257 1438 1312 et

307 1358 442 1420 quoque
463 1339 554 1422 quod
574 1334 737 1401 victoriae
757 1345 852 1400 stent
873 1358 893 1399 a
916 1347 1015 1418 parte
1035 1340 1252 1422 prudentiae,
1269 1351 1305 1405 et
1327 1362 1436 1425 quan·

307 1435 421 1518 doque
438 1455 505 1498 non
521 1434 675 1515 justitiae
690 1454 697 1510 ;
721 1441 757 1496 et
775 1432 865 1515 quod
884 1453 952 1496 non
965 1433 1092 1516 aliquid
1110 1434 1225 1510 faciat,
1239 1435 1266 1499 si
1283 1437 1437 1518 praefec-

308 1539 363 1593 tus
383 1533 427 1593 sit
444 1530 570 1612 probus
586 1529 642 1592 vel
659 1530 703 1592 sit
720 1528 916 1610 improbus;
941 1538 1080 1610 praeter
1095 1529 1220 1593 similia
1235 1531 1325 1595 alia:
1349 1553 1437 1615 quae

307 1629 423 1688 omnia
446 1635 526 1688 sunt
551 1625 794 1707 permissiones
818 1626 1007 1688 secundum
1031 1622 1129 1706 leges
1153 1624 1299 1690 Divinae
1318 1626 1436 1691 Provi-

306 1721 457 1785 dentiae.

371 1817 467 1900 238·
489 1816 585 1880 Idem
599 1815 764 1879 naturalis
775 1815 881 1880 homo
892 1813 1072 1879 confirmat
1086 1837 1123 1880 se
1136 1826 1260 1880 contra
1273 1816 1436 1883 Divinam

308 1913 575 1986 Providentiam,
601 1931 677 1974 cum
711 1909 847 1994 spectat
874 1911 1036 1993 religiosa
1063 1913 1232 1975 variarum
1255 1915 1434 1995 gentium:

308 2020 345 2071 ut
363 2010 452 2090 quod
466 2010 591 2072 dentur
608 2009 662 2090 qui
680 2028 816 2090 prorsus
829 2009 992 2089 ignorant
1011 2006 1120 2070 Deum
1137 2029 1144 2084 ;
1170 2009 1331 2090 quodque
1348 2010 1434 2073 den-

307 2115 362 2166 tur
378 2105 434 2186 qui
454 2105 600 2166 adorant
618 2103 727 2166 solem
744 2115 780 2166 et
798 2103 933 2179 lunam;
958 2111 1031 2165 tum
1051 2103 1106 2183 qui
1123 2103 1216 2166 idola
1234 2115 1269 2166 et
1289 2105 1434 2188 sculpti-

308 2200 352 2263 lia
363 2201 467 2262 etiam
480 2209 676 2262 monstrosa
690 2220 697 2274 ;
717 2209 752 2261 et
766 2219 901 2280 quoque
915 2197 1072 2260 homines
1084 2207 1249 2261 mortuos.
1291 2199 1435 2282 Insuper

306 2317 384 2359 cum
398 2293 533 2378 spetlat
546 2294 744 2376 religiosum
759 2293 1062 2367 Mahumedanum,
1073 2294 1164 2376 quod
1181 2315 1201 2356 a
1215 2303 1270 2358 tot
1282 2295 1434 2378 imperiis

306 2405 343 2457 et
374 2395 488 2475 regnis
517 2402 695 2471 receptum
724 2391 787 2452 sit:
823 2400 858 2452 et
892 2388 984 2472 quod
1012 2388 1135 2470 religio
1162 2387 1359 2456 Christiana
1388 2393 1434 2455 sit

308 2491 412 2552 modo
431 2491 464 2551 in
485 2488 576 2552 orbis
596 2485 795 2550 habitabilis
812 2495 910 2567 parte
928 2486 1077 2559 minima,
1098 2506 1184 2567 quae
1202 2496 1347 2550 vocatur
1363 2486 1433 2550 Eu·

307 2606 411 2666 ropa;
435 2595 470 2648 et
488 2584 639 2666 quodibi
657 2583 766 2645 divisa
786 2583 851 2658 sit;
876 2591 912 2643 et
929 2581 1020 2663 quod
1037 2580 1081 2643 ibi
1099 2581 1177 2655 sint,
1195 2582 1252 2664 qui
1271 2580 1433 2646 Divinam

307 2691 523 2765 potestatem
541 2679 603 2741 sibi
624 2678 813 2751 vindicant,
832 2696 872 2739 ac
889 2676 1011 2739 volunt
1031 2675 1098 2738 coli
1118 2687 1155 2739 ut
1179 2677 1247 2754 dii;
1275 2687 1311 2741 et
1334 2679 1433 2743 invo-

307 2787 389 2840 cant
413 2776 571 2840 homines
595 2783 770 2836 mortuos:
806 2782 878 2836 tum
902 2773 994 2855 quod
1018 2773 1088 2835 sint
1118 2773 1173 2854 qui
1203 2774 1432 2838 salvationem

308 2884 441 2954 ponunt
460 2873 493 2934 in
511 2869 715 2953 quiqusdam
731 2869 883 2940 vocibus,
901 2888 986 2950 quas
1003 2869 1161 2949 cogitent
1181 2879 1216 2932 et
1236 2869 1432 2952 loquantur,

306 2979 342 3032 et
362 2990 428 3031 non
446 2965 572 3050 aliquid
590 2967 623 3027 in
643 2964 744 3028 bonis
761 2984 848 3045 quae
865 2963 1017 3040 laciant3
1042 2975 1114 3026 tum
1132 2965 1224 3046 quod
1243 2967 1341 3046 pauci
1362 2967 1433 3029 sint

306 3067 363 3148 qui
380 3066 497 3128 vivunt
509 3061 712 3143 religionem
726 3079 821 3122 suam
836 3079 843 3136 ;
868 3068 1004 3140 praeter
1017 3059 1192 3123 haeretica
1205 3081 1213 3138 ;
1233 3080 1321 3142 quae
1334 3061 1434 3144 plura

306 3163 453 3232 fuerunt,
471 3170 506 3224 et
530 3177 665 3242 quoque
689 3157 803 3238 aliqua
826 3154 929 3217 hodie
953 3164 1046 3229 sunt,
1067 3165 1104 3219 ut
1128 3176 1215 3238 quae
1239 3166 1320 3218 sunt
1336 3155 1433 3238 Qua·

304 3259 428 3342 queris,
450 3254 669 3328 Moravianis,
689 3250 944 3332 Anabaptistis,
964 3261 1103 3332 praeter
1124 3251 1210 3327 alia;
1242 3261 1316 3314 tum
1340 3252 1431 3334 quod

303 3355 497 3436 Judaismus
517 3350 628 3413 adhuc
653 3357 797 3432 perstet.
844 3345 1002 3426 Negator
1022 3345 1167 3410 Divinae
1188 3346 1430 3412 Providentiae

232 3462 237 3468 ’
305 3473 350 3513 ex
375 3450 427 3513 his
450 3447 639 3521 concludit,
664 3444 755 3528 quod
779 3441 900 3524 religio
923 3442 957 3504 in
982 3462 1018 3504 se
1042 3462 1110 3504 non
1135 3443 1179 3506 sit
1203 3443 1344 3525 aliquid,
1369 3444 1430 3508 sed

305 3567 410 3628 usque
430 3545 520 3628 quod
541 3541 736 3606 necessaria
755 3541 811 3614 sit,
832 3539 911 3620 quia
929 3538 1074 3601 inservit
1095 3558 1157 3620 pro
1176 3537 1324 3603 vinculo.

368 3655 467 3724 239·
499 3637 564 3701 His
587 3635 798 3719 argumentis
822 3643 967 3717 possunt
998 3632 1102 3697 hodie
1125 3633 1223 3714 plura
1252 3633 1347 3709 addi,
1370 3655 1431 3718 per

303 3759 390 3822 quae
410 3735 520 3800 adhuc
538 3732 739 3798 confirmare
759 3752 795 3794 se
815 3740 971 3812 possunt,
989 3730 1045 3813 qui
1064 3730 1208 3793 interius
1228 3749 1289 3811 pro
1309 3739 1432 3795 natura

303 3847 340 3899 et
371 3853 432 3917 pro
456 3830 531 3895 sola
554 3830 703 3893 humana
727 3826 911 3910 prudentia
934 3826 1114 3906 cogitant;
1150 3835 1187 3887 ut
1217 3824 1310 3906 quod
1333 3834 1430 3889 totus

303 3933 396 3996 orbis
424 3929 636 3995 Christianus
660 3925 841 4008 agnoverit
873 3935 944 3987 tres
978 3921 1084 3996 Deos,
1110 3923 1307 3987 nescientes
1337 3925 1428 4006 quod

305 4029 398 4092 Deus
418 4047 503 4089 unus
523 4026 567 4087 sit
587 4043 736 4106 persona
752 4031 787 4082 et
807 4019 969 4094 essentia,
987 4027 1023 4081 et
1043 4018 1134 4101 quod
1153 4017 1215 4081 Ille
1239 4018 1284 4080 sit
1309 4016 1428 4082 Domi-

305 4145 387 4199 nus;
419 4133 492 4186 tum
518 4118 608 4202 quod
635 4117 699 4181 huc
725 4137 830 4198 usque
855 4113 1076 4188 nesciverint,
1102 4114 1194 4196 quod
1227 4114 1260 4176 in
1284 4113 1429 4196 singulis

304 4219 411 4283 Verbi
435 4237 555 4280 sensus
579 4211 764 4296 spiritualis
795 4213 850 4284 sit,
876 4219 912 4273 et
944 4209 1034 4292 quod
1063 4206 1231 4273 sanctitas
1255 4209 1325 4291 ejus
1349 4209 1428 4274 inde

303 4317 367 4379 sit:
394 4327 430 4378 ut
454 4323 501 4388 et,
522 4311 613 4394 quod
637 4309 856 4381 nesciverint,
875 4303 965 4388 quod
990 4304 1106 4386 sugere
1123 4304 1215 4368 mala
1234 4305 1322 4369 sicut
1347 4325 1428 4387 pec-

304 4422 393 4484 cata,
414 4413 458 4474 sit
478 4411 552 4491 ipsa
571 4404 692 4486 religio
711 4401 924 4467 Christiana:
945 4409 981 4463 et
1005 4421 1140 4483 quoque
1160 4400 1252 4484 quod
1272 4401 1428 4465 nescive-

304 4508 383 4580 rint,
401 4506 493 4589 quod
509 4504 616 4567 homo
631 4499 726 4563 vivat
742 4499 846 4576 homo
862 4505 943 4580 post
960 4505 1120 4560 mortem.
1169 4495 1318 4562 Possunt
1336 4497 1428 4565 enim

303 4621 419 4665 secum
440 4611 476 4665 et
495 4602 587 4663 inter
605 4617 643 4661 se
662 4595 787 4670 dicere,
809 4591 906 4659 “Cur
925 4591 1052 4657 Divina
1070 4591 1304 4674 Providentia,
1323 4592 1353 4659 si
1370 4590 1428 4670 sit,

303 4697 388 4762 talia
407 4715 496 4758 nunc
516 4693 662 4777 primum
680 4688 813 4754 revelat
827 4688 857 4754 ?”
