838 1350
230 152 256 166 DE
268 152 336 165 mvmo
347 152 420 168 AMORE.
430 152 477 165 PARS
488 151 547 165 V.—N.
554 152 591 169 425.

129 195 223 216 spiritualis
230 194 254 213 fit,
263 197 280 211 et
289 197 410 216 regeneratur:
423 197 441 211 et
450 194 479 211 ille
488 200 522 211 uon
530 197 590 216 potest
599 194 662 216 spiritu:

130 219 166 236 fieri
177 224 207 236 seu
218 219 321 240 regenerari.
332 219 364 235 nisi
376 224 406 240 per
416 218 524 235 intellectum
536 223 585 235 suum
597 218 640 234 sciat
651 223 662 239 q

125 243 194 263 ⁴malum
202 245 221 260 et
230 243 270 264 quid
278 243 348 262 bonum,
356 245 374 259 et
382 243 422 259 inde
430 243 470 264 quid
478 247 537 259 verum
545 244 563 258 et
571 242 611 263 quid
618 242 662 258 falsu

130 267 173 283 haec
185 271 224 283 eum
238 267 278 286 scit,
290 269 349 288 potest
360 267 425 287 eligere
436 271 488 282 unum
500 268 530 282 aut
541 266 628 286 alterum3
645 269 662 283 et

129 290 179 312 eligit
194 291 264 310 bonum,
277 293 336 311 potest
348 295 379 311 per
390 289 498 306 intellec'turn
509 294 558 306 suum
570 289 657 306 informari

130 315 195 333 mediis¹
206 319 236 335 per
245 319 289 335 quae
298 314 320 330 ad
330 314 394 330 bunun-i
403 314 458 335 possit
468 314 531 330 venire.
553 313 617 330 Omnia
628 318 662 330 met

130 344 160 360 per
167 344 210 360 quae
218 338 272 358 homo
278 338 335 355 venire
342 341 401 359 potest
408 338 431 354 ad
439 338 509 357 bonum,
516 340 557 354 sunt
564 338 638 359 provisa.
659 337 662 354 ]

130 363 186 379 media
194 363 238 379 scire
245 364 263 378 et
271 362 369 383 intelligere
377 365 404 378 est
412 367 435 378 ex
443 361 558 378 rationalitate
561 367 570 381 ,⁷
581 364 598 378 et
608 362 638 378 illa
646 367 662 377 vr

129 389 147 403 et
158 387 214 403 facere
223 388 251 403 est
260 391 283 403 ex
293 386 375 402 libertate.
397 385 478 402 Libertas
487 386 539 402 etiam
549 388 576 402 est
586 385 631 402 velle
641 386 690 405 scire,

129 410 227 431 intelligere
236 412 254 426 et
263 410 342 431 cogitare
351 410 386 426 ina,
409 409 436 425 De
445 409 471 426 his
480 409 597 428 facultatibus,
607 414 651 430 quae
660 414 690 426 vo-

129 436 191 451 cantur
199 433 309 451 rationalitas
320 436 339 450 et
351 433 428 452 libertas,
438 438 472 450 non
482 433 539 450 sciunt
548 433 612 455 aliquid
622 433 652 452 illi,
662 434 691 455 qul

129 458 201 474 credunt
213 463 236 474 ex
247 457 326 474 doctrina
335 457 425 476 ecclcsiae,
435 457 481 478 quod
493 457 589 478 spiritualia
598 463 628 474 seu
639 457 690 474 theo-

129 481 187 502 logica
201 481 326 498 transcendant
343 480 457 500 intelleftum,
472 483 490 497 et
508 481 553 502 quod
571 481 610 497 ideo
626 482 691 502 absque

129 505 219 522 intellectu
228 505 315 522 credenda
324 506 369 525 sint;
381 505 398 521 hi
408 510 443 521 non
452 508 525 526 possunt
535 505 586 521 aliter
594 510 645 526 quam
655 505 690 521 fac-

129 529 208 548 ultatem.
220 534 264 550 quae
277 532 350 545 vocatur
363 529 477 548 rationalitas,
490 534 559 550 negare.
582 528 609 545 Ac
623 529 647 545 illi
662 529 690 550 qui

129 554 202 569 credunt
214 558 237 569 ex
248 552 327 569 dfflrina
338 553 428 572 ecclesiae,
438 553 484 573 quod
496 558 547 569 nemo
559 553 614 574 possit
626 553 690 569 bunum

129 577 186 593 facere
195 582 206 593 a
215 582 239 596 se,
249 580 267 593 et
277 577 323 598 quod
332 577 372 593 ideo
381 582 416 593 nnn
425 577 489 593 bonum
499 582 522 593 ex
534 577 591 597 aliqua
600 577 690 593 voluntate

128 600 225 617 faciendum
235 601 257 617 sit
265 601 326 617 salutis
334 605 391 619 causa,
399 600 417 616 hi
426 605 460 616 non
469 603 541 621 possunt
549 600 601 616 aliter
608 605 659 621 quarn
667 605 690 617 ex

128 625 212 645 principio
218 624 306 645 religionis
313 626 403 644 utramque
409 623 457 639 illam
463 623 571 642 facultatem,
577 629 620 645 quae
625 624 690 640 homini

128 651 162 667 est,
171 653 240 669 negare.
263 647 305 663 Ideo
311 648 364 663 etiarn
372 647 402 666 illi¹
410 647 438 668 qui
446 652 465 663 se
472 647 617 664 confirmaverunt
625 648 642 663 in
650 647 689 668 illis,

128 674 169 693 post
179 674 254 688 mortem
263 671 358 687 seeundurn
367 670 419 687 fidem
431 676 479 687 suam
491 671 574 688 orbantur
584 674 661 693 utraque,
671 674 690 688 et

127 696 167 713 loco
175 696 221 717 quud
231 695 319 716 potuerint
328 695 345 711 in
355 695 409 711 libero
417 695 489 711 caelesti
497 700 541 714 esse,
549 696 566 711 in
576 695 630 712 libero
639 696 690 712 infer-

127 720 162 737 nali
170 722 222 739 sunt;
234 722 253 736 et
262 719 301 735 loco
309 719 355 740 quod
364 719 452 740 potuerint
461 724 483 735 ex
491 719 609 736 rationalitate
617 720 634 736 in
644 720 690 741 sapi-

128 744 175 761 entia
186 743 266 764 angelica
279 748 323 762 esse,
335 743 352 759 in
367 743 434 759 insania
445 743 522 759 infernali
534 746 580 759 sunt.
602 744 631 762 Et,
643 743 689 765 quod

128 769 188 784 mirum
200 770 233 786 est,
243 769 342 788 agnoscunt
352 769 442 788 utramque
451 766 499 783 illam
511 767 612 783 facultatem
624 767 660 783 dari
671 767 689 783 in

127 791 206 808 faciendo
217 791 268 810 mala,
279 793 298 807 et
309 791 326 807 in
338 791 435 811 cogitando
444 790 497 810 salsa;
512 796 547 807 non
559 791 634 807 scientes
643 791 689 812 quod

127 815 200 832 liberum
209 815 282 831 faciendi
294 814 341 831 mala
352 815 375 831 sit
387 819 461 833 servum,
472 819 491 830 ac
503 814 588 831 rationale
600 815 689 835 cogitandi

127 839 170 856 sslsa
178 839 200 855 sit
208 838 312 855 irrationale.
334 838 360 854 At
369 839 422 859 probe
428 838 516 854 sciendum
525 841 557 857 est.
564 838 609 859 quod
618 841 689 859 utraque

127 863 158 879 illa
165 862 243 881 facultas¹
252 862 323 878 libertas
332 865 350 878 et
360 862 474 881 rationalitas,
483 867 517 878 non
527 862 562 878 sint
570 862 649 881 hominis.
658 862 689 879 sed

128 886 175 907 quod
183 886 218 902 sint
226 886 295 902 Domini
303 886 348 906 apud
356 886 450 905 hominem.
459 889 478 902 et
487 886 532 907 quod
541 891 575 902 non
583 886 688 907 appropriari

128 909 196 930 possint
204 909 268 925 homini
276 912 295 925 ut
303 909 338 930 ejus
347 915 351 929 ;
363 913 399 926 tum
406 910 451 931 quod
460 915 495 926 non
503 910 540 926 dari
549 910 616 931 possint
624 910 689 926 homini

128 936 147 950 ut
157 933 197 954 ejus,
207 933 237 949 sed
246 933 291 954 quod
300 934 381 950 continue
390 934 423 950 sint
434 934 502 950 Domini
510 934 555 955 apud
563 934 621 953 illum;
633 936 651 950 et
661 936 688 950 ta-

127 962 167 973 men
182 957 228 978 quod
243 962 326 978 nusquam
341 957 406 973 homini
417 957 525 974 auferantur:
541 962 592 974 causa
607 960 639 977 est.
649 958 689 978 quin

127 981 179 997 homo
187 981 252 1002 absque
260 981 294 997 illis
304 986 339 997 non
348 984 407 1002 potest
415 981 483 1001 salvariy
490 986 530 997 nam
538 982 602 1003 absque
611 982 644 997 illis
654 986 688 998 nun

127 1008 187 1026 potest
198 1005 301 1026 regenerari.
312 1007 331 1021 ut
342 1010 393 1026 supra
405 1005 468 1022 die'tum
480 1008 512 1022 est.
535 1005 593 1026 Quare
603 1005 655 1022 homo
666 1005 689 1022 ab

127 1029 200 1045 ecclesia
211 1029 306 1048 instruitur,
316 1029 362 1050 quod
374 1034 408 1045 non
420 1030 474 1050 possit
483 1034 542 1045 verum
552 1030 630 1050 cogitare
642 1034 652 1045 a
663 1034 688 1049 se,

128 1058 159 1069 nec
167 1053 231 1069 bonurn
237 1052 293 1069 fatere
301 1058 311 1068 a
320 1058 343 1068 se.
366 1052 400 1069 Sed
408 1054 447 1074 quia
453 1053 505 1069 homo
513 1058 547 1069 non
554 1053 625 1074 percipit
632 1053 687 1073 aliter,

127 1081 178 1097 quam
188 1076 233 1097 quod
243 1081 301 1092 verum
311 1077 378 1097 cogitet
388 1082 398 1092 a
407 1082 431 1095 se,
440 1079 458 1093 et
467 1077 531 1092 bonum
540 1077 592 1093 faciat
601 1082 611 1092 a
620 1082 644 1096 se.
653 1077 688 1093 evi-

128 1100 189 1116 denter
204 1103 258 1121 patet,
269 1100 314 1121 quod
331 1100 401 1116 credere
412 1100 475 1116 debeat
490 1101 536 1121 quod
551 1105 609 1116 verum
621 1101 688 1121 cogitet

129 1124 172 1139 sicut
181 1129 190 1139 a
199 1129 223 1142 se,
234 1126 252 1139 et
261 1124 307 1144 quod
319 1124 383 1140 bonum
395 1124 445 1140 faciat
457 1124 501 1140 sicut
512 1129 522 1140 a
534 1129 561 1140 sc:
578 1129 617 1140 narn
629 1125 643 1140 si
654 1124 687 1141 hoc

129 1152 163 1163 non
173 1147 233 1166 eredit,
243 1150 284 1163 tunc
292 1147 320 1163 vel
331 1152 365 1164 non
375 1148 442 1168 cogitat
452 1153 515 1167 verum,
526 1153 557 1164 nec
567 1148 608 1164 facit
618 1148 687 1168 bonurn,
