3268 5380
371 555 413 620 86
710 566 912 620 summm
934 565 1128 619 nuceum

370 740 455 822 agit.
500 738 640 804 Exinde
657 739 814 822 estquod
831 739 866 802 in
879 737 997 801 Verbo
1011 743 1144 820 “opera
1153 735 1169 764 '⁹
1179 747 1216 802 et
1230 734 1377 803 “saraa’'
1390 738 1490 803 toties

370 835 589 910 mandentur,
610 855 649 899 ac
670 835 802 898 dicatur
820 833 912 917 quod
932 833 1037 896 homo
1055 854 1100 896 ex
1121 833 1187 896 illis
1206 845 1454 914 cognoscatur.

433 936 530 1000 116.
560 931 616 996 Ex
636 931 807 1016 sapientia
825 929 984 1012 angelica
1000 939 1064 1006 est,
1082 931 1173 1014 quod
1193 932 1258 995 nisi
1273 931 1443 996 voluntas
1460 939 1491 994 et
1569 957 1570 966 ¹

369 1022 579 1101 intelledius,
596 1044 656 1089 seu
672 1021 807 1088 affettio
825 1033 861 1088 et
881 1024 1061 1105 cogitatio,
1079 1033 1152 1087 tum
1169 1023 1321 1089 charitas
1341 1035 1382 1090 et
1402 1023 1491 1096 fides,

369 1117 491 1184 indant
515 1137 555 1182 ac
578 1115 758 1182 involvant
779 1137 816 1181 se
839 1115 998 1199 operibus
1016 1136 1076 1180 seu
1094 1113 1202 1193 fatris,
1223 1118 1365 1202 quando
1386 1117 1491 1202 possi·

370 1210 439 1276 bile
462 1220 527 1286 est,
551 1230 622 1274 non
645 1211 714 1273 sint
738 1209 802 1273 nisi
825 1228 927 1292 quam
951 1209 1039 1272 sicut
1062 1229 1163 1273 aerea
1185 1229 1273 1293 quae
1297 1216 1490 1281 transeunt,

369 1315 428 1369 aut
452 1305 540 1368 sicut
563 1303 731 1384 imagines
754 1302 788 1365 in
811 1323 900 1378 aere,
925 1323 1012 1386 quae
1036 1310 1202 1385 pereunt;
1237 1312 1273 1366 et
1297 1303 1394 1385 quod
1419 1301 1490 1364 illae

370 1408 453 1462 tunc
474 1398 619 1478 primum
639 1403 802 1458 maneant
821 1395 912 1477 apud
931 1394 1117 1464 hominem,
1134 1415 1174 1458 ac
1193 1391 1278 1458 fiant
1297 1395 1372 1478 ejus
1393 1396 1490 1465 vitae,

369 1491 508 1573 quando
527 1488 631 1552 homo
651 1499 813 1569 operatur
832 1497 867 1552 et
887 1487 968 1552 facit
987 1487 1057 1551 illa.
1103 1485 1214 1551 Causa
1232 1495 1296 1562 est,
1314 1489 1397 1572 quia
1417 1486 1490 1549 ulti·

370 1601 462 1645 mum
482 1591 534 1646 est
552 1579 766 1663 complexus,
785 1580 968 1645 continens
981 1591 1017 1644 et
1030 1580 1121 1644 basis
1137 1582 1295 1662 priorum.
1333 1579 1427 1644 Tale
1439 1599 1490 1641 ae·

368 1693 463 1737 reum
483 1684 518 1737 et
540 1673 621 1737 talis
640 1675 755 1754 imago
769 1684 822 1737 est
838 1672 924 1736 fides
937 1682 1097 1755 separata
1115 1672 1246 1736 abonis
1266 1674 1442 1756 operibus,
1458 1677 1490 1732 et

369 1786 503 1848 quoque
517 1765 586 1828 tale
600 1776 653 1829 est
665 1765 749 1828 fides
763 1775 797 1828 et
811 1765 962 1828 charitas
974 1765 1103 1848 absque
1119 1766 1187 1827 suis
1200 1767 1379 1829 exercitiis
1392 1788 1400 1842 ;
1419 1778 1489 1827 cum

369 1858 444 1920 sola
457 1856 659 1932 differentia,
672 1857 763 1940 quod
776 1859 832 1940 qui
844 1856 945 1920 fidem
958 1867 995 1921 et
1005 1856 1211 1920 charitatem
1225 1866 1373 1938 ponunt,
1382 1857 1489 1921 sciant

368 1958 405 2013 et
422 1951 556 2032 possint
570 1950 660 2012 velle
671 1950 784 2014 facere
801 1951 903 2026 bona,
913 1968 982 2013 non
997 1959 1114 2041 autem
1131 1948 1180 2013 illi
1191 1950 1247 2032 qui
1262 1951 1298 2013 in
1310 1948 1379 2015 fide
1393 1966 1488 2030 sepa·

368 2050 444 2104 rata
462 2061 482 2104 a
501 2041 674 2106 charitate
693 2051 783 2106 sunt.

368 2325 482 2412 Quon
508 2339 661 2393 uranus
691 2340 941 2393 nmmumrus
973 2340 1015 2392 m
1048 2338 1120 2392 suo
1149 2339 1299 2392 uurruo
1330 2340 1421 2392 surr
1450 2335 1486 2389 11

682 2435 807 2487 nunno
830 2436 880 2487 ar
902 2435 944 2486 ru
967 2434 1172 2488 rornurm.

430 2624 519 2694 217.
550 2609 589 2673 ln
610 2610 841 2691 praecedente
857 2609 1002 2674 articulo
1019 2619 1196 2674 ostensum
1215 2619 1281 2684 est,
1299 2613 1393 2693 quod
1411 2628 1486 2693 gra·

366 2702 430 2765 dus
447 2702 587 2765 ultimus
604 2703 647 2764 sit
667 2703 872 2784 complexus
891 2712 927 2766 et
946 2705 1129 2766 continens
1145 2702 1313 2784 graduum
1331 2705 1485 2786 priorum.

366 2793 452 2859 Inde
476 2797 640 2877 sequitur,
661 2797 753 2879 quod
776 2796 903 2876 gradus
926 2796 1055 2877 priores
1078 2795 1111 2858 in
1135 2814 1198 2858 suo
1217 2794 1339 2859 ultimo
1361 2797 1432 2859 sint
1454 2794 1485 2855 in

366 2886 490 2970 pleno;
514 2897 594 2950 sunt
611 2889 702 2951 enim
722 2889 755 2951 in
773 2909 834 2951 suo
849 2884 982 2962 effestu,
1000 2897 1036 2951 et
1053 2887 1165 2950 omnis
1180 2885 1320 2952 effeetus
1337 2899 1392 2952 est
1409 2907 1484 2951 cau·

366 2999 479 3043 sarum
499 2980 649 3062 plenum.

428 3072 522 3138 118.
553 3070 656 3154 Quod
680 3074 806 3154 gradus
829 3070 877 3135 illi
900 3072 1132 3136 ascendentes
1155 3082 1191 3135 et
1220 3072 1484 3142 descendentes,

364 3166 421 3250 qui
437 3165 543 3230 etiam
559 3175 729 3229 vocantur
741 3167 869 3247 priores
885 3174 920 3228 et
939 3166 1159 3246 posteriores,
1174 3173 1248 3227 tum
1265 3165 1394 3246 gradus
1410 3164 1485 3228 alti·

365 3259 495 3322 tudinis
511 3267 546 3321 et
566 3259 718 3333 discreti,
736 3259 770 3322 in
787 3279 848 3321 suo
864 3258 986 3321 ultimo
1003 3259 1072 3321 sint
1089 3259 1122 3320 in
1142 3277 1203 3319 sua
1219 3259 1389 3338 potentia,
1405 3275 1484 3322 con·

342 3350 490 3414 'firmari
509 3359 629 3431 potest
652 3351 697 3413 ab
719 3352 878 3413 omnibus
897 3349 975 3422 illis,
996 3370 1083 3431 quae
1106 3349 1140 3412 in
1160 3350 1445 3431 praecedentibus
1466 3367 1486 3409 a
1570 3400 1571 3413 ,

365 3442 581 3505 sensibilibus
592 3451 628 3505 et
640 3443 921 3525 perceptibilibus
933 3443 976 3504 ad
990 3441 1268 3505 confirmationes
1279 3443 1387 3506 allata
1397 3450 1481 3506 sunt

365 3532 433 3597 Sed
458 3533 511 3596 hic
536 3532 646 3596 solum
671 3532 731 3595 illa
754 3534 954 3597 confirmare
974 3535 1055 3597 volo
1079 3555 1138 3616 per
1161 3546 1319 3609 conatus,
1339 3537 1428 3598 vires
1451 3540 1484 3595 et

366 3636 480 3688 motus
510 3626 544 3686 in
567 3621 729 3704 subjectis
749 3629 892 3689 mortuis
916 3627 1008 3691 etin
1033 3624 1192 3706 subjedtis
1215 3628 1313 3690 vivis.
1359 3625 1481 3690 Notum

365 3725 429 3790 est,
450 3716 542 3799 quod
561 3725 704 3780 conatus
723 3738 769 3780 ex
788 3739 825 3781 se
843 3720 928 3782 nihil
947 3728 1042 3800 agat,
1063 3721 1125 3782 sed
1144 3739 1204 3801 per
1222 3720 1311 3782 vires
1330 3719 1394 3782 sibi
1413 3739 1485 3783 cor·

364 3810 627 3889 respondentes,
642 3819 678 3871 et
695 3811 785 3892 quod
802 3829 863 3891 per
879 3833 937 3874 eas
953 3814 1056 3876 sistat
1069 3822 1201 3874 motum
1215 3833 1222 3888 ;
1247 3822 1283 3875 et
1300 3811 1392 3894 quod
1409 3811 1485 3874 inde

365 3901 419 3975 sit,
431 3901 521 3984 quod
535 3913 680 3965 conatus
693 3905 738 3965 sit
755 3923 857 3967 omne
873 3905 906 3968 in
924 3905 1061 3979 viribus,
1078 3915 1114 3968 et
1133 3924 1192 3985 per
1208 3904 1297 3968 vires
1316 3906 1350 3966 in
1370 3913 1484 3979 motu;

364 4003 401 4056 et
421 3994 499 4077 quia
518 4005 633 4057 motus
652 4007 706 4057 est
725 3997 852 4077 gradus
873 4008 1017 4061 conatus
1033 3996 1183 4071 ultimus,
1201 3997 1292 4078 quod
1314 3995 1485 4078 perillum

365 4096 448 4168 agat
472 4105 568 4149 suam
588 4090 795 4169 potentiam.
838 4086 1003 4162 Conatus,
1024 4091 1074 4151 vis
1097 4100 1132 4151 et
1156 4103 1271 4152 motus
1295 4108 1365 4151 non
1388 4087 1485 4150 aliter

365 4175 538 4258 conjundti
557 4190 637 4242 sunt
657 4201 758 4262 quam
776 4181 962 4244 secundum
979 4181 1106 4262 gradus
1123 4180 1326 4255 altitudinis,
1345 4195 1485 4264 quorum

366 4267 560 4351 conjunctio
580 4291 648 4334 non
669 4283 722 4334 est
743 4293 802 4354 per
821 4273 1031 4348 continuum,
1052 4283 1131 4335 sunt
1150 4275 1240 4337 enim
1260 4273 1412 4347 discreti,
1427 4269 1486 4334 sed

366 4379 425 4442 per
444 4364 779 4444 correspondentias.
825 4364 915 4427 Nam
932 4376 1076 4428 conatus
1096 4386 1164 4427 non
1189 4376 1241 4428 est
1266 4366 1328 4440 vis,
1349 4385 1413 4428 nec
1436 4363 1486 4426 vis

365 4464 420 4516 est
440 4463 578 4532 motus;
602 4456 663 4519 sed
682 4457 733 4519 vis
752 4457 951 4538 producitur
970 4477 990 4520 a
1009 4468 1147 4532 conatu,
1168 4469 1222 4522 est
1242 4458 1333 4520 enim
1353 4459 1404 4521 vis
1427 4477 1484 4520 co·

366 4557 468 4609 natus
487 4549 674 4623 excitatus,
695 4557 731 4612 et
751 4558 866 4613 motus
884 4549 1083 4632 producitur
1102 4570 1161 4632 per
1181 4551 1268 4613 vim:
1294 4569 1397 4634 quare
1417 4567 1485 4612 non
