3410 5382
333 656 379 725 30
687 649 890 703 seersum
913 647 1110 702 unomen

332 924 450 1010 Quor>
478 924 623 990 Drvrun
648 925 917 990 Pnovmmurm
951 925 1102 990 Donum
1140 937 1182 988 m
1220 937 1321 990 ouur
1354 937 1461 1006 Quou

459 1034 583 1098 anem,
608 1033 773 1086 sracrsr
797 1020 1007 1086 lurrruruu
1030 1034 1079 1084 ετ
1102 1018 1336 1086 Aaruanuu.

397 1204 473 1290 46.
504 1205 544 1269 In
563 1203 762 1270 Christiano
781 1205 864 1269 orbe
884 1214 1004 1269 notum
1022 1213 1087 1281 est,
1108 1204 1200 1287 quod
1220 1203 1316 1270 Deus
1332 1207 1378 1272 sit
1401 1206 1457 1272 In·

332 1299 451 1365 finitus
472 1311 507 1364 et
527 1299 724 1379 Aeternus;
750 1318 829 1363 nam
851 1301 886 1363 in
907 1297 1074 1363 Dodtrina
1090 1298 1284 1377 Trinitatis,
1305 1321 1392 1384 quae
1415 1302 1458 1367 ab

333 1397 533 1462 Athanasio
550 1415 676 1460 nomen
692 1394 810 1471 habet,
831 1395 952 1459 dicitur
970 1395 1062 1478 quod
1082 1395 1176 1459 Deus
1193 1395 1296 1461 Pater
1314 1397 1359 1462 sit
1379 1396 1457 1462 Infi-

331 1495 438 1568 nitus,
459 1492 646 1568 Aeternus‚
671 1501 707 1555 et
727 1489 971 1575 Omnipotens,
991 1490 1150 1556 similiter
1170 1490 1264 1554 Deus
1284 1491 1402 1568 Filius,
1422 1503 1457 1559 et

332 1588 429 1653 Deus
453 1586 598 1670 Spiritus
622 1585 778 1664 Sandtus,
800 1598 836 1650 et
863 1588 955 1671 quod
980 1598 1098 1650 tamen
1121 1607 1191 1651 non
1222 1597 1293 1651 tres
1317 1587 1455 1668 Infiniti,

332 1683 482 1748 Aeterni
495 1695 531 1748 et
548 1682 818 1765 OmnIpotentes
830 1684 911 1760 sint,
926 1684 987 1747 sed
1001 1683 1109 1748 Unus.
1154 1681 1212 1746 Ex
1229 1683 1282 1747 his
1294 1687 1456 1768 sequitur,

331 1782 426 1864 quod
449 1782 529 1864 quia
552 1778 646 1842 Deus
665 1791 719 1843 est
744 1778 901 1842 Infinitus
924 1790 961 1844 et
990 1778 1179 1855 Aeternus‚
1204 1801 1274 1843 non
1293 1780 1386 1844 aliud
1414 1783 1457 1847 de

332 1876 411 1940 Deo
434 1877 622 1959 praedicari
646 1877 755 1956 possit
773 1896 876 1959 quam
900 1875 1074 1939 Infinitum
1098 1887 1133 1940 et
1156 1875 1361 1941 Aeternum.
1406 1879 1456 1943 At

330 1975 414 2055 quid
432 1971 608 2036 Infinitum
627 1983 663 2035 et
686 1972 892 2048 Aeternum,
912 1991 981 2036 non
1001 1981 1118 2053 potest
1141 1991 1161 2034 a
1183 1971 1281 2037 finito
1300 1993 1456 2057 compre·

330 2068 449 2142 hendi‚
474 2078 510 2132 et
534 2088 668 2151 quoque
691 2078 829 2149 potest:
865 2087 935 2131 non
958 2077 1078 2151 potest
1101 2067 1358 2151 comprehendi,
1379 2073 1458 2154 quia

330 2161 467 2226 finitum
490 2182 559 2226 non
591 2174 645 2226 est
676 2182 790 2243 capax
812 2161 958 2242 infiniti;
989 2173 1026 2228 et
1056 2172 1175 2247 potest
1198 2165 1455 2247 comprehendi,

329 2259 412 2343 quia
445 2259 572 2324 dantur
599 2259 697 2322 ideae
727 2256 936 2334 abstractae,
961 2279 1021 2342 per
1053 2279 1138 2343 quas
1172 2261 1280 2324 videri
1311 2271 1456 2344 possunt

330 2375 387 2420 res
409 2357 501 2440 quod
526 2357 606 2428 sint,
627 2357 770 2419 tametsi
793 2375 863 2419 non
886 2355 1006 2438 quales
1028 2366 1119 2419 sunt.
1165 2355 1269 2420 Tales
1291 2357 1391 2421 ideae
1413 2359 1457 2423 de

331 2451 471 2516 Infinito
487 2453 623 2528 dantur,
641 2461 678 2516 ut
698 2451 790 2534 quod
812 2452 906 2514 Deus
925 2452 1003 2535 quia
1021 2461 1075 2515 est
1094 2451 1262 2529 Infinitus,
1282 2474 1342 2517 seu
1361 2453 1457 2518 Divi·

330 2567 414 2610 num
446 2549 523 2629 quia
554 2558 607 2611 est
639 2546 827 2624 Infinitum,
852 2548 897 2610 sit
928 2549 1037 2631 ipsum
1061 2547 1160 2624 Esse,
1184 2549 1276 2632 quod
1307 2551 1353 2613 sit
1384 2551 1458 2634 ipsa

329 2641 495 2705 Essentia
515 2652 550 2705 et
572 2641 784 2718 Substantia,
805 2643 897 2727 quod
916 2643 961 2707 sit
979 2643 1053 2725 ipse
1073 2644 1184 2707 Amor
1206 2652 1242 2708 et
1264 2644 1339 2728 ipsa
1358 2644 1456 2728 Sapi-

328 2739 438 2810 entia,
463 2757 522 2800 seu
545 2739 636 2818 quod
664 2739 710 2802 sit
742 2740 852 2821 ipsum
877 2737 1010 2802 Bonum
1041 2748 1077 2802 et
1106 2739 1217 2823 ipsum
1241 2738 1383 2816 Verum,
1407 2741 1458 2806 ita

328 2832 424 2915 quod
444 2834 489 2894 sit
509 2832 637 2913 Ipsum,
654 2833 760 2897 immo
778 2834 871 2918 quod
890 2835 936 2899 sit
955 2835 1028 2918 ipse
1049 2833 1186 2914 Homo;
1210 2843 1284 2899 tum
1304 2837 1409 2900 etiam
1428 2837 1456 2900 si

328 2927 456 2990 dicitur
468 2927 559 3010 quod
577 2926 752 2992 Infinitum
768 2929 812 2993 sit
830 2927 953 3004 Omne,
967 2939 1005 2994 ut
1021 2930 1111 3014 quod
1129 2927 1267 2995 Infinita
1279 2928 1457 3015 Sapientia

329 3023 376 3088 sit
407 3021 670 3100 Omniscientia,
695 3045 735 3089 ac
766 3024 906 3092 Infinita
929 3025 1092 3090 Potentia
1114 3027 1160 3091 sit
1183 3024 1455 3110 Omnipotentia.

330 3131 390 3194 [2.]
414 3118 482 3182 Sed
501 3140 607 3203 usque
623 3120 709 3185 haec
723 3123 852 3187 cadunt
866 3124 900 3187 in
914 3123 1096 3187 obscurum
1113 3123 1349 3206 cogitationis,
1363 3134 1399 3188 et
1411 3125 1456 3188 ab

328 3215 670 3298 incomprehensibili
687 3217 777 3282 sorte
795 3219 829 3282 in
849 3221 1062 3302 negativum,
1080 3221 1144 3283 nisi
1164 3219 1208 3282 ab
1227 3219 1304 3283 idea
1320 3220 1455 3286 abstra-

327 3309 458 3376 hantur
477 3313 536 3376 illa
554 3335 642 3398 quae
657 3315 829 3397 cogitatio
845 3314 952 3381 trahit
972 3338 1017 3381 ex
1037 3325 1170 3391 natura,
1189 3317 1352 3398 Imprimis
1368 3336 1455 3400 quae

327 3429 376 3472 ex
400 3410 488 3473 binis
512 3420 656 3475 naturae
679 3413 836 3495 propriis,
860 3433 947 3496 quae
970 3422 1050 3476 sunt
1073 3413 1224 3497 spatium
1248 3422 1283 3475 et
1305 3423 1454 3496 tempus,

326 3504 415 3570 haec
433 3508 523 3570 enim
539 3529 609 3572 non
626 3520 772 3591 possunt
790 3529 859 3574 non
875 3509 970 3574 finire
987 3510 1095 3584 ideas,
1112 3529 1151 3572 ac
1171 3508 1283 3573 iacere
1300 3517 1338 3573 ut
1356 3509 1455 3574 ideae

326 3600 527 3666 abstradtae
547 3605 616 3669 sint
641 3617 807 3690 tanquam
832 3627 901 3670 non
921 3604 1058 3689 aliquid.
1104 3603 1154 3668 At
1176 3605 1203 3668 si
1227 3604 1286 3669 illa
1308 3615 1454 3688 possunt

326 3697 484 3762 abstrahi
499 3700 590 3781 apud
606 3699 793 3778 hominem,
811 3703 900 3768 sicut
920 3701 958 3766 fit
977 3701 1068 3784 apud
1085 3700 1258 3784 angelum,
1276 3710 1358 3765 tunc
1374 3711 1454 3786 pot·

326 3807 384 3861 est
413 3794 590 3861 Infinitum
621 3819 682 3881 per
711 3798 771 3863 illa
799 3821 887 3885 quae
916 3819 1005 3864 nunc
1035 3819 1137 3881 supra
1160 3797 1338 3862 nominata
1361 3807 1453 3874 sunt,

327 3893 578 3978 comprehendi
592 3916 600 3974 ;
624 3905 661 3960 et
676 3895 758 3961 inde
770 3917 916 3981 quoque,
930 3897 1021 3979 quod
1038 3894 1143 3960 homo
1155 3894 1201 3959 sit
1219 3892 1359 3976 aliquid,
1376 3894 1455 3978 quia

327 4002 466 4057 creatus
482 4002 538 4057 est
557 4013 578 4057 a
597 3991 674 4058 Deo
690 3992 833 4059 Infinito
849 3995 906 4078 qui
923 4003 977 4059 est
993 3989 1127 4074 Omne;
1150 4003 1225 4057 turn
1240 3991 1333 4074 quod
1349 3989 1455 4056 horno

326 4089 374 4154 sit
398 4089 595 4154 substantia
618 4087 726 4168 finita,
750 4092 830 4176 quia
853 4101 990 4155 creatus
1013 4099 1068 4155 est
1090 4110 1112 4154 a
1133 4088 1211 4154 Deo
1234 4086 1374 4152 Infinito
1396 4087 1453 4172 qui

325 4197 383 4253 est
401 4187 477 4271 ipsa
495 4183 722 4268 Substantia;
747 4198 785 4254 ut
804 4198 851 4265 et,
872 4187 963 4273 quod
982 4185 1089 4252 homo
1107 4187 1152 4252 sit
1171 4186 1355 4270 sapientia,
1375 4183 1454 4269 quia

324 4292 464 4348 creatus
486 4292 542 4348 est
565 4304 586 4348 a
615 4281 693 4349 Deo
716 4283 856 4350 Infinito
874 4284 931 4368 qui
954 4294 1009 4350 est
1032 4284 1108 4367 ipsa
1127 4281 1317 4368 Sapientia,
1336 4291 1374 4347 et
1402 4279 1453 4348 sic

324 4397 438 4462 porro.
483 4377 574 4444 Nam
604 4381 670 4445 nisi
699 4379 793 4446 Deus
815 4379 975 4445 Infinitus
1003 4390 1097 4446 esset
1121 4377 1245 4456 Omne,
1265 4380 1339 4462 ipsa
1364 4375 1453 4445 Sub·

323 4474 468 4551 stantia,
487 4485 525 4541 et
545 4476 621 4558 ipsa
639 4474 828 4560 Sapientia,
848 4476 954 4542 homo
973 4495 1042 4541 non
1060 4474 1149 4542 ioret
1168 4474 1308 4560 aliquid,
1328 4475 1379 4541 ita
1395 4471 1453 4541 vel

320 4568 419 4646 nihil,
439 4569 495 4636 vel
519 4569 631 4636 solum
652 4570 731 4636 idea
752 4571 844 4656 quod
868 4573 926 4647 sit,
947 4573 1137 4638 secundum
1160 4572 1376 4649 visionarios,
1396 4570 1453 4657 qui

319 4676 492 4732 vocantur
506 4665 697 4732 idealistae.
744 4681 802 4746 [3.]
829 4667 887 4733 Ex
905 4667 974 4733 iliis
992 4690 1081 4754 quae
1096 4668 1131 4734 in
1146 4665 1388 4735 ,transastione
1402 4668 1457 4734 Be
