3418 5368
352 646 411 725 148
701 651 907 706 SAPIENTIA
930 652 1125 704 ANGELICA

348 829 465 896 ficatio
474 829 632 908 ocularis,
644 829 736 914 quod
748 827 872 893 Divina
883 825 1104 892 Providentia
1117 825 1162 891 sit
1174 825 1208 891 in
1221 823 1476 909 sigularissimis

348 926 602 1010 cogitationum
630 935 666 990 et
695 921 869 989 actionum
893 923 1053 987 hominis.
1100 920 1186 986 Cum
1210 921 1336 985 Divina
1359 921 1475 985 Provi-

347 1023 467 1086 dentia
480 1021 580 1086 datur
595 1021 629 1084 in
645 1019 926 1104 singularissimis
940 1039 1051 1084 rerum
1068 1028 1140 1083 tam
1154 1018 1270 1083 vilium
1286 1027 1322 1082 et
1337 1019 1475 1093 levium,

347 1118 427 1202 quid
446 1137 515 1182 non
542 1116 577 1179 in
601 1116 883 1199 singularissimis
902 1134 1014 1179 rerum
1039 1134 1107 1179 non
1131 1113 1250 1178 vllium
1274 1123 1311 1178 et
1338 1114 1473 1190 levium,

348 1222 534 1298 quaesunt
558 1232 613 1277 res
636 1213 731 1296 pacis
751 1221 787 1276 et
810 1210 893 1275 belli
919 1212 954 1275 in
980 1210 1120 1287 mundo,
1141 1230 1181 1276 ac
1209 1231 1264 1275 res
1287 1210 1410 1277 salutis
1439 1219 1475 1274 et

349 1309 440 1376 vitae
460 1311 494 1375 in
514 1307 635 1374 caelo?
1125 1328 1128 1333 ·

409 1421 503 1490 213.
533 1405 603 1470 Sed
622 1404 704 1481 scio,
725 1402 817 1488 quod
836 1402 1020 1486 prudentia
1035 1401 1187 1469 humana
1201 1403 1289 1468 serat
1305 1401 1475 1468 rationale

348 1500 422 1584 plus
441 1502 476 1565 in
495 1521 575 1565 suas
594 1510 723 1586 partes,
745 1518 848 1584 quam
866 1499 991 1562 Divina
1010 1499 1233 1563 Providentia
1251 1499 1285 1562 in
1305 1519 1404 1575 suas,
1428 1518 1474 1562 ex

349 1615 461 1674 causa,
486 1597 565 1680 quia
588 1596 674 1662 haec
699 1615 769 1660 non
794 1605 950 1678 apparet,
975 1604 1012 1658 et
1035 1592 1094 1658 illa
1117 1605 1271 1678 apparet.
1325 1593 1474 1658 Facilius

348 1701 463 1776 potest
487 1693 603 1776 recipi,
628 1693 720 1777 quod
751 1693 852 1757 unica
876 1689 961 1755 Vita
983 1691 1040 1766 sit,
1065 1711 1153 1775 quae
1183 1689 1289 1766 Deus,
1320 1699 1356 1754 et
1383 1692 1473 1774 quod

346 1808 467 1852 omnes
490 1787 648 1854 homines
671 1788 878 1873 recipientes
901 1787 995 1852 vitae
1019 1787 1089 1853 sint
1109 1787 1153 1850 ab
1176 1787 1269 1870 Ipso,
1293 1795 1331 1850 ut
1355 1786 1474 1851 multis

346 1885 438 1966 prius
465 1893 643 1949 ostensum
673 1895 740 1960 est,
764 1894 799 1948 et
829 1884 895 1949 hoc
923 1894 1042 1949 tamen
1073 1884 1164 1948 idem
1195 1892 1261 1960 est,
1285 1884 1365 1967 quia
1394 1902 1472 1967 pru·

347 1979 463 2042 dentia
495 1990 550 2045 est
581 1982 681 2045 vitae.
736 1979 821 2064 Quis
852 2001 921 2044 non
952 1980 1195 2043 ratiocinando
1227 1979 1379 2063 loquitur
1411 1999 1473 2062 pro

346 2075 483 2158 propria
502 2077 686 2157 prudentia
703 2086 740 2141 et
764 2096 826 2158 pro
843 2085 974 2152 natura,
997 2075 1077 2139 dum
1097 2097 1143 2139 ex
1163 2075 1311 2139 naturali
1330 2096 1390 2139 seu
1409 2095 1471 2138 ex·

345 2175 447 2234 terno
473 2168 634 2236 homine?
674 2171 726 2236 At
756 2173 831 2255 quis
860 2192 930 2235 non
958 2172 1198 2236 ratiocinando
1231 2171 1379 2254 loquitur
1411 2191 1472 2254 pro

346 2265 472 2328 Divina
500 2265 720 2332 Providentia
751 2277 786 2332 et
817 2288 880 2350 pro
915 2267 1002 2344 Deo,
1028 2268 1110 2331 dum
1140 2288 1186 2330 ex
1217 2265 1385 2348 spirituali
1412 2287 1471 2330 seu

345 2363 482 2426 interno
501 2359 663 2427 homine?
708 2361 776 2428 Sed
800 2383 941 2446 quaeso,
965 2361 1058 2445 (dico
1077 2364 1120 2427 ad
1144 2362 1337 2427 naturalem
1360 2361 1470 2427 homi·

344 2456 453 2542 nem,)
468 2459 579 2523 scribe
593 2458 709 2535 libros,
724 2470 761 2524 et
777 2458 884 2542 imple
901 2457 980 2521 illos
996 2459 1211 2541 argumentis
1223 2457 1470 2541 plausibilibus,

344 2553 579 2640 probabilibus
603 2565 638 2618 et
657 2553 910 2618 verosimilibus
933 2553 966 2617 in
989 2562 1051 2618 tuo
1067 2552 1194 2635 judicio
1217 2553 1346 2630 solidis,
1368 2572 1470 2617 unum

345 2669 407 2732 pro
431 2651 567 2730 propria
590 2650 782 2731 prudentia,
807 2649 954 2713 alterum
979 2669 1042 2732 pro
1065 2658 1197 2723 natura,
1222 2658 1259 2712 et
1282 2657 1405 2731 postea
1427 2650 1471 2713 da

342 2742 423 2806 illos
446 2742 546 2807 alicui
569 2744 697 2825 angelo
720 2745 754 2807 in
779 2764 929 2821 manum,
954 2763 994 2807 ac
1022 2745 1095 2808 scio
1128 2743 1219 2826 quod
1246 2743 1332 2808 haec
1363 2763 1472 2828 pauca

342 2837 597 2922 subscripturus
617 2839 671 2916 sit,
693 2837 781 2904 Sunt
797 2841 914 2904 omnia
932 2838 1158 2924 apparentiae
1177 2849 1213 2904 et
1232 2838 1380 2906 fallacia.
1449 2865 1452 2876 ·

343 3435 457 3522 Quou
477 3436 622 3502 Dnuun
642 3434 910 3502 Pnovrmenurn
926 3449 1091 3501 seueras
1107 3450 1302 3514 assensn,
1319 3449 1368 3502 nu
1387 3451 1470 3503 uon

471 3545 614 3596 nurrnu
647 3543 910 3606 sunnonnnm,
942 3542 1050 3608 Qunu
1077 3543 1266 3608 Qunusuu
1295 3545 1469 3598 concon·

470 3638 578 3690 unus
601 3637 681 3689 cun
705 3637 905 3688 necamus.

404 3823 498 3894 214.
527 3807 629 3893 Quod
647 3810 773 3874 Divina
789 3809 1010 3875 Providentia
1025 3807 1159 3893 spectet
1175 3822 1329 3890 aeterna,
1346 3822 1383 3878 et
1399 3834 1468 3878 non

339 3905 442 3972 aliter
457 3906 674 3990 temporaria,
693 3925 793 3988 quarn
810 3917 975 3989 quantum
994 3924 1097 3969 unum
1112 3905 1241 3972 faciunt
1257 3927 1335 3972 cum
1353 3919 1469 3975 aeter·

339 4002 394 4067 nis
411 4002 446 4067 in
464 4001 531 4067 hoc
551 4003 671 4067 ordine
692 4001 1000 4065 demonstrandum
1020 4010 1095 4068 est:

519 4147 561 4218 (i.)
591 4149 677 4221 Quod
687 4150 867 4218 temporaria
882 4165 911 4202 se
924 4149 1059 4220 reserant
1070 4147 1114 4202 ad
1124 4148 1286 4220 dgrmtates
1295 4155 1324 4204 et
1334 4149 1468 4214 da'au'ticrs,

661 4223 705 4274 ita
721 4221 764 4273 ad
775 4219 895 4273 honores
908 4224 935 4272 et
947 4219 1040 4280 lucra,
1052 4221 1086 4272 in
1099 4221 1213 4274 mundo.

507 4291 562 4360 (ii.)
590 4292 676 4363 Quod
687 4297 807 4344 aeterna
820 4307 849 4345 se
860 4289 995 4363 reserant
1006 4289 1050 4343 ad
1057 4289 1177 4346 honores
1187 4296 1215 4344 et
1226 4295 1291 4362 opes
1301 4292 1467 4363 plurimes,

660 4379 735 4431 quae
746 4367 816 4415 sunt
827 4363 938 4415 amoris
947 4367 976 4415 et
986 4363 1156 4432 sapt'entiae,
1166 4363 1200 4416 in
1211 4363 1296 4418 caelo.

498 4431 566 4500 (iii.)
593 4433 679 4504 Quod
699 4435 879 4503 tmporaria
902 4449 938 4486 ac
957 4440 1077 4487 aeterna
1098 4437 1273 4504 separentur
1291 4433 1328 4489 ab
1345 4432 1467 4496 bomine,

660 4504 712 4557 sed
723 4505 943 4575 conjungantur
957 4521 975 4558 a
991 4505 1124 4560 Domitio.

501 4571 566 4644 (iv.)
593 4573 679 4645 Quod
702 4577 946 4644 temporariorum
970 4592 1006 4630 ac
1034 4580 1219 4631 aeternorum
1242 4578 1407 4650 conjunliio
1428 4579 1468 4632 sit

659 4644 775 4699 Dabana
789 4646 916 4700 Domini
924 4645 1126 4703 Providentia.
