3426 5382
327 687 368 754 50
679 687 883 740 SAPIENTIA
907 691 1104 744 ANGELICA

323 857 418 940 gitur
440 858 567 924 intrare
586 861 693 925 vitam
717 861 800 944 ejus,
825 873 859 939 et
884 861 954 928 fieri
978 865 1071 930 vitae
1095 865 1178 948 ejus,
1199 884 1459 956 consequenter

323 951 394 1016 fieri
410 955 583 1037 proprium
597 955 677 1037 ejus.
724 954 826 1037 Quod
842 968 959 1023 autem
976 981 1045 1023 non
1062 962 1107 1027 sit
1122 963 1262 1048 aliquod
1277 969 1452 1049 proprium

322 1048 482 1126 hominis,
503 1052 565 1114 sed
588 1052 679 1134 quod
703 1062 869 1137 appareat
902 1055 932 1117 ei
962 1055 1051 1120 sicut
1081 1057 1137 1135 sit,
1162 1059 1196 1122 in
1226 1064 1453 1144 sequentibus

321 1144 504 1210 videbitur.
552 1146 618 1212 Hic
636 1148 758 1226 solum,
778 1149 870 1233 quod
890 1169 991 1214 omne
1009 1152 1149 1230 bonum,
1167 1156 1258 1237 quod
1278 1155 1385 1223 homo
1404 1182 1450 1225 ex

321 1239 429 1306 libero
442 1245 631 1308 secundum
643 1246 813 1310 rationem
830 1246 915 1329 agit,
929 1249 1169 1332 approprietur
1184 1251 1216 1313 ei
1232 1251 1323 1317 sicut
1339 1275 1448 1332 suum,

320 1339 399 1421 quia
418 1341 452 1403 in
469 1341 672 1424 cogitando,
689 1342 853 1418 volendo,
871 1342 1046 1426 loquendo
1062 1355 1098 1409 et
1116 1344 1287 1424 faciendo,
1304 1361 1450 1432 apparet

319 1435 350 1498 ei
369 1435 459 1500 sicut
479 1458 600 1517 suum;
631 1447 787 1503 attamen
808 1440 935 1502 bonum
957 1459 1026 1503 non
1049 1451 1104 1505 est
1126 1441 1286 1520 hominis,
1308 1445 1368 1509 sed
1393 1458 1448 1511 est

319 1529 459 1596 Domini
477 1533 568 1617 apud
587 1534 762 1598 hominem
782 1533 955 1616 (videatur
973 1555 1074 1618 supra
1093 1557 1125 1599 n.
1145 1535 1213 1619 76).
1261 1535 1449 1621 Quomodo

317 1637 435 1690 autem
459 1629 587 1693 malum
610 1628 741 1694 homini
765 1631 1014 1714 appropriatur,
1038 1631 1071 1694 in
1096 1652 1158 1696 suo
1180 1633 1328 1697 articulo
1350 1636 1447 1700 vide·

317 1720 418 1787 bitur.

380 1833 451 1903 79.
481 1820 616 1885 Dicitur
634 1822 726 1904 quod
749 1821 782 1884 id
809 1821 900 1905 quod
923 1821 1029 1885 homo
1053 1843 1098 1885 ex
1128 1821 1236 1888 libero
1259 1826 1447 1891 secundum

316 1915 570 1996 cogitationem
587 1937 682 1980 suam
700 1917 792 1992 facit,
810 1919 915 1982 etiam
932 1904 1129 1996 remanea't;
1156 1939 1234 1984 nam
1252 1921 1335 1984 nihil
1350 1923 1446 2006 quic·

316 2027 419 2090 quam
443 2010 534 2091 quod
553 2010 659 2075 homo
682 2013 745 2076 sibi
769 2014 1014 2095 appropriavit,
1035 2013 1201 2078 eradicari
1225 2025 1355 2098 potest,
1374 2017 1446 2083 fac·

317 2113 391 2167 tum
408 2107 499 2168 enim
519 2117 573 2170 est
590 2109 715 2172 amoris
734 2118 770 2172 et
789 2108 891 2172 simul
910 2109 1052 2173 rationis
1071 2107 1153 2191 ejus,
1172 2130 1232 2173 seu
1251 2111 1446 2178 voluntatis

315 2211 352 2264 et
377 2201 475 2265 simul
500 2201 700 2268 intelledtus
724 2204 806 2288 ejus,
830 2215 867 2269 et
891 2205 971 2268 inde
990 2205 1083 2269 vitae
1107 2205 1189 2287 ejus.
1236 2206 1355 2272 Potest
1379 2209 1446 2274 hoc

314 2298 454 2382 quidem
472 2301 650 2375 removeri,
669 2302 729 2365 sed
750 2321 855 2385 usque
874 2321 943 2365 non
963 2301 1039 2382 ejici
1055 2322 1062 2378 ;
1086 2310 1122 2365 et
1141 2320 1218 2365 cum
1235 2316 1443 2383 removetur,

314 2396 521 2460 transfertur
540 2397 629 2462 sicut
652 2417 672 2460 a
695 2407 817 2461 centro
836 2398 878 2460 ad
902 2396 1123 2480 peripherias,
1144 2405 1179 2460 et
1201 2397 1246 2461 ibi
1270 2410 1444 2466 moratur:

315 2490 381 2557 hoc
405 2492 610 2575 intelligitur
633 2514 695 2574 per
723 2493 814 2576 quod
838 2501 1027 2556 remaneat.
1074 2505 1132 2567 [2.]
1163 2491 1213 2557 Ut
1237 2514 1300 2576 pro
1322 2516 1443 2560 exem-

314 2587 393 2670 plo:
414 2590 442 2652 si
458 2589 562 2652 homo
578 2591 611 2652 in
629 2590 774 2672 pueritia
787 2599 823 2653 et
837 2589 1076 2653 adolescentia
1091 2591 1364 2671 appropriaverit
1380 2593 1444 2658 sibi

313 2684 488 2766 quoddam
507 2685 633 2748 malum
650 2685 808 2750 iaciendo
824 2685 857 2749 id
877 2707 922 2748 ex
939 2683 1091 2766 jucundo
1111 2685 1238 2748 amoris
1257 2684 1339 2767 ejus,
1361 2697 1399 2752 ut
1415 2690 1444 2752 si

312 2778 577 2856 defraudaverit,
598 2780 904 2863 blasphemaverit,
925 2779 1165 2854 vindicaverit,
1187 2790 1361 2846 scortatus
1385 2786 1442 2860 sit,

312 2883 397 2938 tunc
421 2875 500 2958 quia
522 2896 569 2938 ex
599 2875 707 2941 libero
730 2877 918 2941 secundum
942 2876 1194 2957 cogitationem
1217 2875 1347 2942 iecerat
1370 2877 1441 2954 illa,

313 2971 421 3033 etiam
448 2972 683 3055 appropriavit
706 2971 765 3035 illa
788 2973 871 3051 sibi;
905 2981 942 3036 at
977 2972 1005 3035 si
1038 2980 1163 3054 postea
1190 2973 1442 3054 paenitentiam

314 3066 399 3148 agit,
418 3066 506 3150 sugit
526 3067 595 3143 illa,
615 3077 651 3131 et
674 3067 797 3151 aspicit
821 3067 880 3131 illa
903 3076 941 3131 ut
970 3077 1118 3150 peccata
1140 3086 1227 3149 quae
1250 3069 1444 3132 aversanda

313 3169 405 3238 sunt,
423 3172 459 3226 et
482 3162 530 3227 sic
554 3184 599 3227 ex
619 3162 728 3227 libero
744 3162 933 3227 secundum
948 3163 1120 3226 rationem
1139 3162 1279 3227 desistit
1298 3163 1342 3227 ab
1360 3163 1439 3238 illis,

314 3267 396 3321 tunc
420 3261 684 3342 appropriantur
713 3258 764 3323 illi
792 3259 895 3334 bona,
915 3259 1038 3343 quibus
1069 3257 1160 3320 mala
1190 3257 1250 3321 illa
1280 3260 1442 3341 opposita

314 3363 404 3418 sunt.
453 3354 549 3420 Haec
565 3354 658 3419 bona
673 3366 755 3420 tunc
772 3365 929 3418 centrum
946 3354 1085 3429 iaciunt,
1103 3361 1139 3418 et
1155 3363 1335 3418 removent
1351 3353 1444 3418 mala

313 3471 432 3514 versus
451 3450 670 3534 peripherias,
691 3451 834 3515 ulterius
857 3460 893 3515 et
917 3449 1060 3513 ulterius
1080 3449 1269 3513 secundum
1289 3450 1440 3513 aversio·

311 3567 393 3612 nem
414 3556 450 3612 et
469 3547 723 3611 aversationem
743 3546 890 3611 illorum.
935 3544 987 3610 At
1007 3565 1113 3628 usque
1132 3544 1191 3608 illa
1210 3564 1279 3608 non
1297 3553 1442 3627 possunt

312 3645 364 3708 ita
380 3641 465 3724 ejici,
480 3651 517 3706 ut
534 3642 601 3705 dici
617 3653 745 3725 queant
758 3643 974 3726 exstirpata3
998 3640 1060 3704 sed
1076 3659 1183 3723 usque
1198 3658 1259 3721 per
1274 3641 1440 3703 remotio·

314 3757 394 3802 nem
411 3737 505 3801 illam
522 3757 687 3820 apparere
704 3747 848 3821 possunt
865 3738 954 3802 sicut
970 3736 1168 3816 exstirpata
1183 3756 1190 3814 ;
1214 3733 1306 3818 quod
1323 3733 1362 3799 fit
1381 3754 1443 3817 per

315 3834 405 3918 quod
430 3832 536 3898 homo
559 3854 579 3897 a
602 3833 755 3897 Domino
774 3833 973 3898 detineatur
994 3851 1015 3895 a
1038 3829 1149 3906 malis,
1169 3840 1206 3894 et
1229 3839 1389 3894 teneatur
1408 3831 1442 3892 in

314 3930 425 3995 bonis.
471 3928 526 3993 Ita
541 3927 579 3993 fit
596 3949 673 3994 cum
690 3931 783 3993 omni
800 3927 893 3993 malo
908 3925 1128 4003 hereditario,
1142 3936 1178 3991 et
1195 3925 1352 3989 similiter
1364 3945 1441 3988 cum

315 4025 409 4092 omni
425 4024 519 4091 malo
534 4022 660 4089 actuali
675 4024 833 4089 hominis.
865 4038 922 4100 [3.]
943 4022 1021 4086 Hoc
1035 4043 1171 4106 quoque
1187 4029 1356 4086 testatum
1371 4021 1442 4083 vidi

314 4143 376 4207 per
391 4122 642 4206 experientiam
660 4120 749 4204 apud
766 4119 899 4203 aliquos
915 4119 949 4182 in
965 4117 1077 4194 caelo,
1091 4117 1147 4201 qui
1160 4116 1239 4201 quia
1254 4135 1275 4180 a
1290 4115 1444 4179 Domino

314 4218 527 4287 tenebantur
547 4218 582 4283 in
605 4218 709 4293 bono,
730 4217 899 4299 putabant
922 4235 959 4279 se
982 4215 1113 4297 absque
1135 4211 1235 4278 malis
1253 4231 1353 4290 esse;
1381 4211 1452 4274 sed,

316 4339 359 4382 ne
375 4315 557 4381 crederent
572 4315 711 4391 bonum,
729 4315 763 4378 in
779 4334 847 4398 quo
863 4321 975 4388 erant,
988 4311 1125 4375 illorum
1138 4309 1311 4394 proprium
1325 4305 1442 4380 messe,

316 4412 457 4478 demissi
480 4421 561 4475 sunt
584 4431 603 4476 e
627 4408 735 4485 caelo,
756 4419 792 4474 et
814 4408 947 4474 remissi
970 4408 1005 4472 in
1027 4425 1089 4471 sua
1110 4404 1213 4482 mala,
1233 4423 1339 4488 usque
1362 4403 1444 4466 dum

316 4516 549 4591 agnoscerent
576 4506 670 4591 quod
699 4505 733 4569 in
756 4503 855 4568 malis
873 4513 991 4568 essent
1020 4522 1042 4567 a
1070 4521 1120 4578 se,
1140 4499 1202 4564 sed
1232 4500 1265 4564 in
1294 4498 1395 4563 bonis
1425 4516 1447 4561 a

319 4602 493 4683 Domin0;
524 4610 604 4686 post
627 4621 729 4685 quam
748 4601 963 4684 agnitionem
987 4599 1020 4663 in
1044 4596 1178 4663 caelum
1201 4592 1333 4660 reducti
1351 4603 1445 4658 sunt.

318 4710 378 4777 [4.]
401 4697 534 4764 Sciatur
549 4699 677 4784 itaque,
692 4697 783 4782 quod
798 4697 890 4761 bona
908 4695 968 4761 illa
984 4715 1052 4760 non
1066 4693 1168 4758 aliter
1183 4691 1451 4784 approprientur
