3418 5370
323 629 388 680 222
688 620 893 674 SAPIENTIA
915 620 1112 672 ANGELICA

322 796 390 862 soli
406 795 575 861 ducuntur
593 814 614 859 a
630 793 791 869 Domino,
808 802 844 858 et
859 791 988 858 faciunt
1004 792 1133 858 bonum
1148 792 1193 858 ab
1209 793 1302 878 ipso,
1319 793 1454 860 dicetur

322 893 455 977 aliquid
471 893 513 955 de
530 891 608 966 illis,
625 891 681 973 qui
697 889 729 952 id
747 909 816 953 non
832 889 973 966 faciunt,
991 898 1027 953 et
1044 909 1150 974 usque
1167 900 1293 974 putant
1308 891 1399 974 apud
1415 911 1453 955 se

324 988 531 1070 religionem
546 1007 633 1050 esse.
679 984 734 1048 Illi
750 997 831 1048 sunt
849 984 900 1047 hi:
938 983 999 1068 (1.)
1021 982 1088 1065 Qui
1100 983 1312 1049 confitentur
1324 1007 1360 1049 se
1375 1007 1453 1050 reos

323 1085 479 1147 omnium
493 1093 713 1166 peccatorum
725 1101 813 1156 esse,
824 1091 860 1144 et
874 1100 941 1143 non
955 1082 1139 1164 inquirunt,
1151 1081 1290 1163 aliquod
1302 1083 1392 1164 apud
1405 1104 1453 1146 se.

325 1177 390 1262 (2.)
416 1178 482 1260 Qui
498 1200 543 1241 ex
559 1178 726 1260 religione
740 1178 907 1240 omittunt
919 1176 1097 1258 inquirere.
1140 1176 1201 1260 (3.)
1226 1175 1294 1259 Qui
1312 1190 1454 1263 propter

324 1275 503 1338 mundana
522 1272 606 1336 nihil
627 1274 786 1354 cogitant
809 1273 852 1336 de
874 1273 1040 1355 peccatis,
1060 1283 1096 1336 et
1117 1273 1197 1336 inde
1215 1273 1276 1337 illa
1296 1295 1365 1337 non
1387 1277 1452 1339 sci·

326 1381 400 1434 unt.
449 1369 509 1454 (4.)
536 1367 602 1452 Qui
625 1369 743 1431 favent
763 1368 841 1444 illis,
862 1378 897 1432 et
920 1369 999 1432 ideo
1022 1390 1091 1432 non
1110 1382 1256 1454 possunt
1274 1373 1361 1436 scire
1383 1372 1453 1436 illa.

327 1466 391 1551 (5.)
425 1467 526 1550 Quod
555 1476 701 1551 peccata
724 1469 816 1550 apud
843 1487 964 1531 omnes
990 1467 1069 1531 illos
1097 1490 1166 1532 non
1190 1483 1392 1554 appareant,
1415 1481 1453 1536 et

324 1564 419 1646 quod
439 1567 517 1626 ideo
537 1583 605 1627 non
622 1564 789 1626 removeri
808 1565 950 1646 possint.
998 1562 1059 1648 (6.)
1084 1564 1231 1640 Ultimo,
1249 1588 1353 1631 causa
1370 1567 1452 1631 hac·

326 1668 430 1722 tenus
449 1661 571 1741 ignota
589 1657 873 1734 manifestabitur,
894 1678 953 1721 cur
976 1659 1067 1723 mala
1089 1681 1159 1724 non
1182 1665 1350 1726 removeri
1374 1683 1452 1745 pos·

325 1758 410 1831 sint,
435 1759 564 1842 absque
590 1755 726 1820 illorum
749 1754 1004 1837 exploratione,
1029 1759 1242 1840 apparentia,
1262 1759 1451 1841 agnitione,

326 1853 557 1929 confessione,
577 1873 617 1916 ac
636 1852 844 1915 resistentia.

393 1947 614 2032 mnemon
643 1947 713 2012 Sed
736 1949 821 2013 haec
846 1961 1026 2016 momenta
1047 1950 1252 2034 singillatim
1275 1939 1455 2017 lus'tranda

327 2057 421 2120 sunt,
441 2045 520 2126 quia
548 2057 627 2109 sunt
659 2048 817 2128 primaria
844 2047 1035 2130 Religionis
1060 2047 1276 2113 Christianae
1305 2070 1325 2112 a
1355 2059 1452 2131 parte

327 2139 487 2205 hominis.
533 2141 700 2207 Primum:
724 2141 776 2205 De
790 2143 871 2218 illis,
887 2143 948 2225 qui
959 2144 1155 2228 confitentur
1170 2167 1206 2208 se
1222 2165 1295 2209 reos
1309 2144 1454 2207 omnium

323 2247 533 2322 peccatorum
554 2259 635 2314 esse,
655 2249 687 2301 et
709 2259 773 2301 non
795 2239 973 2321 inquirunt
994 2240 1136 2322 aliquod
1158 2241 1194 2303 in
1219 2261 1265 2315 se,
1284 2241 1452 2315 dicentes,

332 2333 444 2398 “Sum
461 2345 644 2415 peccator;
670 2345 771 2398 natus
787 2356 861 2399 sum
880 2337 915 2399 in
934 2338 1109 2416 peccatis;
1135 2337 1218 2399 nihil
1237 2338 1270 2398 in
1291 2355 1345 2398 me
1363 2337 1452 2399 inte·

326 2449 430 2514 grum
449 2441 502 2494 est
521 2432 669 2514 acapite
687 2433 731 2495 ad
751 2432 904 2510 calcem;
927 2451 996 2496 non
1013 2452 1089 2496 sum
1104 2434 1169 2496 nisi
1187 2451 1288 2515 quam
1304 2431 1453 2509 malum;

330 2527 422 2591 bone
446 2526 551 2602 Deus,
572 2529 617 2590 sis
639 2528 721 2592 mihi
745 2529 924 2611 propitius,
945 2529 1087 2611 ignosce
1111 2529 1204 2603 mihi,
1225 2525 1364 2611 purifica
1386 2545 1452 2600 me,

328 2623 429 2686 salva
447 2643 513 2698 me,
533 2623 584 2688 lac
605 2635 642 2689 ut
661 2625 835 2689 ambulem
855 2626 888 2688 in
908 2625 1069 2708 puritate,
1089 2633 1125 2690 et
1148 2625 1181 2687 in
1201 2624 1256 2687 via
1270 2623 1354 2706 justi
1368 2621 1395 2702 ;'’
1417 2631 1454 2686 et

329 2719 429 2802 plura
447 2720 588 2798 similia;
612 2731 649 2785 et
674 2743 780 2804 usque
800 2741 868 2785 non
888 2721 1050 2804 explorat
1073 2742 1121 2796 se,
1143 2731 1179 2785 et
1203 2720 1282 2783 inde
1301 2739 1371 2782 non
1390 2716 1455 2780 scit

327 2813 470 2898 aliquod
491 2816 628 2891 malurn,
648 2827 683 2881 et
709 2836 812 2883 nemo
835 2818 869 2881 id
892 2817 983 2901 quod
1003 2838 1073 2881 non
1096 2818 1162 2881 scit
1186 2825 1305 2900 potest
1324 2814 1453 2898 sugere,

329 2911 442 2973 minus
460 2920 583 2974 contra
606 2913 639 2976 id
668 2934 831 2996 pugnare.
877 2912 925 2977 Et
951 2912 1008 2976 ille
1032 2934 1166 2996 quoque
1186 2913 1294 2976 credit
1317 2931 1355 2974 se
1374 2919 1454 2993 post

328 3005 566 3072 consessiones
584 3010 748 3072 mundum
767 3019 803 3074 et
820 3008 942 3084 lotum,
959 3029 1037 3072 cum
1054 3019 1171 3074 tamen
1187 3019 1241 3072 est
1260 3007 1455 3071 immundus

328 3121 372 3164 ac
395 3101 513 3166 illotus
536 3125 556 3167 a
579 3106 694 3187 capite
717 3105 761 3169 ad
785 3105 902 3170 volam
922 3107 1040 3187 pedis;
1071 3102 1243 3168 confessio
1265 3103 1356 3166 enim
1378 3123 1453 3166 om·

329 3199 423 3262 nium
448 3211 501 3264 est
525 3203 653 3284 sopitlo
675 3203 838 3279 omnium,
863 3213 899 3268 et
924 3203 1066 3266 tandem
1090 3201 1309 3280 occaecatio;
1339 3210 1377 3264 et
1398 3208 1453 3263 est

329 3295 420 3358 sicut
455 3297 646 3362 universale
679 3299 809 3382 absque
843 3300 936 3363 omni
966 3298 1141 3380 singulari,
1172 3295 1264 3380 quod
1297 3315 1367 3361 non
1400 3304 1454 3359 est

329 3390 469 3475 aliquid.
517 3401 574 3461 [2.]
606 3393 821 3458 Secundum:
856 3395 907 3458 De
929 3394 999 3458 illis
1029 3395 1090 3477 qui
1112 3415 1155 3457 ex
1176 3392 1336 3476 religione
1356 3391 1453 3454 omr't·

329 3495 408 3550 tunt
432 3489 611 3571 inquirere.
667 3487 754 3555 Sunt
778 3492 828 3555 illi
852 3493 1017 3574 imprimis
1042 3491 1097 3575 qui
1120 3499 1283 3573 separant
1306 3487 1453 3552 charita·

330 3593 405 3647 tem
424 3605 444 3647 a
467 3583 556 3663 fide;
584 3588 704 3653 dicunt
726 3590 818 3654 enim
841 3609 969 3664 secum,
993 3586 1090 3651 “Cur
1113 3587 1281 3670 inquiram
1304 3604 1385 3648 num
1409 3585 1453 3647 sit

331 3680 460 3745 malum
484 3682 540 3747 vel
562 3684 702 3762 bonum,
723 3707 782 3751 cur
801 3687 938 3761 malurn,
959 3705 1036 3749 curn
1059 3685 1092 3747 id
1117 3703 1171 3747 me
1194 3702 1264 3746 non
1288 3680 1453 3744 damnat?

330 3797 392 3841 cur
410 3778 548 3854 bonum,
568 3801 646 3844 cum
669 3782 704 3847 id
727 3802 782 3848 me
806 3805 875 3848 non
894 3782 1030 3847 salvat?
1075 3781 1141 3845 Est
1160 3781 1236 3844 sola
1254 3778 1338 3842 fides
1357 3779 1452 3860 cogi·

330 3883 410 3937 tata
425 3885 460 3938 et
477 3878 658 3942 enuntiata
673 3899 750 3942 cum
767 3879 888 3944 fiducia
903 3890 939 3945 et
956 3877 1176 3950 confidentia,
1190 3897 1276 3960 quae
1289 3873 1454 3956 justificat

331 3980 369 4033 et
397 3969 553 4054 purificat
579 3974 624 4038 ab
646 3975 739 4038 omni
763 3986 928 4057 peccato;
959 3984 995 4039 et
1020 3995 1097 4039 curn
1121 3972 1228 4037 semel
1249 3969 1454 4054 justificatus

333 4085 420 4142 sum,
442 4087 557 4132 coram
579 4069 655 4134 Deo
671 4071 805 4152 integer
824 4091 908 4136 sum.
955 4071 1036 4136 Sum
1055 4071 1192 4153 quidem
1215 4069 1250 4132 in
1270 4067 1373 4142 malo,
1394 4065 1454 4130 sed

330 4160 398 4226 hoc
420 4163 524 4238 Deus,
541 4164 634 4229 illico
653 4186 730 4229 cum
746 4165 795 4242 fit,
813 4167 995 4249 abstergit,
1012 4177 1048 4231 et
1066 4168 1114 4231 sic
1135 4187 1203 4230 non
1219 4174 1364 4248 apparet
1382 4184 1453 4228 arn·

331 4257 421 4340 plius
437 4257 462 4336 ;''
485 4269 622 4341 praeter
638 4260 761 4324 similia
777 4262 854 4325 alia.
899 4261 968 4327 Sed
987 4265 1060 4346 quis
1080 4283 1149 4327 non
1168 4263 1275 4336 videt,
1296 4263 1324 4324 si
1347 4261 1456 4343 aperit

331 4354 482 4430 oculum,
499 4356 591 4438 quod
610 4355 695 4420 talia
713 4358 783 4420 sint
802 4378 904 4422 voces
921 4359 1050 4434 inanes,
1067 4358 1188 4442 quibus
1204 4357 1286 4421 nihil
1303 4357 1361 4430 rei,
1378 4357 1455 4439 quia

333 4448 418 4512 nihil
437 4452 529 4526 boni,
549 4451 663 4515 inest?
708 4451 792 4534 Quis
812 4472 879 4516 non
900 4463 1018 4536 potest
1041 4455 1090 4517 ita
1113 4454 1268 4534 cogitare
1291 4463 1327 4516 et
1350 4451 1452 4534 loqui,

331 4544 439 4607 etiam
463 4564 540 4609 curn
565 4545 687 4611 fiducia
714 4557 749 4612 et
778 4547 998 4625 confidentia,
1022 4569 1099 4613 cum
1129 4547 1229 4612 simul
1249 4548 1382 4630 cogitat
1411 4545 1454 4609 de

331 4637 466 4706 inferno
488 4651 525 4706 et
548 4642 592 4707 de
614 4651 757 4708 aeterna
773 4644 1020 4710 damnatione?
1064 4643 1154 4709 Num
1173 4643 1254 4710 talis
1276 4643 1351 4709 vult
1369 4641 1455 4707 scire
