3418 5370
356 631 419 711 238
707 647 911 700 SAPIENTIA
934 647 1146 702 sansures.

355 815 506 898 virgulta
521 817 602 882 mali
619 839 699 882 usus
717 839 779 883 seu
793 820 951 884 toxicata
965 841 973 898 ;
996 826 1033 883 et
1052 828 1172 882 tamen
1192 817 1285 883 idem
1302 815 1398 882 calor
1414 824 1484 894 est,

352 920 391 976 et
410 913 533 976 eadem
553 913 625 988 lux,
645 915 679 977 in
702 915 823 998 quibus
843 934 913 977 non
935 913 1050 998 aliqua
1073 933 1177 978 causa
1195 913 1288 988 mali,
1308 911 1370 976 sed
1392 911 1482 977 haec

353 1005 388 1068 in
407 1006 569 1088 subjedlis
588 1017 624 1072 et
641 1007 785 1091 objedtis
800 1010 1043 1092 recipientibus
1061 1019 1126 1074 est.
1172 1014 1231 1076 [2.]
1264 1006 1383 1074 Simile
1397 1007 1483 1072 facit

352 1101 451 1165 calor
472 1104 529 1186 qui
547 1103 704 1169 excludit
723 1125 799 1181 ova,
810 1106 854 1168 in
873 1105 995 1188 quibus
1018 1104 1106 1169 latet
1130 1101 1234 1178 ulula,
1254 1103 1356 1180 bubo,
1375 1103 1481 1186 aspis,

351 1197 442 1262 sicut
472 1198 553 1263 dum
587 1199 744 1264 excludit
773 1221 849 1276 ova,
878 1201 912 1264 in
941 1200 1063 1283 quibus
1093 1199 1181 1264 latet
1211 1198 1383 1275 columba,
1405 1199 1483 1262 avis

352 1291 497 1374 pulchra
515 1301 552 1357 et
571 1293 656 1358 olor.
702 1294 797 1358 Pone
815 1294 879 1358 sub
897 1293 1028 1376 gallina
1046 1314 1113 1358 ova
1135 1293 1312 1377 utriusque
1330 1294 1480 1376 generis,

350 1401 389 1452 et
408 1389 453 1452 ab
468 1387 541 1472 ejus
558 1389 685 1466 calore,
703 1390 760 1473 qui
778 1391 812 1452 in
830 1410 868 1454 se
887 1401 941 1454 est
957 1390 1134 1466 innocuus,
1150 1388 1211 1453 illa
1226 1388 1480 1466 excludentur;

351 1483 435 1566 quid
458 1484 576 1567 itaque
600 1484 696 1548 calor
722 1504 906 1550 commune
931 1484 1037 1549 habet
1065 1503 1142 1548 cum
1170 1483 1271 1548 malis
1297 1493 1334 1547 et
1363 1485 1481 1548 noxiis

350 1579 442 1642 illis?
486 1578 652 1644 Similiter
670 1580 751 1644 lacit
770 1581 865 1644 calor
879 1581 914 1644 in
930 1579 1145 1663 paludinosa,
1164 1590 1349 1654 stercorea,
1366 1581 1483 1661 putria

349 1684 390 1737 et
409 1675 620 1739 cadaverosa
642 1675 797 1750 influens,
814 1677 904 1740 sicut
922 1675 1005 1739 facit
1024 1695 1102 1740 cum
1121 1676 1155 1739 in
1174 1675 1307 1750 vinosa,
1324 1675 1479 1756 fragran-

352 1771 413 1845 tia,
431 1781 559 1853 vegeta
577 1782 614 1834 et
630 1773 725 1834 viva:
750 1771 824 1854 quis
844 1791 914 1834 non
933 1772 1041 1846 videt,
1057 1770 1150 1854 quod
1167 1790 1273 1834 causa
1292 1789 1360 1834 non
1379 1773 1424 1834 sit
1445 1772 1480 1833 in

351 1866 479 1940 calore,
499 1867 561 1929 sed
583 1867 617 1929 in
641 1863 795 1948 subjed‘to
817 1866 1028 1949 recipiente?
1073 1866 1206 1930 Eadem
1229 1867 1336 1929 etiam
1360 1865 1421 1928 lux
1445 1868 1480 1929 in

353 1983 422 2026 uno
438 1961 574 2044 objedlo
586 1963 679 2026 sistit
692 1963 827 2026 colores
839 1982 1016 2038 amoenos,
1029 1973 1066 2027 et
1081 1964 1115 2026 in
1128 1962 1240 2026 altero
1255 1962 1458 2026 inamoenus
1472 1985 1480 2041 ;

351 2059 459 2120 immo
481 2058 635 2121 illustrat
658 2078 695 2121 se
719 2059 753 2121 in
783 2059 939 2121 candidis
962 2067 998 2122 et
1022 2057 1143 2140 fulget,
1168 2069 1204 2121 et
1233 2067 1359 2140 opacat
1383 2079 1420 2119 se
1445 2059 1480 2121 in

352 2155 578 2235 vergentibus
601 2154 645 2218 ad
669 2155 816 2235 nigrum,
837 2164 873 2218 et
897 2152 1011 2218 furvat
1033 2173 1080 2217 se.
1130 2158 1189 2218 [3.]
1224 2151 1343 2217 Simile
1366 2165 1419 2216 est
1445 2155 1480 2217 in

351 2249 482 2311 mundo
504 2247 683 2330 spirituali,
703 2247 748 2310 ibi
771 2269 906 2332 quoque
926 2259 980 2311 est
1005 2247 1100 2311 calor
1121 2257 1158 2310 et
1182 2246 1242 2310 lux
1261 2267 1282 2310 a
1299 2268 1363 2310 suo
1384 2246 1478 2322 Sole,

350 2345 409 2428 qui
432 2355 485 2408 est
511 2343 691 2418 Dominus,
707 2363 795 2426 quae
814 2365 860 2407 ex
883 2343 946 2408 illo
969 2343 1113 2407 influunt
1132 2345 1166 2405 in
1185 2363 1247 2406 sua
1265 2341 1418 2423 subjecta
1441 2355 1480 2409 et

350 2439 508 2523 obje6ta;
532 2437 686 2522 subjedta
703 2451 740 2502 et
759 2437 895 2521 objeita
915 2440 959 2503 ibi
983 2449 1064 2503 sunt
1083 2438 1200 2522 angeli
1218 2449 1255 2503 et
1274 2440 1425 2522 spiritus,
1442 2440 1479 2503 in

350 2538 467 2618 specie
492 2536 687 2600 voluntaria
712 2545 749 2600 et
773 2531 1023 2599 intelledtualia
1046 2535 1205 2612 illorum,
1237 2534 1332 2598 calor
1354 2535 1399 2598 ibi
1422 2547 1479 2600 est

351 2631 497 2696 Divinus
516 2650 613 2696 amor
632 2631 835 2714 procedens,
855 2651 895 2694 ac
919 2629 998 2694 Lux
1016 2630 1063 2694 ibi
1086 2639 1140 2694 est
1163 2630 1288 2694 Divina
1306 2632 1478 2712 sapientia

350 2728 567 2810 procedens;
590 2726 676 2792 haec
704 2746 774 2791 non
799 2737 880 2791 sunt
904 2727 938 2789 in
965 2746 1080 2800 causa,
1104 2725 1196 2809 quod
1215 2727 1259 2790 ab
1284 2746 1351 2791 uno
1374 2727 1478 2792 aliter

349 2823 561 2904 recipiantur
576 2841 679 2905 quam
695 2822 740 2885 ab
756 2822 890 2902 alter03
914 2841 994 2884 nam
1014 2820 1099 2884 dicit
1117 2819 1297 2896 Dominus,

400 2965 480 3032 Quod
492 2967 578 3016 solem
587 2966 686 3016 exoriri
698 2966 779 3015 iaciat
789 2981 870 3029 super
879 2966 965 3016 malos
978 2975 1006 3016 et
1017 2967 1113 3024 bonos,
1123 2975 1150 3014 et
1159 2965 1278 3028 pluviam
1291 2966 1381 3016 mittat
1392 2981 1478 3030 super

482 3033 571 3097 justos
584 3043 612 3082 et
624 3033 742 3096 injustos
753 3033 862 3093 (Marri.
875 3047 899 3080 v.
911 3033 970 3094 45),

348 3205 411 3270 per
435 3183 608 3250 “Solem’'
630 3185 664 3248 in
688 3203 847 3268 supremo
871 3182 1038 3266 spirituali
1061 3203 1163 3247 sensu
1186 3183 1389 3267 intelligitur
1411 3183 1474 3248 Di·

348 3282 447 3345 vinus
467 3280 588 3354 Amor,
606 3290 641 3344 et
659 3300 718 3362 per
735 3285 755 3313 ‘¹
768 3277 943 3363 pluviam''
962 3278 1086 3342 Divina
1102 3277 1287 3362 Sapientia.

413 3390 513 3460 293.
541 3376 605 3439 His
621 3376 778 3457 adjiciam
795 3377 989 3457 angelicam
1006 3377 1218 3439 sententiam
1235 3375 1277 3438 de
1290 3375 1474 3441 voluntate

346 3482 385 3535 et
403 3472 445 3534 de
462 3472 694 3552 intelligentia
709 3471 800 3554 apud
816 3471 992 3534 hominem
1009 3492 1016 3549 ;
1037 3469 1095 3533 illa
1112 3473 1288 3535 sententia
1303 3479 1357 3534 est
1372 3471 1472 3547 haec,

346 3568 441 3653 quod
465 3588 533 3630 non
558 3567 659 3630 detur
682 3586 828 3650 granum
854 3568 1011 3649 propriae
1037 3566 1228 3630 voluntatis
1253 3577 1289 3654 et
1314 3567 1473 3649 propriae

346 3665 553 3746 prudentiae
586 3664 677 3746 apud
708 3662 815 3726 ullum
848 3664 1043 3740 hominem;
1076 3663 1242 3732 dicentes,
1274 3663 1303 3725 si
1333 3663 1474 3726 daretur

347 3779 493 3842 granum
518 3759 608 3840 apud
631 3759 902 3841 unumquemvis,
928 3779 996 3822 non
1021 3759 1226 3821 consisteret
1250 3758 1383 3822 caelum
1408 3779 1473 3822 nec

346 3856 526 3926 infernum,
562 3874 601 3918 ac
636 3855 763 3936 periret
796 3864 908 3918 totum
943 3874 1052 3936 genus
1083 3853 1294 3932 humanum,
1331 3873 1472 3918 causam

345 3951 478 4026 dicunt,
503 3952 582 4034 quia
604 3949 776 4031 myriades
799 3949 989 4031 myriadum
1013 3950 1200 4023 hominum,
1224 3958 1309 4033 quot
1332 3971 1352 4012 a
1374 3970 1472 4014 crea·

345 4047 441 4110 tione
465 4046 583 4110 mundi
605 4045 678 4109 nati
705 4056 797 4120 sunt,
822 4047 1040 4108 constituunt
1069 4044 1201 4108 caelum
1229 4054 1266 4109 et
1290 4043 1471 4122 infernum,

348 4162 491 4224 quorum
516 4162 618 4205 unum
642 4141 706 4204 sub
728 4141 841 4204 altero
864 4141 896 4204 in
926 4140 986 4203 tali
1010 4139 1128 4203 ordine
1153 4148 1218 4214 est,
1243 4151 1281 4203 ut
1311 4141 1472 4224 utrinque

345 4236 473 4301 saciant
494 4257 608 4308 unum,
625 4235 760 4301 caelum
777 4256 878 4299 unum
901 4236 1087 4299 Hominem
1106 4235 1296 4319 pulchrum,
1316 4246 1351 4300 et
1368 4235 1471 4300 inler-

348 4354 429 4396 num
464 4353 565 4395 unum
601 4331 786 4395 Hominem
821 4342 1063 4395 monstrosum.
1118 4329 1152 4395 Si
1187 4331 1351 4395 unicuivis
1380 4331 1472 4398 soret

344 4447 491 4510 granum
508 4429 663 4511 propriae
676 4426 868 4491 voluntatis
884 4436 920 4491 et
937 4427 1092 4509 propriae
1107 4426 1372 4510 intelligentiae,
1386 4427 1472 4492 illud

346 4545 450 4587 unum
475 4545 544 4587 non
569 4524 740 4606 potuisset
763 4523 847 4598 dari,
871 4522 933 4586 sed
962 4521 1222 4596 distraheretur,
1248 4530 1385 4587 etcum
1408 4521 1472 4587 illo

346 4623 473 4705 periret
502 4621 627 4684 Divina
651 4621 710 4684 illa
730 4621 878 4698 Forma3
911 4639 998 4702 quae
1023 4637 1092 4682 non
1118 4617 1218 4683 aliter
1243 4629 1407 4684 constare
1434 4628 1473 4682 et
