3426 5382
322 673 364 736 42
673 669 878 723 SAPIENTIA
901 669 1097 724 ANGELICA

324 845 468 906 sortitur
487 843 602 908 locum
621 843 655 907 in
674 843 828 908 inferno:
856 843 925 908 duo
944 844 1035 908 enim
1054 846 1217 929 opposita
1239 847 1400 914 ordinata
1417 852 1456 914 in

324 938 426 1002 simili
447 940 515 1003 situ
538 947 661 1004 contra
685 940 831 1004 invicem
850 941 1074 1006 continentur
1092 942 1126 1006 in
1145 959 1251 1006 nexu.
1294 940 1374 1012 Hoc
1396 953 1458 1012 est

323 1035 483 1102 intimum
499 1034 646 1101 Divinae
664 1033 908 1100 Providentiae
923 1035 967 1100 de
985 1034 1129 1102 inferno.

322 1605 437 1694 Quor>
464 1606 592 1676 Lucas
615 1607 785 1674 Drvmns
814 1607 1364 1692 Pnov1nuur1nss1ur,ouaa
1393 1621 1457 1678 ro·

631 1727 763 1780 noras
787 1727 1004 1780 uommnus
1026 1728 1135 1781 suns.

383 1911 455 1981 70.
485 1897 589 1982 Quod
620 1899 747 1965 Divina
778 1899 1001 1966 Providentia
1035 1901 1089 1976 sit,
1118 1910 1240 1966 notum
1273 1908 1352 1979 est;
1389 1897 1457 1965 sed

321 1995 430 2076 qualis
448 1994 508 2058 illa
527 2004 593 2070 est,
611 2015 681 2059 non
701 2004 821 2059 notum
842 2006 907 2060 est.
955 1994 1057 2079 Quod
1077 2015 1146 2060 non
1166 2005 1288 2060 notum
1304 1995 1350 2060 sit
1368 2015 1456 2078 qua·

320 2089 363 2153 lis
387 2089 513 2153 Divina
535 2089 757 2154 Providentia
780 2100 845 2166 est,
869 2099 924 2155 est
949 2092 1026 2173 quia
1057 2091 1153 2174 leges
1183 2099 1264 2156 sunt
1294 2110 1457 2168 arcanae,

320 2183 386 2248 huc
406 2204 511 2268 usque
535 2185 736 2250 reconditae
759 2185 792 2249 in
817 2187 990 2270 sapientia
1013 2188 1104 2271 apud
1128 2186 1285 2270 angelos,
1305 2197 1342 2252 at
1362 2205 1456 2251 nunc

319 2279 538 2357 revelandae,
559 2291 597 2346 ut
616 2281 798 2345 addicatur
817 2282 969 2346 Domino
987 2283 1080 2366 quod
1105 2282 1217 2366 Ipsius
1241 2293 1307 2358 est,
1327 2292 1363 2347 et
1382 2302 1456 2348 non

319 2377 421 2442 alicui
439 2376 570 2441 homini
585 2376 678 2460 quod
694 2375 784 2440 illius
804 2395 873 2441 non
891 2386 967 2441 est:
993 2376 1146 2461 plerique
1162 2379 1254 2443 enim
1271 2379 1304 2442 in
1323 2378 1459 2444 mundo

319 2475 515 2539 attribuunt
538 2473 603 2538 sibi
626 2492 776 2555 suaeque
801 2472 1005 2556 prudentiae
1030 2476 1157 2550 omnia,
1181 2484 1218 2538 et
1241 2493 1329 2557 quae
1351 2475 1454 2538 attri-

319 2571 422 2636 buere
451 2590 520 2634 non
539 2577 697 2654 possunt,
723 2567 784 2632 illa
807 2578 936 2632 vocant
967 2567 1110 2633 fortuita
1136 2579 1172 2634 et
1199 2571 1456 2653 contingentia,

318 2686 387 2730 non
404 2668 555 2730 scientes
572 2666 664 2750 quod
681 2665 865 2747 prudentia
881 2664 1033 2728 humana
1049 2665 1131 2728 nihil
1148 2667 1204 2740 sit,
1222 2674 1259 2729 et
1275 2667 1367 2748 quod
1383 2666 1455 2730 sor·

318 2762 407 2827 tuita
425 2772 461 2826 et
482 2763 724 2843 contingentia
739 2761 809 2825 sint
826 2780 937 2825 vanae
954 2779 1070 2824 voces.
1116 2774 1174 2836 [2.]
1206 2761 1342 2824 Dicitur
1360 2761 1456 2844 quod

318 2856 416 2938 leges
436 2856 582 2922 Divinae
600 2857 843 2921 Providentiae
860 2877 1008 2920 arcanae
1028 2857 1109 2930 sint,
1125 2855 1191 2920 huc
1208 2877 1314 2939 usque
1330 2877 1455 2920 recon-

318 2954 411 3017 ditae
427 2955 461 3016 in
486 2953 657 3035 sapientia
680 2952 770 3035 apud
790 2951 957 3035 angelos:
983 2973 1087 3016 causa
1106 2961 1171 3027 est,
1189 2953 1267 3035 quia
1283 2954 1317 3016 in
1335 2951 1455 3017 Chris-

318 3051 415 3114 tiano
435 3049 517 3114 orbe
537 3070 583 3113 ex
599 3048 768 3130 religione
784 3049 944 3114 occlusus
960 3059 1016 3113 est
1034 3045 1232 3113 intellectus
1248 3049 1281 3112 in
1306 3049 1455 3125 Divinis,

318 3157 354 3210 et
378 3147 458 3211 inde
481 3145 541 3209 ille
563 3146 598 3209 in
622 3145 675 3208 his
698 3155 772 3210 tam
796 3146 941 3209 obtusus
965 3156 1001 3210 et
1021 3147 1173 3210 renitens
1194 3141 1303 3208 lad'tus
1326 3155 1392 3220 est,
1414 3155 1455 3211 ut

317 3243 423 3307 homo
448 3261 517 3305 non
542 3243 694 3324 potuerit
714 3243 878 3324 quianon
897 3242 1017 3316 voluit,
1035 3251 1095 3305 aut
1116 3261 1184 3304 non
1201 3239 1350 3304 voluerit
1373 3241 1456 3323 quia

318 3358 387 3402 non
406 3338 533 3421 potuit,
553 3336 749 3419 intelligere
772 3337 864 3400 aliud
889 3338 932 3401 de
957 3337 1083 3400 Divina
1105 3336 1325 3400 Providentia
1348 3355 1454 3418 quam

317 3432 428 3496 solum
452 3433 546 3516 quod
569 3434 636 3511 sit;
660 3443 697 3496 et
721 3433 918 3497 ratiocinari
943 3451 1023 3496 num
1048 3433 1092 3495 sit
1110 3431 1166 3495 vel
1189 3451 1258 3495 non
1282 3431 1337 3506 sit,
1355 3440 1391 3494 ut
1414 3440 1453 3496 et

317 3548 399 3593 num
412 3529 524 3592 solum
537 3529 582 3592 sit
596 3527 809 3602 universalis,
824 3529 878 3591 vel
893 3529 999 3592 etiam
1013 3525 1233 3610 paricularis:
1253 3523 1455 3591 intellectus

317 3647 362 3690 ex
382 3622 550 3704 religione
566 3623 725 3686 occlusus
748 3625 782 3686 in
803 3624 935 3688 Divinis
954 3644 1023 3687 non
1041 3622 1131 3687 ultra
1151 3623 1261 3706 potuit
1279 3623 1454 3705 progredi.

318 3732 376 3794 [3.]
401 3715 469 3780 Sed
486 3719 566 3800 quia
581 3720 738 3800 agnitum
755 3728 809 3782 est
824 3721 858 3782 in
875 3719 1034 3794 ecclesia,
1054 3718 1145 3801 quod
1161 3717 1266 3782 homo
1283 3737 1351 3781 non
1369 3738 1452 3800 pos·

317 3813 361 3876 sit
378 3835 399 3875 a
414 3833 452 3876 se
468 3813 580 3878 facere
597 3815 724 3878 bonum
737 3815 829 3898 quod
846 3817 878 3878 in
896 3837 933 3880 se
950 3817 1079 3881 bonum
1097 3823 1162 3890 est,
1177 3835 1287 3897 neque
1302 3835 1323 3879 a
1339 3835 1377 3880 se
1390 3835 1452 3880 co·

317 3910 429 3989 gitare
442 3929 560 3973 verum
577 3911 669 3993 quod
686 3911 719 3975 in
737 3932 775 3975 se
787 3931 906 3976 verum
924 3923 989 3989 est,
1004 3921 1040 3977 et
1055 3910 1142 3975 haec
1160 3929 1262 3974 unum
1275 3920 1355 3975 sunt
1371 3929 1453 3975 cum

318 4004 444 4068 Divina
468 4005 700 4083 Providentia,
721 4029 825 4091 quare
848 4007 934 4073 fides
958 4010 1055 4073 unius
1081 4006 1210 4091 pendet
1229 4026 1250 4069 a
1268 4003 1335 4070 fide
1359 4004 1451 4070 alte·

317 4101 396 4178 rius,
416 4122 459 4165 ne
479 4103 596 4185 itaque
615 4101 805 4168 affirmetur
823 4124 927 4168 unum
946 4115 982 4170 et
1002 4112 1150 4186 negetur
1169 4101 1328 4176 alterum,
1346 4112 1382 4166 et
1401 4102 1452 4168 sic

317 4206 500 4280 utrumque
515 4200 631 4275 cadat,
649 4201 789 4265 omnino
805 4201 1030 4265 revelandum
1047 4208 1113 4275 est,
1128 4198 1208 4282 quid
1226 4197 1353 4261 Divina
1368 4196 1451 4261 Pro·

317 4294 472 4359 videntia
487 4304 553 4361 est.
598 4294 650 4360 At
666 4296 732 4361 hoc
757 4316 826 4362 non
842 4295 989 4362 revelari
1008 4305 1138 4379 potest,
1157 4294 1220 4358 nisi
1238 4293 1454 4375 detegantur

317 4389 426 4472 leges,
447 4411 507 4472 per
533 4412 618 4475 quas
647 4391 815 4456 Dominus
840 4392 1001 4475 providet
1022 4401 1059 4457 et
1083 4392 1172 4474 regit
1194 4389 1391 4454 voluntaria
1412 4395 1452 4455 et

317 4483 568 4550 intellectualia
591 4487 763 4566 hominis;
791 4486 889 4569 leges
913 4489 1004 4552 enim
1024 4487 1109 4551 dant
1131 4486 1218 4550 scire
1241 4485 1343 4568 quale
1365 4483 1451 4568 ejus,

318 4591 354 4644 et
372 4582 428 4663 qui
444 4583 510 4645 scit
526 4581 638 4666 quale,
655 4583 713 4647 ille
730 4592 766 4647 et
790 4603 859 4647 non
877 4582 964 4647 alius
987 4591 1108 4665 potest
1127 4601 1320 4664 agnoscere
1342 4580 1451 4659 illam,

317 4677 414 4740 videt
438 4677 530 4742 enim
555 4687 637 4743 tunc
654 4678 760 4744 illam.
807 4677 905 4744 Haec
924 4698 1028 4745 causa
1051 4687 1117 4758 est,
1135 4678 1227 4762 quod
1250 4675 1365 4762 Leges
1388 4675 1452 4742 Di·
