3268 5380
368 693 410 761 92
721 687 924 740 smmum
947 689 1143 740 suosne-n

370 975 486 1060 QUOD
517 993 614 1044 TRES
644 991 799 1046 GRADUS
822 993 1073 1046 ALTITUDINIS
1096 995 1261 1046 INFINITI
1283 997 1333 1046 ΕΤ
1356 997 1491 1049 INCRE·
1580 1039 1581 1056 r

496 1085 563 1136 A'I'I
593 1085 682 1136 SINT
713 1085 754 1135 IN
787 1071 959 1148 DOMINO,
993 1087 1042 1138 ET
1074 1086 1179 1152 QUOD
1213 1087 1308 1140 TRES
1339 1087 1492 1142 GRADUS

497 1176 620 1228 FINITI
642 1177 690 1228 ET
713 1177 855 1230 CREA'I'I
878 1177 966 1228 SINT
988 1179 1030 1229 IN
1054 1178 1218 1230 NOMINE.

431 1361 532 1430 23⁰.
563 1343 664 1428 Quod
686 1346 720 1410 in
740 1346 890 1411 Domino
909 1357 980 1411 tres
1004 1348 1132 1430 gradus
1155 1349 1347 1414 altitudinis
1370 1350 1492 1414 infiniti

368 1447 405 1504 et
424 1438 570 1502 increati
589 1439 669 1514 sint,
690 1448 745 1503 est
768 1439 847 1522 quia
870 1438 1037 1503 Dominus
1057 1450 1111 1505 est
1133 1442 1207 1524 ipse
1231 1442 1343 1505 Amor
1361 1454 1398 1506 et
1421 1446 1491 1527 ipsa

369 1529 557 1614 Sapientia,
575 1539 612 1594 ut
625 1531 659 1594 in
671 1531 955 1594 antecedentibus
971 1531 1245 1597 demonstratum
1260 1543 1334 1612 est;
1360 1545 1396 1598 et
1417 1537 1492 1618 quia

369 1623 540 1688 Dominus
558 1631 613 1686 est
628 1623 701 1705 ipse
718 1621 827 1686 Amor
847 1633 883 1686 et
899 1624 973 1706 ipsa
989 1621 1177 1707 Sapientia,
1194 1626 1272 1688 ideo
1288 1645 1424 1709 quoque
1440 1637 1491 1690 est

368 1715 442 1798 ipse
457 1715 570 1792 Usus;
595 1733 674 1778 nam
689 1734 786 1778 amor
804 1734 866 1797 pro
884 1715 950 1778 fine
969 1716 1075 1780 habet
1093 1737 1200 1792 usum,
1216 1739 1315 1800 quem
1333 1720 1492 1800 producit
1580 1709 1581 1722 ¹

368 1828 431 1890 per
452 1808 679 1889 sapientiam
704 1826 801 1870 amor
819 1808 910 1870 enim
932 1817 969 1871 et
992 1809 1162 1891 sapientia
1185 1809 1313 1892 absque
1337 1831 1400 1873 usu
1424 1831 1492 1874 non

368 1900 499 1964 habent
513 1901 697 1963 terminum
713 1907 772 1961 aut
787 1898 899 1974 finem,
917 1920 976 1963 seu
993 1920 1062 1964 non
1079 1900 1210 1963 habent
1230 1921 1326 1964 suum
1344 1904 1491 1966 domici·

369 1992 450 2055 lium
462 2013 470 2070 3
490 2001 700 2074 quapropter
713 2011 781 2053 non
794 2000 913 2073 potest
932 1992 998 2054 dici
1010 1993 1101 2075 quod
1115 1994 1184 2056 sint
1197 2003 1233 2056 et
1246 1995 1415 2067 existant,
1430 1998 1492 2058 nisi

369 2085 415 2147 sit
440 2105 519 2146 usus
536 2085 569 2146 in
589 2103 665 2166 quo.
703 2083 800 2146 Haec
817 2085 883 2146 tria
902 2087 1121 2149 constituunt
1140 2095 1211 2149 tres
1227 2086 1355 2166 gradus
1371 2087 1491 2150 altitu·

367 2177 457 2240 dinis
476 2178 510 2241 in
529 2173 689 2257 subjectis
707 2177 810 2239 vitae.
857 2173 945 2240 Sunt
960 2176 1046 2240 haec
1066 2177 1132 2240 tria
1151 2178 1240 2241 sicut
1252 2177 1329 2240 finis
1352 2181 1491 2260 primus,

368 2269 444 2332 finis
460 2270 591 2333 medius
607 2270 664 2352 qui
682 2277 824 2331 vocatur
840 2288 953 2343 causa,
971 2279 1007 2332 et
1025 2267 1102 2332 finis
1120 2269 1260 2333 ultimus
1276 2271 1333 2352 qui
1348 2283 1493 2334 vocatur

367 2359 517 2426 effectus.
555 2359 656 2442 Quod
669 2359 755 2435 finis,
773 2381 877 2423 causa
889 2370 924 2424 et
939 2357 1079 2424 effeetus
1093 2363 1309 2425 constituant
1327 2373 1399 2425 tres
1411 2382 1492 2444 gra·

366 2455 431 2518 dus
443 2453 646 2527 altitudinis,
663 2472 765 2535 supra
780 2463 957 2516 ostensum
972 2463 1076 2516 estet
1090 2453 1207 2517 multis
1220 2453 1471 2519 confirmatum.

431 2563 524 2630 231.
554 2543 656 2626 Quod
667 2553 738 2608 tres
748 2544 797 2607 illi
809 2546 936 2626 gradus
946 2546 979 2607 in
993 2545 1131 2608 homine
1144 2547 1224 2621 sint,
1239 2556 1399 2610 constare
1411 2559 1491 2628 pot-

367 2648 422 2702 est
435 2659 480 2701 ex
494 2637 690 2700 elevatione
702 2638 828 2700 mentis
841 2636 911 2716 ejus
927 2638 1085 2720 usquead
1100 2638 1226 2719 gradus
1242 2639 1368 2701 amoris
1383 2648 1419 2702 et
1436 2660 1492 2701 sa·
1580 2633 1581 2644 *

367 2730 529 2813 pientiae,
543 2729 576 2791 in
587 2729 708 2811 quibus
721 2739 800 2792 sunt
810 2727 926 2810 angeli
937 2731 1078 2792 secundi
1095 2741 1130 2792 et
1141 2731 1233 2794 tertii
1246 2730 1332 2792 caeli
1346 2751 1353 2807 ;
1371 2749 1491 2794 omnes
1580 2789 1581 2806 ,

367 2821 458 2885 enim
478 2821 594 2902 angeli
612 2821 747 2884 fuerunt
764 2822 837 2885 nati
856 2821 1022 2897 homines,
1037 2832 1073 2885 et
1086 2823 1190 2885 homo
1201 2823 1313 2905 quoad
1326 2823 1490 2886 interiora
1580 2815 1581 2834 ἢ

367 2933 455 2996 quae
473 2913 600 2976 mentis
619 2911 689 2994 ejus
705 2923 797 2988 sunt,
815 2923 869 2976 est
889 2912 1021 2976 caelum
1041 2915 1075 2976 in
1093 2915 1231 2976 minima
1249 2913 1380 2992 sorma;
1404 2925 1490 2996 quot

367 3007 483 3089 itaque
499 3004 585 3068 caeli
603 3014 692 3078 sunt,
708 3014 762 3068 tot
774 3006 901 3087 gradus
913 3005 1105 3069 altitudinis
1119 3016 1198 3069 sunt
1212 3006 1300 3088 apud
1314 3006 1490 3070 hominem

367 3120 388 3162 a
410 3099 595 3163 creatione.
642 3095 758 3160 Homo
785 3099 890 3161 etiam
916 3107 970 3160 est
993 3099 1109 3180 imago
1132 3108 1167 3160 et
1191 3099 1380 3162 similitudo
1404 3097 1489 3175 Dei;
1580 3179 1581 3182 Ἴ

367 3212 472 3275 quare
484 3189 533 3252 illi
546 3200 617 3253 tres
630 3189 756 3270 gradus
767 3191 921 3272 inscripti
934 3201 1014 3252 sunt
1027 3190 1166 3263 homini,
1182 3191 1259 3273 quia
1271 3192 1304 3252 in
1318 3189 1395 3253 Deo
1412 3189 1489 3253 Ho·
1580 3192 1581 3216 ¹

368 3285 469 3355 mine,
490 3283 554 3345 hoc
574 3291 639 3354 est,
661 3282 694 3343 in
719 3281 869 3344 Domino
888 3292 978 3354 sunt.
1025 3281 1125 3362 Quod
1146 3282 1193 3345 illi
1217 3283 1343 3362 gradus
1362 3283 1395 3344 in
1416 3281 1489 3345 Do-

368 3377 461 3438 mino
477 3373 598 3437 infiniti
615 3385 651 3438 et
667 3375 810 3437 increati
826 3375 906 3448 sint,
919 3384 953 3437 et
971 3375 1061 3457 quod
1078 3373 1126 3437 illi
1143 3376 1176 3436 in
1193 3375 1331 3436 homine
1348 3373 1436 3436 finiti
1453 3383 1489 3437 et
1580 3383 1581 3460 l

368 3468 474 3532 creati
487 3469 566 3541 sint,
578 3477 738 3531 constare
750 3476 867 3549 potest
879 3487 923 3528 ex
937 3466 1014 3538 illis,
1026 3464 1182 3548 1¹1quaein
1196 3465 1296 3528 Parte
1306 3466 1416 3528 Prima
1427 3468 1489 3528 de·
1580 3463 1581 3530 l

368 3570 563 3622 monstrata
576 3571 675 3623 sunt:
694 3570 731 3622 ut
744 3580 789 3622 ex
806 3559 869 3632 his,
884 3559 974 3640 quod
993 3557 1159 3620 Dominus
1179 3559 1224 3620 sit
1243 3558 1353 3620 Amor
1372 3568 1407 3620 et
1424 3557 1488 3620 Sa·

367 3653 498 3734 pientia
515 3655 547 3715 in
565 3651 627 3728 Se;
649 3663 684 3715 et
700 3652 792 3733 quod
809 3651 913 3714 homo
925 3652 970 3713 sit
986 3651 1153 3730 recipiens
1163 3651 1289 3712 amoris
1300 3659 1335 3712 et
1351 3650 1488 3731 sapien·
1580 3705 1581 3718 ,

367 3745 436 3807 tiae
453 3766 472 3807 a
490 3743 639 3806 Domino
652 3765 659 3822 ;
677 3754 750 3806 tum
763 3744 854 3825 quod
866 3743 908 3806 de
922 3742 1071 3805 Domino
1084 3741 1166 3804 nihil
1180 3743 1244 3804 nisi
1256 3761 1357 3824 quam
1370 3740 1488 3804 Infini-

367 3847 440 3900 tum
454 3837 521 3899 dici
533 3845 646 3918 queat,
660 3845 696 3898 et
710 3833 800 3917 quod
814 3835 856 3897 de
869 3835 1006 3897 homine
1019 3832 1101 3896 nihil
1115 3834 1179 3897 nisi
1192 3853 1294 3917 quam
1306 3833 1449 3897 finitum.

430 3941 524 4008 232.
554 3927 610 3992 Illi
634 3938 703 3990 tres
729 3927 856 4008 gradus
879 3927 968 4007 apud
998 3924 1144 4008 angelos
1171 3927 1394 3990 nominantur
1414 3945 1487 3988 cae·

366 4019 472 4096 lestis,
496 4018 701 4101 spiritualis,
722 4031 757 4082 et
782 4017 971 4097 naturalis3
1004 4039 1044 4082 ac
1074 4017 1142 4082 illis
1168 4018 1295 4100 gradus
1324 4017 1487 4082 caelestis

366 4123 421 4176 est
438 4113 564 4194 gradus
580 4112 715 4185 amoris,
729 4111 855 4192 gradus
872 4111 1057 4193 spiritualis
1073 4120 1128 4175 est
1144 4109 1271 4193 gradus
1283 4111 1486 4192 sapientiae,

364 4215 403 4268 et
430 4205 557 4286 gradus
588 4201 752 4267 naturalis
777 4213 831 4267 est
856 4204 983 4284 gradus
1007 4223 1136 4266 usuum.
1183 4199 1295 4268 Causa
1317 4203 1408 4286 quod
1437 4201 1486 4266 illl

365 4297 494 4380 gradus
510 4299 559 4362 ita
575 4296 803 4370 nominentur,
818 4306 872 4359 est
889 4297 966 4379 quia
979 4295 1065 4359 caeli
1081 4296 1115 4359 in
1132 4293 1200 4360 duo
1212 4314 1320 4378 regna
1332 4291 1486 4359 distincti

341 4398 459 4464 sunt,
490 4409 530 4452 ac
556 4406 658 4450 unum
692 4407 834 4469 regnum
865 4390 1062 4451 nominatur
1088 4387 1251 4463 caeleste,
1272 4397 1309 4452 et
1338 4386 1486 4451 alterum

365 4479 555 4563 spirituale,
577 4479 697 4562 quibus
724 4480 859 4544 accedit
889 4481 1030 4543 tertium
1060 4499 1214 4561 regnum,
1239 4479 1273 4543 in
1306 4499 1375 4562 quo
1404 4487 1486 4544 sunt

366 4570 523 4635 homines
547 4572 580 4634 in
611 4571 749 4646 mundo,
775 4571 864 4654 quod
896 4581 949 4635 est
980 4591 1122 4653 regnum
1153 4571 1320 4636 naturale.
1366 4570 1485 4635 Etiam

366 4662 494 4745 angeli,
522 4683 568 4728 ex
601 4664 722 4747 quibus
751 4682 895 4746 regnum
925 4663 1076 4727 caeleste
1108 4665 1279 4737 consistit,
1303 4664 1337 4726 in
1368 4683 1487 4728 amore
