3410 5382
343 681 386 762 48
694 693 900 746 surianam
922 693 1118 746 Anaetica

344 877 381 932 et
399 855 562 932 libertate
582 865 685 931 insita
704 865 838 950 possint
861 865 1055 948 intelligere
1074 864 1103 930 si
1121 863 1255 945 volunt,
1276 876 1313 933 et
1336 875 1484 954 quoque'·

345 963 436 1045 quod
459 963 594 1047 possint
613 961 714 1026 velle.
759 960 816 1025 Ex
839 960 892 1026 his
916 961 1004 1024 binis
1020 959 1244 1026 facultatibus
1268 972 1322 1027 est
1341 964 1474 1031 homini

344 1059 436 1142 quod
455 1059 566 1143 possit
585 1057 752 1141 cogitare,
772 1066 808 1122 et
830 1079 875 1122 ex
895 1058 1111 1140 cogitatione
1135 1057 1252 1142 loqui:
1275 1060 1309 1124 in
1333 1061 1473 1148 reliquis

345 1174 414 1218 non
434 1165 514 1220 sunt
533 1154 701 1230 homines,
718 1154 781 1218 sed
799 1154 942 1232 bestiae,
959 1163 996 1219 et
1014 1153 1154 1239 quidam
1173 1175 1219 1220 ex
1238 1154 1346 1221 abusu
1364 1157 1471 1224 lacul-

344 1261 456 1326 tatum
473 1250 608 1314 illarum
625 1250 743 1315 bestiis
763 1248 906 1332 pejores.

406 1347 477 1429 76.
507 1345 660 1430 Quisque
680 1368 726 1410 ex
745 1344 990 1409 rationalitate*
1004 1365 1074 1409 non
1093 1344 1256 1411 obvelata
1274 1345 1392 1414 videre
1410 1358 1472 1414 aut

342 1442 635 1524 comprehendere
648 1451 778 1525 potest,
792 1440 884 1524 quod
900 1439 1005 1504 homo
1018 1441 1147 1523 absque
1161 1444 1365 1525 apparentia
1377 1445 1470 1529 quod

343 1540 387 1600 sit
414 1537 496 1618 ejus,
517 1558 587 1602 non
609 1538 720 1620 possit
744 1539 779 1600 in
802 1537 917 1620 aliqua
939 1533 1119 1600 affectione
1142 1538 1272 1601 sciendi
1292 1559 1380 1617 esse,
1405 1560 1468 1605 nec

343 1635 376 1696 in
396 1634 510 1717 aliqua
532 1630 713 1698 affettione
736 1631 975 1716 intelligendi3
999 1651 1079 1696 nam
1102 1650 1206 1696 omne
1224 1632 1412 1715 jucundum
1432 1647 1470 1703 et

343 1728 478 1812 volupe,
492 1731 541 1794 ita
557 1748 660 1793 omne
676 1729 878 1804 voluntatis,
896 1737 951 1792 est
969 1748 1014 1792 ex
1030 1725 1211 1792 affedtione
1227 1749 1315 1813 quae
1330 1735 1468 1797 amoris.

344 1820 428 1906 Quis
452 1833 570 1905 potest
599 1825 727 1918 aliquid
752 1824 843 1888 velle
868 1826 965 1901 scire,
995 1833 1032 1889 et
1056 1823 1146 1888 velle
1170 1823 1378 1907 intelligere,
1404 1829 1468 1893 nisi

343 1920 372 1980 ei
392 1918 520 2002 aliquid
540 1920 664 2003 volupe
688 1917 876 1984 afsedtionis
898 1920 968 1984 sit?
991 1930 1028 1984 et
1053 1921 1130 2004 quis
1145 1930 1262 2005 potest
1281 1921 1409 1988 habere
1432 1923 1468 1988 id

341 2013 468 2096 volupe
484 2012 683 2091 affectionis,
701 2016 766 2079 nisi
782 2015 815 2079 id
832 2037 900 2099 quo
917 2013 1064 2080 afficitur
1079 2026 1244 2099 appareat
1264 2017 1354 2082 sicut
1370 2017 1469 2102 ejus?

342 2107 377 2173 Si
397 2109 480 2172 nihil
499 2109 581 2191 ejus,
602 2112 663 2174 sed
687 2130 791 2176 omne
812 2111 955 2175 alterius
974 2122 1079 2187 esset,
1100 2112 1166 2177 hoc
1190 2122 1257 2190 est,
1277 2114 1305 2177 si
1327 2115 1402 2198 quis
1421 2137 1466 2179 ex

341 2205 410 2268 suis
427 2203 662 2270 affectionibus
678 2206 872 2272 infunderet
885 2206 1013 2290 aliquid
1027 2209 1060 2270 in
1077 2218 1230 2272 mentem
1246 2208 1400 2287 alterius,
1413 2211 1468 2276 cui

342 2301 456 2366 nullae
471 2298 671 2366 affectiones
687 2304 819 2367 sciendi
834 2313 869 2367 et
886 2303 1106 2386 intelligendi
1122 2305 1211 2368 sicut
1227 2325 1273 2368 ex
1289 2324 1328 2370 se
1342 2306 1467 2383 forent,

341 2417 422 2461 num
439 2399 620 2481 reciperet,
633 2399 738 2462 immo
755 2419 835 2462 num
852 2408 972 2480 posset
988 2399 1163 2482 recipere?
1208 2400 1360 2466 Essetne
1377 2402 1468 2467 sicut

340 2494 375 2558 id
398 2495 489 2578 quod
509 2503 655 2559 vocatur
677 2495 815 2558 brutum
834 2505 871 2559 et
895 2495 1028 2578 stipes?
1073 2495 1158 2560 Inde
1178 2497 1358 2562 manifeste
1381 2519 1464 2563 con-

341 2599 433 2653 stare
464 2599 594 2674 potest,
625 2591 716 2673 quod
748 2591 888 2656 tametsi
918 2593 1034 2656 omnia
1062 2589 1219 2668 influunt,
1243 2613 1331 2676 quae
1361 2593 1467 2660 homo

340 2687 487 2769 percipit
510 2697 546 2750 et
569 2687 649 2750 inde
673 2688 807 2768 cogitat
829 2696 865 2751 et
891 2688 968 2763 scit,
992 2697 1029 2752 et
1053 2687 1241 2753 secundum
1269 2692 1465 2774 perceptio·

341 2800 420 2844 nem
439 2782 514 2846 vult
533 2791 569 2846 et
588 2782 680 2858 iacit,
702 2804 807 2866 usque
827 2783 1068 2848 Providentiae
1085 2783 1231 2849 Divinae
1250 2785 1390 2852 Domini
1408 2789 1465 2864 sit,

340 2886 377 2940 ut
397 2877 431 2940 id
450 2888 617 2960 appareat
637 2879 726 2942 sicut
745 2877 917 2957 hominis;
943 2899 1034 2955 nam,
1052 2890 1089 2944 ut
1108 2876 1237 2945 dictum
1256 2892 1322 2958 est,
1339 2881 1467 2966 alioqui

339 2971 444 3036 homo
468 2973 552 3036 nihil
575 2974 755 3057 reciperet,
779 2975 829 3037 ita
853 2994 922 3037 non
952 2974 1067 3057 aliqua
1093 2974 1327 3059 intelligentia
1349 2987 1386 3042 et
1410 2999 1465 3042 sa·

339 3069 471 3151 pientia
490 3070 611 3134 donari
633 3079 763 3152 posset.
811 3069 942 3134 Notum
961 3081 1027 3145 est,
1047 3069 1138 3153 quod
1158 3072 1408 3138 omnebonum
1429 3085 1466 3139 et

340 3184 469 3242 verum,
494 3185 563 3229 non
587 3165 632 3229 sit
654 3165 814 3241 hominia,
840 3166 902 3230 sed
926 3166 971 3231 sit
995 3165 1147 3242 Domini,
1171 3176 1208 3231 et
1231 3177 1350 3232 tamen
1373 3171 1466 3252 quod

338 3272 505 3344 appareat
521 3260 651 3326 homini
667 3262 755 3325 sicut
771 3260 862 3342 ejus;
887 3271 923 3326 et
936 3262 1015 3344 quia
1030 3280 1133 3325 omne
1151 3263 1280 3327 bonum
1297 3273 1331 3328 et
1346 3285 1465 3329 verum

338 3359 387 3421 ita
406 3366 563 3441 apparet,
581 3357 686 3420 ctiam
703 3357 819 3420 omnia
835 3356 1004 3421 ecclesiae
1021 3365 1057 3421 et
1073 3357 1171 3433 caeli,
1189 3359 1333 3440 proinde
1350 3362 1466 3424 omnia

338 3454 464 3517 amoris
483 3462 520 3518 et
538 3454 740 3534 sapientiae,
761 3463 835 3516 tum
854 3452 1034 3516 charitatis
1054 3461 1090 3516 et
1110 3451 1199 3529 fidei,
1216 3453 1265 3519 ita
1282 3466 1464 3538 apparent,

338 3558 374 3612 et
391 3559 508 3612 tamen
522 3546 605 3610 nihil
618 3567 734 3611 eorum
751 3547 898 3612 hominis
915 3555 980 3612 est.
1026 3547 1092 3611 illa
1107 3550 1260 3630 recipere
1276 3571 1297 3614 a
1312 3549 1466 3616 Domino

339 3663 442 3708 nemo
466 3653 597 3726 potest,
624 3644 687 3707 nisi
712 3654 880 3726 appareat
909 3644 939 3707 ei
964 3644 1139 3727 percipere
1165 3643 1226 3709 illa
1255 3647 1342 3710 sicut
1370 3668 1391 3711 a
1415 3667 1463 3712 se.

337 3739 395 3802 Ex
418 3738 472 3801 his
495 3747 656 3803 constare
680 3747 800 3820 potest
823 3737 952 3804 veritas
981 3737 1079 3821 hujus
1101 3741 1160 3816 rei,
1186 3740 1278 3823 quod
1303 3742 1464 3825 quicquid

337 3834 443 3897 homo
469 3853 516 3897 ex
540 3832 650 3898 libero
674 3833 767 3912 iacit,
796 3836 869 3899 sive
896 3835 941 3899 sit
964 3835 1109 3900 rationis
1133 3836 1189 3900 vel
1213 3856 1282 3900 non
1306 3838 1463 3914 rationis,

336 3929 443 3994 modo
462 3931 507 3994 sit
527 3931 716 3994 secundum
736 3929 807 4011 ejus
825 3929 1006 4006 rationem,
1027 3930 1077 3994 illi
1094 3941 1262 4014 appareat
1282 3942 1320 3996 ut
1339 3933 1420 4014 ejus.

399 4038 465 4109 77.
496 4023 582 4108 Quis
612 4046 681 4089 non
705 4035 824 4108 potest
854 4046 900 4088 ex
931 4023 1098 4091 facultate
1121 4047 1192 4102 sua,
1212 4047 1300 4110 quae
1318 4038 1464 4093 vocatur

336 4121 562 4196 rationalitas,
577 4121 782 4202 intelligere,
800 4120 892 4204 quod
910 4119 976 4184 hoc
993 4129 1053 4184 aut
1072 4121 1156 4185 illud
1175 4122 1304 4186 bonum
1316 4123 1362 4188 sit
1379 4123 1463 4188 utile

336 4219 521 4292 communi,
542 4225 578 4294 et
602 4217 692 4299 quod
716 4217 782 4280 hoc
802 4225 862 4280 aut
885 4214 969 4278 illud
988 4215 1116 4280 malum
1136 4217 1181 4281 sit
1204 4219 1346 4282 noxium
1365 4238 1461 4283 com·

336 4314 450 4378 muni?
474 4324 511 4378 ut
528 4313 620 4397 quod
632 4312 778 4394 justitia,
797 4313 985 4387 sinceritas
1003 4320 1039 4376 et
1054 4314 1200 4378 castitas
1216 4313 1376 4398 conjugii,
1394 4317 1464 4381 sint

336 4411 438 4475 utiles
454 4410 638 4486 communi,
656 4421 691 4473 ct
709 4409 799 4493 quod
816 4407 991 4490 injustitia,
1008 4409 1225 4473 insinceritas
1241 4420 1278 4474 et
1293 4413 1463 4476 scortatio

335 4528 413 4571 cum
432 4507 576 4572 aliorum
596 4505 771 4582 uxoribus,
792 4505 861 4569 sint
881 4505 1009 4569 noxiae
1028 4505 1222 4582 communi;
1247 4526 1461 4590 consequen·

336 4613 390 4668 ter
405 4602 496 4687 quod
517 4601 610 4665 mala
624 4600 711 4665 haec
731 4601 764 4665 in
782 4621 818 4665 se
835 4601 903 4664 sint
922 4601 1060 4675 damna,
1081 4609 1116 4664 et
1134 4602 1227 4683 quod
1243 4602 1334 4666 bona
1350 4601 1410 4667 illa
1429 4604 1462 4668 iu

335 4718 372 4761 se
392 4699 462 4761 sint
481 4695 725 4761 emolumenta.
771 4693 856 4777 Quis
876 4696 992 4778 itaque
1013 4714 1080 4758 non
1100 4705 1219 4779 potest
1238 4695 1297 4760 illa
1320 4699 1461 4761 rationis
