3426 5382
515 655 566 706 DE
589 652 727 704 DIVINA
750 652 1105 707 Romuleum-N.
1130 660 1197 726 172.
1358 665 1419 736 117

292 831 459 910 ecclesia;
494 826 586 913 quod
609 836 725 892 autem
749 824 905 892 Verbum
929 829 974 894 sit
998 830 1041 894 de
1064 829 1141 896 solo
1164 831 1327 914 Domino,
1350 836 1418 905 hoc

293 929 430 1012 quidem
454 945 525 989 non
548 933 714 1006 negatum
737 933 803 1000 est,
828 924 889 987 sed
913 926 1095 1002 nescitum,
1120 938 1157 992 at
1181 939 1360 998 ostensum
1383 937 1418 1000 in

291 1021 456 1086 Doiirina
489 1018 605 1082 Novae
625 1017 878 1100 Hierosolymae
910 1019 950 1083 de
971 1020 1113 1085 Domino
1145 1023 1192 1108 (n.
1221 1043 1290 1110 1-7,
1319 1041 1354 1095 et
1385 1052 1418 1097 n.

293 1116 428 1200 37-44);
466 1125 503 1180 et
526 1115 561 1177 in
583 1113 749 1178 Doiirina
767 1113 886 1177 Navae
902 1113 1155 1200 Hierosolyrnae
1176 1122 1217 1185 de
1238 1123 1418 1210 Scriptura

292 1215 400 1279 Sacra
429 1211 476 1295 (n.
495 1211 613 1293 62-69,
638 1231 671 1276 n.
695 1213 810 1293 80—90,
836 1231 868 1274 n.
891 1213 1044 1296 98·100).
1100 1215 1200 1282 Nunc
1226 1224 1304 1304 quia
1327 1223 1416 1290 Ver·

290 1310 372 1374 bum
403 1319 457 1374 est
485 1330 531 1372 ex
554 1308 631 1373 solo
654 1307 818 1384 Domin0,
839 1318 874 1372 et
897 1308 941 1372 de
964 1309 1040 1374 solo
1065 1311 1226 1390 Domino,
1251 1322 1415 1401 sequitur,

290 1405 382 1491 quod
401 1423 478 1468 cum
497 1401 603 1468 homo
622 1404 768 1468 docetur
787 1425 832 1468 ex
849 1402 980 1482 Verb0,
998 1407 1164 1472 doceatur
1184 1431 1229 1474 ex
1254 1412 1415 1490 Domino,

289 1512 345 1565 est
376 1501 466 1564 enim
491 1499 645 1564 Verbum
674 1499 845 1564 Divinum.
893 1500 978 1584 Quis
1010 1512 1130 1585 potest
1160 1511 1414 1574 communicare

290 1596 465 1673 Divinum,
485 1615 524 1660 ac
548 1595 632 1658 illud
652 1595 771 1660 indere
791 1597 963 1673 cordibus,
985 1599 1048 1662 nisi
1067 1621 1168 1684 quam
1187 1603 1299 1686 ipsum
1319 1605 1415 1669 Divi·

289 1712 381 1767 num,
406 1713 426 1755 a
448 1712 516 1775 quo
539 1701 594 1756 est
621 1701 658 1756 et
688 1692 731 1755 de
755 1714 823 1776 quo
845 1693 940 1775 agit?
986 1693 1102 1777 Quare
1125 1697 1210 1763 dicit
1233 1699 1414 1778 Dominus,

289 1788 346 1851 ubi
366 1787 517 1871 loquitur
536 1789 579 1851 de
599 1784 842 1870 conjunctione
863 1789 974 1872 Ipsius
993 1810 1070 1855 cum
1089 1792 1277 1877 discipulis,

338 1923 416 1986 Quod
432 1935 573 1972 manerent
588 1925 615 1972 in
630 1923 703 1986 Ipso,
716 1933 744 1974 et
756 1926 840 1974 verba
853 1925 943 1988 Ipsius
956 1927 984 1976 in
997 1926 1050 1976 illis
1064 1927 1139 1993 (Jok.
1152 1943 1195 1980 xv.
1209 1931 1242 1994 7).

338 1989 418 2104 guod
426 1989 517 2038 Verba
530 1989 619 2066 Ipsius
632 2001 725 2040 essent
737 1991 848 2053 spiritus
861 2003 888 2070 et
900 1993 956 2041 vita
967 1992 1042 2070 (Jah.
1054 1995 1088 2042 vi.
1101 1995 1151 2056 63).
1169 2062 1175 2074 ·
1381 2067 1386 2078 .

362 2064 372 2104 t
389 2055 483 2170 qugd·2
480 2069 652 2182 rppnsronem
666 2056 765 2105 habeat
783 2057 854 2118 apud
873 2057 942 2116 illos,
955 2073 1001 2122 qur
1019 2061 1102 2108 verbe
1120 2059 1210 2123 lpsrus
1222 2073 1333 2114 serrant
1350 2063 1414 2126 (xiv.

287 2261 403 2346 Quare
422 2263 577 2346 cogitare
596 2284 642 2327 ex
663 2263 824 2340 Domin0,
843 2275 898 2329 est
921 2287 966 2329 ex
987 2264 1117 2342 Verbo,
1134 2269 1222 2333 sicut
1245 2289 1305 2352 per
1324 2269 1413 2335 Ver·

286 2358 377 2422 bum.
423 2356 527 2441 Quod
554 2361 670 2423 omnia
693 2359 801 2423 Verbi
825 2362 1175 2426 communicationem
1206 2385 1283 2428 cum
1315 2366 1414 2431 caelo

285 2452 450 2530 habeant,
478 2454 512 2516 in
546 2453 710 2518 Doiirina
736 2453 853 2519 Novae
880 2455 1135 2541 Hierosolymae
1162 2460 1203 2523 de
1232 2460 1414 2543 Scriptura

285 2551 403 2625 Sacra,
421 2572 442 2615 a
460 2551 629 2634 principio
648 2550 691 2614 ad
712 2549 827 2626 finem,
842 2562 1021 2616 ostensum
1039 2565 1092 2618 est
1108 2577 1115 2632 ;
1140 2564 1174 2618 et
1193 2558 1271 2638 quia
1291 2557 1409 2621 Domi·

285 2666 350 2710 nus
372 2656 427 2710 est
451 2647 597 2720 caelum,
617 2646 826 2729 intelligitur
844 2648 936 2730 quod
959 2651 1076 2714 omnia
1094 2649 1202 2714 Verbi
1221 2655 1411 2716 communi·

284 2743 459 2808 cationem
472 2742 626 2806 habeant
642 2760 719 2804 cum
739 2740 820 2823 Ipso
834 2743 1004 2807 Domino:
1030 2745 1161 2829 Angeli
1177 2747 1263 2810 caeli
1274 2749 1413 2830 quidem

285 2841 635 2902 communicationem
652 2837 794 2912 habent,
812 2838 873 2901 sed
889 2837 954 2902 hoc
968 2860 1104 2923 quoque
1119 2861 1139 2904 a
1156 2841 1316 2907 Domino.
1354 2851 1412 2912 [3.]

285 2931 463 2998 Secundo:
499 2932 597 3012 Quod
619 2933 783 2996 Dominus
810 2933 859 2997 sit
888 2932 1040 3010 Verbum,
1069 2935 1149 3016 quia
1174 2947 1225 2999 est
1249 2937 1413 3002 Divinum

293 3027 414 3092 Verum
436 3028 558 3092 Divini
579 3027 674 3092 Boni.
721 3026 824 3111 Quod
850 3028 1018 3093 Dominus
1042 3031 1087 3095 sit
1112 3028 1278 3108 Verbum,
1307 3033 1412 3098 docet

283 3125 375 3207 apud
392 3124 584 3199 Jahannem
602 3123 655 3187 his
673 3124 806 3188 verbis:

334 3261 349 3282 ‘¹
358 3259 391 3309 ln
410 3260 541 3324 principio
555 3269 614 3309 erat
628 3259 756 3318 Verbum,
769 3267 797 3308 et
810 3258 930 3309 Verbum
946 3269 1005 3310 erat
1018 3261 1090 3323 apud
1106 3259 1201 3320 Deum,
1220 3271 1248 3310 et
1269 3262 1342 3312 Deus
1354 3271 1413 3314 erat

415 3325 534 3375 Verbum
543 3339 562 3386 ς.
572 3362 578 3376 .
588 3363 594 3375 .
605 3334 644 3375 .et
653 3324 773 3374 Verbum
786 3321 972 3383 cisoraerum
984 3335 1034 3384 est,
1047 3336 1073 3375 et
1086 3326 1217 3376 habitavit
1230 3328 1257 3377 in
1270 3330 1349 3378 nobis
1358 3327 1372 3349 '⁵
1384 3329 1412 3392 (i.

418 3403 439 3451 1,
454 3392 511 3454 14);

282 3522 350 3589 hoc
371 3524 448 3608 quia
468 3520 634 3587 haetenus
654 3543 723 3587 non
748 3521 850 3586 aliter
869 3518 1085 3585 intelletum
1110 3531 1176 3598 est,
1197 3541 1298 3605 quam
1319 3524 1411 3607 quod

283 3617 379 3683 Deus
400 3620 543 3683 doceret
561 3620 737 3683 hominem
758 3638 818 3701 per
837 3613 1003 3690 Verbum,
1023 3617 1102 3681 ideo
1121 3616 1336 3699 explicatum
1357 3630 1411 3684 est

283 3735 345 3797 per
367 3735 489 3779 vocem
513 3715 730 3790 elevationis,
752 3735 838 3798 quae
862 3711 1008 3777 involvit
1032 3714 1123 3796 quod
1148 3713 1317 3778 Dominus
1341 3736 1410 3780 non

283 3813 329 3877 sit
352 3814 464 3894 ipsum
484 3810 649 3876 Verbum.
697 3811 809 3876 Causa
829 3820 895 3887 est,
916 3811 995 3893 quia
1019 3830 1088 3874 non
1111 3811 1298 3886 sciverunt,
1319 3812 1410 3894 quod

283 3929 344 3992 per
363 3907 517 3973 Verbum
537 3908 752 3991 intelligatur
771 3908 932 3972 Divinum
950 3905 1079 3970 Verum
1098 3906 1212 3970 Divini
1232 3906 1331 3982 Boni,
1351 3929 1410 3970 seu

282 4005 375 4088 quod
400 4005 503 4078 idem,
525 4003 650 4068 Divina
668 4001 847 4086 Sapientia
866 4003 981 4066 Divini
1000 4001 1152 4066 Amoris.
1197 3998 1300 4083 Quod
1323 4001 1409 4066 haec

281 4102 354 4164 sint
382 4101 460 4184 Ipse
485 4100 665 4173 Dominus,
684 4101 718 4164 in
747 4097 983 4164 transactione
1012 4097 1064 4161 De
1084 4096 1210 4161 Dririno
1231 4096 1358 4161 Amore
1379 4107 1413 4161 et

282 4195 412 4260 Divina
431 4194 618 4278 Sapientia,
639 4195 672 4258 in
693 4195 794 4258 Parte
814 4194 937 4272 Prima,
958 4203 1136 4259 ostensum
1157 4203 1232 4272 est;
1263 4202 1299 4257 et
1317 4193 1411 4276 quod

282 4291 370 4356 haec
401 4293 471 4356 sint
498 4289 666 4366 Verbum,
691 4291 724 4354 in
754 4289 918 4355 Datirina
943 4289 1062 4355 Navae
1090 4288 1343 4372 Hr'ermolymae
1370 4290 1412 4354 dr

282 4385 464 4469 Scriptura
494 4385 601 4453 Sacra
633 4384 681 4468 (n.
709 4385 814 4469 1-86).
860 4391 918 4454 [4.]
949 4383 1135 4468 Quomodo
1160 4386 1329 4450 Dominus
1356 4396 1410 4451 est

282 4481 446 4547 Divinum
470 4481 603 4548 Verum
633 4483 749 4547 Divini
780 4482 877 4558 Boni,
907 4482 961 4546 hic
993 4484 1110 4565 paucis
1137 4482 1240 4546 etiam
1266 4482 1409 4548 dicetur.

283 4575 407 4642 Omnis
429 4577 535 4643 homo
558 4599 628 4642 non
651 4588 707 4643 est
729 4578 835 4642 homo
857 4600 902 4640 ex
925 4578 1010 4642 lacie
1033 4588 1068 4642 et
1094 4599 1250 4662 corpore,
1274 4581 1335 4645 sed
1363 4601 1409 4643 ex

282 4672 376 4738 bono
392 4675 519 4738 amoris
535 4675 587 4737 sui
602 4682 638 4737 et
658 4695 703 4737 ex
721 4675 810 4739 veris
826 4675 1017 4757 sapientiae
1030 4694 1132 4754 suae;
1157 4685 1193 4739 et
1210 4676 1289 4759 quia
1304 4675 1409 4739 homo
