3418 5370
302 675 366 758 256
651 689 860 740 snnrnnrra
882 689 1081 741 nnoanrca

302 860 470 936 insanum,
490 871 527 925 et
546 859 626 925 inde
644 882 779 945 quoque
798 871 854 926 est
874 861 1103 944 paradoxon;
1130 882 1171 926 ac
1195 861 1334 946 insuper
1352 873 1435 930 sunt

302 953 391 1016 sicut
410 951 469 1028 illi,
490 954 546 1036 qui
566 953 707 1018 alterius
726 953 867 1017 domum
886 962 922 1016 et
940 954 1200 1036 possessionem
1218 955 1433 1034 inhabitant,

302 1054 339 1108 et
362 1063 439 1109 cum
462 1045 497 1108 in
521 1044 587 1109 illis
610 1055 703 1121 sunt,
724 1045 933 1128 persuadent
956 1045 1020 1109 sibi
1043 1046 1136 1130 quod
1160 1067 1242 1111 suae
1265 1048 1346 1123 sint,
1372 1057 1435 1114 aut

304 1137 391 1200 sicut
419 1139 602 1202 oeconomi
628 1148 665 1202 et
696 1138 968 1222 dispensatores,
997 1139 1053 1222 qui
1080 1139 1198 1202 omnia
1223 1140 1354 1203 domini
1382 1139 1435 1206 sui

303 1230 449 1294 credunt
479 1249 555 1294 esse
585 1250 668 1309 sua;
702 1240 739 1294 et
773 1231 863 1294 sicut
897 1231 987 1294 servi
1016 1231 1282 1306 ministratores,
1311 1234 1435 1316 quibus

303 1324 464 1387 dominus
490 1323 587 1387 dedit
616 1323 753 1387 talenta
783 1333 820 1387 et
850 1323 961 1386 minas
998 1323 1042 1387 ad
1075 1324 1338 1406 negotiandum,
1363 1343 1434 1388 non

304 1417 474 1479 rationem
503 1416 699 1489 redderent,
719 1415 781 1479 sed
811 1417 1002 1480 retinerent
1033 1424 1071 1480 ut
1098 1436 1170 1490 sua,
1196 1424 1233 1479 et
1266 1416 1315 1480 sic
1344 1416 1436 1480 iures

304 1518 470 1590 agerent;
502 1515 560 1576 [3.]
591 1508 634 1572 de
658 1509 710 1572 his
736 1519 773 1572 et
803 1509 871 1572 illis
898 1509 965 1572 dici
991 1517 1110 1592 potest
1133 1509 1225 1592 quod
1249 1509 1434 1586 insaniant,

305 1601 411 1664 immo
429 1601 523 1684 quod
542 1601 638 1665 nihili
657 1611 692 1664 et
710 1603 842 1674 inanes,
855 1611 928 1665 tum
948 1601 1040 1685 quod
1059 1600 1243 1665 idealistae
1261 1603 1343 1676 sint,
1355 1601 1436 1684 quia

306 1693 445 1768 bonum,
462 1693 554 1776 quod
570 1704 624 1757 est
640 1695 750 1775 ipsum
768 1693 856 1757 Esse
872 1693 977 1768 vitae,
995 1713 1064 1757 non
1080 1693 1169 1777 apud
1187 1713 1224 1756 se
1243 1715 1264 1756 a
1283 1693 1437 1758 Domino

306 1785 447 1860 habent,
465 1788 514 1850 ita
531 1805 594 1850 nec
611 1804 749 1864 verum;
774 1805 877 1868 quare
894 1784 983 1850 tales
1000 1787 1106 1850 etiam
1123 1795 1293 1849 vocantur
1310 1791 1330 1818 “
1342 1806 1435 1850 mor·

307 1877 387 1952 tui,''
410 1889 446 1943 et
470 1899 605 1961 quoque
620 1877 746 1942 “nihili
769 1888 805 1941 et
830 1877 976 1942 inanes”
1001 1876 1111 1960 (Esai.
1136 1876 1185 1940 xl.
1213 1893 1260 1959 17,
1286 1877 1362 1960 23);
1397 1885 1438 1944 et

306 1970 398 2044 alibi,
415 1971 648 2034 “formatores
663 1969 853 2052 imaginis,’'
865 1979 939 2034 tum
952 1973 972 2002 “
981 1968 1180 2052 sculptilia”
1191 1979 1226 2032 et
1239 1976 1259 2002 ‘⁸
1268 1967 1437 2033 statuae.”

307 2060 375 2126 Sed
398 2063 442 2126 de
460 2062 513 2126 his
532 2063 630 2145 plura
650 2064 685 2126 in
708 2062 944 2146 sequentibus,
964 2081 1052 2145 quae
1074 2063 1110 2125 in
1132 2062 1199 2126 hoc
1219 2063 1340 2125 ordine
1364 2061 1437 2124 lus-

308 2163 509 2219 trenturz-

487 2289 531 2358 (i.)
559 2288 643 2360 Quid
653 2289 819 2375 Ifrudentrb
831 2291 970 2360 propria,
984 2289 1101 2360 etquid
1114 2289 1281 2343 Prudentia
1294 2305 1350 2342 non
1362 2293 1438 2359 pro·

475 2431 530 2501 (ii.)
558 2364 741 2502 Quodrldmo
758 2448 796 2485 ex
808 2431 974 2502 prudentia
988 2433 1116 2502 proptrea
1131 2431 1311 2500 persuadeat
1327 2431 1389 2484 sibi
1407 2435 1438 2485 et

628 2503 775 2571 confirmet
786 2503 872 2573 apud
879 2521 916 2564 se,
928 2503 1007 2572 quod
1021 2503 1216 2556 omnebonum
1235 2508 1263 2555 et
1274 2519 1376 2556 verum
1394 2504 1440 2556 sr't

628 2591 646 2626 a
661 2590 690 2626 se
701 2580 729 2627 et
741 2576 774 2626 in
786 2591 821 2635 se,
834 2574 974 2628 similiter
986 2590 1067 2628 omne
1079 2574 1190 2627 malum
1205 2574 1363 2644 etsalsum.

466 2644 533 2712 (iii.)
560 2644 646 2715 Quod
654 2661 735 2698 omne
741 2649 918 2715 persuasum
927 2651 956 2698 et
966 2646 1168 2714 confirmatum
1174 2647 1350 2714 permaneat
1360 2646 1439 2698 sicut

626 2719 785 2786 proprium
798 2715 882 2785 apud
891 2715 1044 2770 hominem.

482 2783 536 2854 (lv)
559 2786 646 2859 Quod
656 2790 686 2839 si
695 2786 778 2840 homo
789 2787 918 2841 crederet
928 2791 1005 2840 sicut
1015 2789 1128 2841 ueritas
1145 2792 1193 2848 est,
1206 2786 1285 2856 quod
1293 2802 1375 2840 omne
1390 2786 1438 2839 bo-

628 2874 699 2911 num
717 2863 746 2911 et
762 2875 864 2911 verum
883 2861 924 2911 sit
940 2875 959 2911 a
978 2857 1112 2918 Domino,
1128 2874 1163 2911 ac
1180 2873 1263 2911 omne
1279 2857 1390 2910 malurn
1408 2861 1439 2910 et

622 2928 742 3000 saLrum
757 2929 793 2982 ab
811 2929 939 3000 inferno,
953 2944 1009 2982 non
1025 2932 1237 3000 appropriare!
1254 2929 1313 2982 sibi
1324 2929 1428 2982 bonurn

629 3006 658 3053 et
673 2999 709 3052 id
727 3002 912 3053 meritorium
927 3001 1055 3072 faceret,
1077 3015 1129 3052 nec
1148 3001 1360 3070 appropriant
1380 2999 1439 3052 sibe

630 3070 750 3133 malum,
765 3076 793 3124 et
805 3088 834 3124 se
846 3087 927 3125 reum
940 3071 1133 3143 ejusfaceret.

373 3223 473 3290 31⁰·
504 3209 566 3294 (1)
601 3209 693 3290 Quid
705 3209 898 3274 Prudentia
915 3209 1076 3292 propria,
1095 3219 1129 3274 et
1149 3209 1235 3293 quid
1247 3209 1440 3274 Prudentia

309 3323 372 3366 non
390 3303 634 3384 propria-ln
658 3304 842 3386 prudentia
866 3305 1003 3386 propria
1026 3313 1117 3378 sunt,
1137 3305 1193 3384 qui
1216 3305 1440 3386 apparentias

309 3394 401 3478 apud
424 3415 461 3457 se
485 3394 701 3470 confirmant,
726 3408 762 3459 et
792 3394 869 3458 illas
897 3395 1024 3458 faciunt
1056 3397 1242 3473 veritates;
1273 3397 1441 3476 imprimis

309 3487 406 3551 illam
428 3489 679 3568 apparentiam,
699 3488 793 3571 quod
816 3489 953 3570 propria
975 3488 1159 3568 prudentia
1189 3488 1234 3551 sit
1267 3507 1380 3561 omne,
1401 3498 1444 3552 et‘

311 3579 437 3644 Divina
461 3579 682 3643 Providentia
711 3601 781 3644 non
812 3579 952 3661 aliquid,
977 3580 1041 3642 nisi
1071 3578 1208 3662 aliquod
1233 3581 1439 3656 universale,

311 3672 402 3756 quod
422 3680 541 3735 tamen
560 3693 627 3734 non
643 3673 759 3736 dabile
775 3683 830 3735 est
849 3672 978 3753 absque
995 3672 1224 3752 singularibus
1241 3692 1286 3734 ex
1306 3673 1440 3754 quibus,

312 3777 348 3827 ut
372 3783 476 3846 supra
498 3773 678 3828 ostensum
701 3775 766 3828 est.
814 3763 869 3827 Illi
893 3766 998 3827 etiam
1022 3765 1159 3827 suntin
1182 3763 1337 3836 fallaciis,
1359 3784 1440 3827 nam

312 3857 423 3920 omnis
453 3858 656 3939 apparentia
683 3855 889 3920 confirmata
916 3866 954 3919 ut
987 3857 1114 3919 veritas
1143 3854 1181 3919 fit
1211 3854 1367 3933 fallacia;
1403 3869 1441 3920 et

312 3960 479 4032 quantum
502 3969 539 4014 se
562 3947 769 4012 confirmant
792 3969 838 4012 ex
861 3946 1015 4022 fallaciis,
1035 3959 1173 4012 tantum
1194 3945 1277 4012 fiunt
1298 3958 1439 4011 natura·

313 4042 437 4120 listae3
469 4051 505 4106 et
533 4052 671 4106 tantum
696 4061 765 4104 non
789 4041 934 4104 credunt
955 4040 1059 4116 aliud,
1084 4060 1185 4123 quam
1209 4040 1300 4123 quod
1325 4041 1444 4122 aliquo

313 4155 416 4197 sensu
444 4135 596 4215 corporis
623 4132 724 4197 simul
753 4142 899 4216 possunt
928 4133 1114 4214 percipere,
1144 4133 1309 4215 imprimis
1336 4152 1443 4196 sensu

312 4228 415 4299 visus,
436 4227 514 4309 quia
537 4217 592 4290 hic
617 4226 798 4309 praecipue
819 4242 923 4288 unum
945 4225 1021 4306 agit
1044 4243 1122 4288 cum
1145 4226 1381 4307 cogitatione;
1406 4224 1443 4288 hi

313 4319 460 4402 denique
480 4317 564 4381 fiunt
585 4317 773 4381 sensuales.
820 4315 867 4381 Et
891 4317 918 4380 si
941 4337 979 4380 se
1003 4315 1208 4381 confirmant
1232 4336 1294 4398 pro
1317 4327 1445 4380 natura

313 4421 435 4473 contra
456 4411 578 4485 Deum,
600 4411 765 4474 claudunt
785 4409 949 4474 interiora
968 4409 1095 4472 mentis
1113 4430 1206 4483 suae,
1227 4429 1266 4473 ac
1286 4410 1441 4492 interpo-

314 4512 399 4565 nunt
419 4504 507 4564 sicut
525 4504 650 4577 velum,
668 4524 707 4566 ac
728 4513 851 4585 postea
868 4502 931 4564 sub
950 4500 1029 4565 velo
1045 4501 1216 4582 cogitant,
1234 4521 1296 4565 nec
1313 4499 1442 4584 aliquid

314 4595 406 4676 quod
426 4615 527 4677 supra
547 4595 630 4658 illud
654 4607 717 4659 est.
766 4595 811 4658 Hi
835 4595 1010 4657 sensuales
1034 4593 1077 4656 ab
1100 4595 1249 4676 antiquis
1268 4591 1350 4657 dieti
1370 4593 1441 4656 lue·

314 4696 394 4751 runt
411 4698 591 4770 serpentes
607 4689 737 4752 arboris
753 4689 930 4753 scientiae.
976 4686 1029 4749 De
1048 4686 1100 4750 his
1118 4687 1241 4750 dicitur
1259 4688 1293 4751 in
1312 4687 1446 4751 mundo
