3268 5380
362 698 420 760 108
706 709 910 760 SAPIENTIA
933 708 1092 760 nucem,
1107 743 1126 753 ..

356 884 463 948 habet
475 885 652 959 terminos,
665 885 696 947 in
711 905 795 968 quos
808 885 955 961 desinat,
969 885 1019 950 ita
1029 885 1229 970 dispositos,
1242 898 1279 950 ut
1292 889 1480 952 secundum

356 977 521 1039 ordinem.
535 978 645 1059 possit
665 976 806 1040 ultimos
824 975 921 1041 acius
941 997 1064 1060 agere;
1089 981 1164 1061 agit
1181 981 1271 1043 enim
1291 983 1478 1044 secundum

356 1071 668 1136 determinationes
687 1070 838 1147 ultimas,
856 1071 916 1134 sed
936 1091 1005 1135 non
1025 1093 1069 1136 ex
1089 1071 1168 1136 illis.
1210 1071 1312 1154 Quod
1328 1093 1392 1137 nec
1409 1074 1478 1136 dari

357 1165 469 1246 possit
486 1162 577 1246 apud
594 1163 741 1227 infantes
761 1173 796 1227 et
815 1183 949 1246 pueros,
963 1164 1121 1228 videatur
1136 1163 1223 1228 infra
1237 1161 1284 1246 (n.
1300 1163 1364 1227 266
1380 1163 1462 1248 fin).

359 1437 474 1522 Quor>
499 1453 602 1505 nans
625 1453 853 1516 unrunnms,
875 1453 967 1517 Qum
987 1453 1055 1504 usn
1072 1453 1297 1506 consumans
1320 1455 1370 1505 nr
1389 1453 1480 1506 con-

485 1549 626 1600 amans
645 1549 836 1600 cunnuun
853 1549 1097 1600 summonun
1114 1550 1257 1601 nancrs
1276 1549 1481 1611 nuncnunc,

486 1645 545 1696 sn
561 1643 757 1708 annosum
782 1645 830 1694 ur
849 1643 953 1708 ouon
973 1643 1005 1695 s1
1025 1643 1105 1694 non
1122 1644 1368 1697 nennruucuu
1386 1645 1480 1696 cna-

487 1740 560 1792 nus
594 1739 836 1802 summotas
862 1739 966 1790 noar
999 1739 1158 1791 concas
1191 1741 1321 1808 runos3
1360 1741 1413 1793 nr
1450 1741 1481 1793 sr

488 1835 747 1897 nenmunrun,
772 1833 876 1886 ncnc
900 1834 979 1886 cun
1002 1834 1111 1886 roms.

421 2006 522 2071 26⁰.
546 2004 587 2068 ln
601 2006 833 2088 praecedente
847 2004 994 2069 articulo
1006 2015 1182 2069 ostensum
1199 2015 1264 2082 est,
1278 2006 1370 2090 quod
1387 2026 1482 2072 mens

358 2100 536 2176 naturalis,
556 2102 635 2185 quia
654 2102 688 2164 in
705 2101 829 2165 ultimo
848 2101 958 2183 gradu
977 2109 1042 2176 est,
1064 2101 1295 2184 circumtegat
1314 2112 1350 2166 et
1374 2103 1481 2167 inclu-

358 2195 420 2258 dat
444 2203 595 2258 mentem
619 2193 831 2276 spiritualem
855 2202 891 2257 et
915 2204 1069 2258 mentem
1093 2195 1294 2270 caelestem,
1316 2216 1404 2277 quae
1427 2217 1482 2259 su·

357 2287 509 2370 periores
533 2297 613 2351 sunt
643 2285 757 2369 quoad
785 2285 922 2368 gradus.
969 2285 1036 2350 Hic
1060 2306 1149 2350 nunc
1173 2287 1481 2352 demonstrandum

357 2380 465 2454 venit,
486 2379 578 2461 quod
598 2397 695 2442 mens
714 2378 881 2442 naturalis
896 2388 1019 2460 reagat
1038 2389 1162 2443 contra
1179 2389 1314 2444 mentes
1330 2381 1482 2463 superio·

355 2495 411 2538 res
432 2495 491 2538 seu
507 2477 698 2538 interiores.
743 2473 856 2538 Causa
872 2474 963 2556 quod
980 2484 1113 2556 reagat,
1131 2484 1185 2538 est
1205 2477 1284 2558 quia
1300 2477 1482 2540 circumte-

355 2569 421 2649 git,
438 2567 583 2631 includit
603 2577 638 2631 et
658 2567 816 2630 continet
832 2565 920 2640 illos,
938 2575 974 2631 et
993 2565 1059 2631 hoc
1078 2567 1209 2651 absque
1225 2565 1398 2632 readtione
1415 2587 1482 2632 non

356 2668 477 2741 potest
501 2657 593 2736 fieri;
629 2677 708 2722 nam
732 2659 795 2722 nisi
818 2669 988 2740 reageret,
1008 2659 1172 2723 interiora
1194 2681 1254 2724 seu
1277 2661 1409 2725 inclusa
1430 2682 1483 2724 re-

357 2755 520 2818 laxarent
550 2775 598 2827 se,
622 2775 662 2817 ac
687 2756 868 2818 truderent
898 2776 936 2818 se
966 2755 1067 2830 foras,
1091 2765 1127 2819 et
1159 2756 1207 2819 sic
1238 2754 1482 2818 dilaberentur.

360 2846 467 2909 Foret
486 2847 574 2909 sicut
597 2848 662 2910 nisi
685 2847 823 2911 tunicae
843 2849 970 2911 circum
994 2867 1119 2929 corpus
1141 2845 1328 2911 humanum
1344 2843 1407 2910 ¹¹¹in
1431 2867 1482 2910 re·

356 2935 496 3001 actione
526 2948 655 3014 essent,
680 2941 823 3014 viscera,
843 2960 930 3022 quae
960 2940 1121 3003 interiora
1148 2941 1300 3021 corporis
1330 2948 1422 3014 sunt,
1447 2957 1482 3001 se

357 3029 533 3112 ejicerent,
554 3039 589 3094 et
613 3032 661 3094 sic
681 3031 895 3109 diffluerent;
923 3051 963 3096 ac
983 3032 1070 3097 foret
1090 3033 1178 3096 sicut
1198 3033 1401 3095 membrana
1419 3032 1481 3094 cir·

357 3133 565 3204 cumtegens
592 3122 694 3187 fibras
722 3125 885 3188 motrices
904 3124 1058 3198 musculi,
1079 3143 1149 3188 non
1176 3133 1336 3205 reageret
1363 3132 1483 3187 contra

358 3221 449 3283 vires
467 3219 627 3284 fibrarum
647 3222 790 3284 istarum
814 3221 848 3284 in
872 3217 1074 3294 adtionibus,
1095 3221 1269 3283 desineret
1290 3239 1359 3282 non
1379 3221 1483 3284 modo

357 3309 461 3385 adtio,
487 3314 548 3376 sed
578 3315 684 3377 etiam
715 3322 837 3376 textus
864 3313 1045 3376 interiores
1068 3331 1188 3376 omnes
1217 3312 1482 3376 resolverentur.

359 3403 478 3469 Simile
502 3416 556 3469 est
586 3425 663 3468 cum
687 3406 781 3468 omni
804 3405 928 3469 ultimo
951 3405 1058 3486 gradu
1081 3406 1248 3486 graduum
1272 3405 1482 3469 altitudinis:

357 3510 614 3580 consequenter
644 3518 721 3562 cum
752 3507 868 3562 mente
891 3497 1038 3561 naturali
1061 3494 1252 3579 respective
1279 3498 1324 3560 ad
1358 3499 1484 3579 gradus

358 3591 572 3671 superiores;
608 3610 698 3665 nam,
723 3601 760 3653 ut
791 3588 1045 3672 supradictum
1069 3600 1135 3664 est,
1160 3600 1240 3652 sunt
1264 3601 1335 3654 tres
1358 3592 1484 3672 gradus

361 3683 488 3746 mentis
504 3683 685 3756 humanae,
697 3683 873 3757 naturalis,
888 3683 1075 3766 spiritualis
1092 3691 1127 3746 et
1143 3681 1317 3756 caelestis,
1335 3693 1371 3747 et
1388 3702 1484 3746 mens

360 3775 527 3838 naturalis
547 3785 601 3837 est
623 3775 657 3837 in
681 3773 804 3837 ultimo
822 3776 941 3857 gradu.
987 3773 1089 3856 Quod
1108 3793 1205 3838 mens
1225 3775 1391 3838 naturalis
1410 3795 1484 3839 rea·

360 3876 423 3947 gat
453 3876 575 3930 contra
598 3876 752 3930 mentem
776 3867 1001 3948 spiritualem,
1025 3877 1080 3931 est
1110 3886 1245 3948 quoque
1269 3886 1383 3940 causa,
1408 3868 1484 3950 quia

359 3977 459 4022 mens
482 3957 648 4023 naturalis
667 3959 828 4023 consistit
852 3980 921 4022 non
946 3960 1052 4022 modo
1075 3980 1120 4022 ex
1143 3959 1345 4023 substantiis
1369 3959 1484 4022 mundi

357 4051 559 4134 spiritualis,
583 4052 644 4115 sed
668 4053 771 4115 etiam
801 4072 847 4115 ex
874 4052 1079 4116 substantiis
1103 4052 1220 4115 mundi
1244 4051 1421 4124 naturalis,
1447 4059 1484 4114 ut

358 4164 463 4227 supra
481 4140 528 4226 (n.
546 4141 623 4228 257)
641 4141 769 4208 dietum
789 4154 843 4207 est
860 4165 868 4222 ;
892 4164 931 4208 ac
952 4145 1169 4209 substantiae
1185 4143 1303 4207 mundi
1319 4142 1484 4207 naturalis

358 4258 407 4301 ex
427 4257 488 4301 sua
507 4247 630 4301 natura
648 4245 795 4318 reagunt
815 4244 938 4300 contra
953 4236 1168 4301 substantias
1188 4235 1305 4298 mundi
1324 4235 1483 4317 spiritua·

359 4331 423 4411 lis;
448 4331 664 4397 substantiae
683 4333 774 4396 enim
791 4331 908 4395 mundi
924 4331 1090 4396 naturalis
1109 4332 1143 4395 in
1162 4351 1199 4394 se
1218 4341 1300 4395 sunt
1316 4341 1482 4404 mortuae,

358 4435 398 4490 et
411 4436 561 4509 aguntur
572 4428 617 4490 ab
628 4438 730 4492 extra
742 4448 763 4490 a
775 4428 980 4491 substantiis
993 4428 1109 4492 mundi
1125 4425 1312 4509 spiritualis
1324 4447 1332 4504 ;
1351 4435 1386 4489 et
1398 4445 1484 4509 quae

362 4532 520 4587 mortuae
536 4532 627 4598 sunt,
639 4533 675 4588 et
691 4523 735 4586 ab
747 4533 850 4587 extra
861 4533 1021 4606 aguntur,
1036 4544 1081 4586 ex
1095 4543 1156 4585 sua
1169 4531 1291 4585 natura
1307 4521 1482 4594 resistunt,

361 4619 471 4682 etsie
495 4639 541 4681 ex
564 4640 625 4683 sua
652 4630 774 4684 natura
795 4628 953 4700 reagunt.
1005 4617 1062 4682 Ex
1086 4617 1138 4682 his
1162 4627 1323 4681 constare
1354 4626 1484 4699 potest,

365 4713 458 4798 quod
477 4712 584 4777 homo
602 4714 768 4778 naturalis
786 4726 908 4798 reagat
927 4722 1049 4778 contra
1066 4711 1242 4777 bominem
1261 4711 1489 4796 spiritualem,
1600 4709 1601 4716 '
