3426 5382
514 697 565 748 DE
588 697 726 749 DIVINA
745 697 1100 752 tuomum-N.
1120 701 1190 770 150.
1357 707 1417 759 101

287 867 476 935 Christiani
499 870 590 934 orbis
614 870 760 936 occlusit
782 870 1010 950 intellectum,
1030 885 1066 939 et
1089 873 1166 939 sola
1188 874 1274 941 fides
1297 878 1417 962 obsig-

286 967 383 1031 navit
401 964 520 1045 illum;
544 985 624 1030 nam
644 976 786 1052 utraque
806 969 894 1033 sicut
913 988 1045 1034 murum
1064 970 1210 1035 ferreum
1230 972 1360 1038 circum
1380 997 1417 1041 se

286 1063 402 1146 posuit
424 1062 459 1125 id
483 1060 623 1144 dogma,
643 1064 735 1146 quod
757 1064 961 1148 theologica
983 1067 1245 1143 transcendant,
1265 1080 1301 1134 et
1324 1073 1418 1155 quod

284 1159 363 1223 ideo
388 1178 458 1221 non
488 1178 534 1223 ex
564 1157 679 1243 aliqua
704 1160 942 1226 rationalitate
968 1163 1128 1226 adeunda
1155 1164 1236 1240 sint,
1261 1178 1297 1231 et
1324 1169 1417 1250 quod

284 1256 355 1320 sint
371 1251 462 1337 ¹¹¹pro
480 1254 593 1318 caecis
612 1266 647 1318 et
667 1274 736 1319 non
756 1277 817 1340 pro
834 1257 1054 1336 videntibus;
1078 1277 1139 1340 per
1157 1260 1192 1324 id
1209 1263 1419 1328 abscondita

284 1362 366 1416 sunt
382 1369 476 1426 vera,
493 1370 581 1434 quae
600 1351 767 1416 docerent
790 1353 870 1436 quid
894 1352 1037 1417 libertas
1057 1355 1255 1437 spiritualis.
1296 1358 1419 1424 Tertia

284 1467 390 1512 causa
408 1456 474 1522 est,
491 1447 570 1529 quia
586 1446 686 1530 pauci
704 1447 891 1530 explorant
911 1468 959 1524 se,
977 1459 1014 1514 et
1032 1450 1153 1516 vident
1172 1474 1234 1517 sua
1249 1465 1417 1538 peccata;

284 1545 397 1630 etqui
416 1563 485 1608 non
505 1542 600 1606 videt
617 1541 687 1618 illa,
708 1552 745 1606 et
768 1544 906 1608 desistit
930 1544 975 1608 ab
998 1545 1077 1623 illis,
1098 1551 1133 1613 in
1152 1550 1261 1615 libero
1280 1549 1416 1614 illorum

284 1652 349 1716 est,
370 1641 462 1726 quod
486 1649 540 1703 est
564 1638 707 1702 liberum
726 1638 903 1717 infernale,
924 1642 959 1705 in
984 1663 1021 1707 se
1045 1665 1202 1723 servum;
1229 1655 1266 1709 et
1285 1667 1330 1709 ex
1350 1646 1416 1710 hoc

284 1737 401 1802 videre
420 1734 564 1801 liberum
583 1734 745 1810 caeleste,
765 1738 857 1819 quod
874 1748 930 1803 est
948 1740 1060 1825 ipsum
1081 1740 1236 1816 liberum,
1257 1751 1311 1805 est
1328 1742 1416 1806 sicut

283 1834 400 1898 videre
423 1834 457 1896 in
480 1831 630 1913 caligine
649 1831 752 1906 diem,
773 1841 809 1896 et
829 1835 988 1901 subatra
1011 1838 1101 1902 nube
1124 1839 1157 1901 id
1181 1839 1274 1920 quod
1297 1858 1318 1900 a
1341 1837 1415 1902 sole

283 1951 386 2014 supra
401 1941 465 1995 est.
507 1929 592 1993 inde
609 1939 674 2005 est,
692 1932 783 2014 quod
801 1933 975 1997 nesciatur
988 1935 1070 2016 quid
1088 1933 1232 1997 liberum
1250 1933 1414 2010 caeleste,

283 2037 321 2093 et
349 2027 441 2110 quod
471 2025 655 2089 discrimen
686 2027 777 2090 inter
801 2027 885 2092 illud
908 2039 945 2092 et
967 2029 1058 2093 inter
1080 2029 1224 2093 liberum
1247 2029 1414 2095 infernale

282 2123 328 2188 sit
347 2125 435 2187 sicut
454 2121 638 2186 discrimen
658 2123 748 2186 inter
768 2124 883 2189 vivum
903 2134 940 2188 et
959 2134 1142 2188 mortuum.

346 2232 446 2302 15⁰.
484 2216 559 2302 (vi.)
594 2217 691 2296 Quod
710 2228 868 2282 externus
892 2218 988 2283 homo
1013 2217 1253 2300 reformandus
1283 2217 1331 2282 sit
1347 2229 1413 2300 per

281 2315 460 2389 internum,
487 2323 520 2377 et
551 2333 615 2376 non
645 2313 916 2378 vicisim-Per
949 2315 1121 2379 internum
1155 2323 1191 2378 et
1225 2323 1412 2379 externum

281 2409 458 2476 hominem
488 2410 579 2473 idem
606 2409 815 2492 intelligitur
838 2411 930 2494 quod
954 2429 1015 2493 per
1037 2411 1208 2473 internum
1232 2420 1268 2474 et
1292 2419 1411 2473 exter·

282 2525 363 2570 num
380 2506 617 2588 cogitationis,
641 2506 685 2569 de
705 2526 774 2590 quo
797 2507 933 2588 saepius
956 2507 1059 2588 prius.
1104 2503 1206 2587 Quod
1226 2514 1411 2569 externum

281 2602 484 2668 reformetur
513 2621 574 2684 per
603 2603 788 2676 internum,
821 2613 875 2666 est
907 2603 997 2684 quod
1027 2602 1201 2665 internum
1230 2599 1349 2665 influat
1376 2601 1411 2665 in

281 2708 476 2772 externum,
498 2707 533 2761 et
557 2718 626 2760 non
646 2699 805 2762 vicissim.
853 2693 954 2780 Quod
979 2698 1080 2761 detur
1102 2695 1251 2761 influxus
1269 2697 1409 2779 spiritu·

281 2798 345 2863 alis
364 2799 398 2862 in
418 2796 623 2872 naturalem,
643 2806 680 2861 et
699 2816 769 2859 non
788 2795 950 2870 vicissim,
970 2795 1004 2858 in
1024 2793 1162 2858 erudito
1180 2792 1263 2857 orbe
1286 2801 1410 2856 notum

281 2905 354 2960 est:
392 2906 428 2958 et
451 2895 543 2977 quod
567 2894 722 2957 internus
745 2892 851 2955 homo
874 2893 1020 2973 primum
1044 2887 1274 2973 purificandus
1298 2899 1334 2955 et
1357 2889 1410 2951 in·

281 2990 461 3055 novandus
494 2991 550 3064 sit,
574 2999 610 3052 et
645 2990 693 3052 sic
728 2999 907 3060 externus,
931 2988 964 3050 in
998 2985 1147 3050 ecclesia
1179 2994 1299 3049 notum
1333 2994 1409 3062 est;

281 3085 372 3170 quod
392 3095 512 3149 notum
531 3085 589 3159 sit,
606 3095 660 3147 est
679 3084 757 3166 quia
776 3082 945 3146 Dominus
963 3078 1111 3164 [docet],
1129 3089 1165 3144 et
1183 3080 1272 3143 ratio
1291 3076 1409 3143 dictat.

282 3182 451 3249 Dominus
468 3182 534 3246 hoc
553 3182 657 3244 docet
677 3179 730 3243 his
749 3178 880 3242 verbis:

332 3322 412 3374 “Vae
425 3322 514 3373 vobis.
525 3359 531 3372 .
541 3359 547 3372 .
558 3359 576 3380 .,
586 3319 751 3384 hypocritae,
763 3317 826 3380 quia
838 3314 960 3378 purgatis
972 3313 1090 3364 exterius
1102 3311 1191 3376 poculi
1203 3321 1231 3362 et
1242 3313 1358 3374 patinae,
1371 3312 1411 3360 in·

413 3390 514 3440 teriora
521 3403 585 3438 uero
597 3395 661 3437 sunt
674 3385 755 3449 plena
766 3383 862 3446 rapina
874 3391 902 3431 et
913 3379 1131 3442 intemperantia.
1167 3377 1311 3428 Pharisaee
1323 3391 1410 3437 caece,

413 3469 499 3518 purga
510 3455 584 3517 prius
598 3453 710 3502 interius
724 3450 813 3514 poculi
827 3457 854 3498 et
870 3448 986 3510 patinae,
998 3455 1028 3494 ut
1039 3444 1085 3494 liat
1099 3444 1181 3494 etiam
1196 3444 1314 3494 exterius
1332 3458 1411 3494 mun-

413 3522 478 3572 dum
487 3519 501 3541 ”
513 3519 620 3582 (Matri.
632 3518 705 3568 xxiii.
718 3529 757 3579 25,
771 3514 820 3579 αὑ).

284 3668 342 3732 [z]
373 3659 475 3744 Quod
499 3660 588 3725 ratio
610 3656 730 3732 diuet,
757 3651 872 3716 multis
896 3647 930 3710 in
957 3640 1191 3709 transactione
1215 3641 1267 3706 De
1286 3639 1413 3707 Divino

282 3755 410 3822 Amore
436 3766 468 3821 et
496 3755 624 3820 Divina
652 3751 841 3838 Sapientia,
866 3755 1044 3809 ostensum
1075 3748 1139 3803 est·
1185 3735 1288 3820 Quod
1319 3739 1411 3802 enim

284 3851 453 3918 Dominus
477 3853 594 3926 docet,
618 3853 680 3917 dat
703 3851 808 3915 etiam
838 3841 969 3909 homini
992 3834 1126 3901 ratione
1149 3834 1345 3918 percipere;
1376 3842 1413 3898 et

283 3947 350 4013 hoc
374 3948 464 4012 binis
487 3948 620 4026 modis;
652 3967 720 4010 uno
743 3943 832 4029 quod
852 3938 969 4003 videat
993 3934 1026 3996 in
1050 3951 1098 4006 se,
1119 3930 1211 4013 quod
1234 3929 1284 3992 ita
1306 3929 1351 3991 sit
1375 3936 1414 3991 ut

285 4050 431 4130 primum
454 4048 488 4113 id
511 4047 630 4123 audit;
660 4045 780 4115 altero,
801 4040 892 4124 quod
912 4058 972 4122 per
991 4033 1145 4097 rationes
1167 4025 1202 4087 id
1224 4023 1414 4107 intelligat.

285 4143 416 4210 Videre
435 4146 469 4208 in
489 4165 526 4208 se
545 4142 651 4208 estin
671 4142 808 4204 interno
827 4157 889 4199 suo
908 4132 1058 4204 homine,
1079 4145 1118 4190 ac
1136 4119 1334 4204 intelligere
1355 4139 1416 4202 per

286 4241 439 4305 rationes
462 4250 517 4305 est
546 4239 581 4303 in
610 4247 759 4302 externo
785 4233 935 4296 homine.
981 4226 1067 4311 Quis
1095 4242 1163 4287 non
1186 4217 1283 4282 videt
1313 4216 1347 4280 in
1377 4236 1415 4280 se

286 4355 365 4400 curn
388 4335 496 4413 audit,
514 4333 605 4418 quod
628 4335 785 4396 internus
807 4328 913 4391 homo
936 4325 1082 4408 primum
1107 4313 1338 4403 purificandus
1361 4312 1415 4388 sit,

288 4441 324 4496 et
347 4431 526 4514 perillum
549 4427 739 4495 externus?
784 4423 853 4488 Sed
876 4422 933 4507 qui
960 4439 1030 4483 non
1057 4431 1277 4481 communem
1301 4408 1416 4473 ideam

288 4527 419 4592 dehac
443 4549 479 4592 re
501 4548 548 4591 ex
574 4525 704 4589 influxu
733 4543 752 4586 e
782 4518 881 4584 caelo
904 4515 1037 4598 recipit,
1061 4519 1181 4595 potest
1212 4503 1419 4574 hallucinari

289 4641 366 4690 curn
390 4621 540 4687 consulit
563 4631 749 4684 externum
777 4611 1003 4697 cogitationis
1032 4627 1135 4686 suae,
1169 4625 1216 4668 ex
1245 4602 1312 4668 hoc
1343 4598 1422 4666 solo

290 4738 394 4786 nemo
417 4718 512 4784 videt
543 4715 636 4782 aliud
665 4731 768 4799 quam
795 4710 886 4795 quod
916 4716 1065 4772 externa
1087 4721 1202 4787 opera,
1227 4719 1314 4783 quae
1338 4704 1421 4760 sunt
