<?xml version="1.0" encoding="UTF-8"?>
<!DOCTYPE html PUBLIC "-//W3C//DTD XHTML 1.0 Transitional//EN"
    "http://www.w3.org/TR/xhtml1/DTD/xhtml1-transitional.dtd">
<html xmlns="http://www.w3.org/1999/xhtml" xml:lang="en" lang="en">
 <head>
  <title>
</title>
<meta http-equiv="Content-Type" content="text/html;charset=utf-8" />
  <meta name='ocr-system' content='tesseract 3.04.00' />
  <meta name='ocr-capabilities' content='ocr_page ocr_carea ocr_par ocr_line ocrx_word'/>
</head>
<body>
  <div class='ocr_page' id='page_1' title='image "./sapientaangelic01swedgoog_0292.png"; bbox 0 0 3410 5382; ppageno 0'>
   <div class='ocr_carea' id='block_1_1' title="bbox 494 667 1390 742">
    <p class='ocr_par' dir='ltr' id='par_1_1' title="bbox 494 667 1390 742">
     <span class='ocr_line' id='line_1_1' title="bbox 494 667 1390 742; baseline 0.007 -24"><span class='ocrx_word' id='word_1_1' title='bbox 494 668 545 718; x_wconf 79' lang='lat' dir='ltr'>DE</span> <span class='ocrx_word' id='word_1_2' title='bbox 567 667 705 719; x_wconf 80' lang='lat' dir='ltr'>DIVINA</span> <span class='ocrx_word' id='word_1_3' title='bbox 728 670 1084 722; x_wconf 59' lang='lat' dir='ltr'>nummulum-N.</span> <span class='ocrx_word' id='word_1_4' title='bbox 1102 673 1154 742; x_wconf 85' lang='lat'>72.</span> <span class='ocrx_word' id='word_1_5' title='bbox 1346 675 1390 741; x_wconf 79' lang='grc'>43</span> 
     </span>
    </p>
   </div>
   <div class='ocr_carea' id='block_1_2' title="bbox 261 840 1390 1008">
    <p class='ocr_par' dir='ltr' id='par_1_2' title="bbox 261 840 1390 1008">
     <span class='ocr_line' id='line_1_2' title="bbox 262 840 1390 932; baseline 0.002 -24"><span class='ocrx_word' id='word_1_6' title='bbox 262 841 367 908; x_wconf 89' lang='lat' dir='ltr'>vinae</span> <span class='ocrx_word' id='word_1_7' title='bbox 394 840 635 908; x_wconf 83' lang='lat' dir='ltr'>Providentiae</span> <span class='ocrx_word' id='word_1_8' title='bbox 661 841 727 910; x_wconf 90' lang='lat' dir='ltr'>huc</span> <span class='ocrx_word' id='word_1_9' title='bbox 754 844 913 930; x_wconf 88' lang='lat' dir='ltr'>usquein</span> <span class='ocrx_word' id='word_1_10' title='bbox 931 845 1103 930; x_wconf 82' lang='lat' dir='ltr'>sapientia</span> <span class='ocrx_word' id='word_1_11' title='bbox 1127 845 1218 932; x_wconf 91' lang='lat' dir='ltr'>apud</span> <span class='ocrx_word' id='word_1_12' title='bbox 1244 845 1390 930; x_wconf 82' lang='lat' dir='ltr'>angelos</span> 
     </span>
     <span class='ocr_line' id='line_1_3' title="bbox 261 939 796 1008; baseline 0.004 -2"><span class='ocrx_word' id='word_1_13' title='bbox 261 939 469 1006; x_wconf 82' lang='lat' dir='ltr'>reconditae</span> <span class='ocrx_word' id='word_1_14' title='bbox 484 959 574 1004; x_wconf 91' lang='lat' dir='ltr'>nunc</span> <span class='ocrx_word' id='word_1_15' title='bbox 589 939 796 1008; x_wconf 83' lang='lat' dir='ltr'>revelentur.</span> 
     </span>
    </p>
   </div>
   <div class='ocr_carea' id='block_1_3' title="bbox 263 1436 1391 1603">
    <p class='ocr_par' dir='ltr' id='par_1_3' title="bbox 263 1436 1391 1603">
     <span class='ocr_line' id='line_1_4' title="bbox 263 1436 1391 1524; baseline 0.003 -18"><span class='ocrx_word' id='word_1_16' title='bbox 263 1436 383 1524; x_wconf 81' lang='lat' dir='ltr'>Quoo</span> <span class='ocrx_word' id='word_1_17' title='bbox 405 1437 489 1506; x_wconf 79' lang='lat' dir='ltr'>Lux</span> <span class='ocrx_word' id='word_1_18' title='bbox 516 1439 685 1505; x_wconf 79' lang='lat' dir='ltr'>Drvrnnn</span> <span class='ocrx_word' id='word_1_19' title='bbox 712 1440 1008 1507; x_wconf 77' lang='lat' dir='ltr'>Pnovrnsnrrna</span> <span class='ocrx_word' id='word_1_20' title='bbox 1030 1455 1101 1522; x_wconf 81' lang='lat' dir='ltr'>srr,</span> <span class='ocrx_word' id='word_1_21' title='bbox 1124 1456 1175 1509; x_wconf 82' lang='lat' dir='ltr'>ur</span> <span class='ocrx_word' id='word_1_22' title='bbox 1200 1454 1315 1509; x_wconf 81' lang='lat' dir='ltr'>nouo</span> <span class='ocrx_word' id='word_1_23' title='bbox 1337 1455 1391 1510; x_wconf 79' lang='lat' dir='ltr'>nx</span> 
     </span>
     <span class='ocr_line' id='line_1_5' title="bbox 457 1547 1198 1603; baseline 0.003 -3"><span class='ocrx_word' id='word_1_24' title='bbox 457 1547 598 1600; x_wconf 74' lang='lat' dir='ltr'>arnano</span> <span class='ocrx_word' id='word_1_25' title='bbox 620 1548 830 1601; x_wconf 79' lang='lat' dir='ltr'>secuunuu</span> <span class='ocrx_word' id='word_1_26' title='bbox 852 1549 1059 1602; x_wconf 75' lang='lat' dir='ltr'>narronsn</span> <span class='ocrx_word' id='word_1_27' title='bbox 1082 1551 1198 1603; x_wconf 74' lang='lat' dir='ltr'>soar.</span> 
     </span>
    </p>
   </div>
   <div class='ocr_carea' id='block_1_4' title="bbox 261 1721 1428 3820">
    <p class='ocr_par' dir='ltr' id='par_1_4' title="bbox 261 1721 1428 3820">
     <span class='ocr_line' id='line_1_6' title="bbox 329 1721 1390 1808; baseline 0.008 -23"><span class='ocrx_word' id='word_1_28' title='bbox 329 1733 396 1805; x_wconf 78' lang='lat'>71.</span> <span class='ocrx_word' id='word_1_29' title='bbox 424 1721 527 1805; x_wconf 87' lang='lat' dir='ltr'>Quod</span> <span class='ocrx_word' id='word_1_30' title='bbox 557 1722 690 1787; x_wconf 92' lang='lat' dir='ltr'>homini</span> <span class='ocrx_word' id='word_1_31' title='bbox 721 1724 766 1788; x_wconf 90' lang='lat' dir='ltr'>sit</span> <span class='ocrx_word' id='word_1_32' title='bbox 796 1723 941 1790; x_wconf 88' lang='lat' dir='ltr'>liberum</span> <span class='ocrx_word' id='word_1_33' title='bbox 973 1725 1151 1808; x_wconf 89' lang='lat' dir='ltr'>cogitandi</span> <span class='ocrx_word' id='word_1_34' title='bbox 1181 1735 1219 1791; x_wconf 89' lang='lat' dir='ltr'>et</span> <span class='ocrx_word' id='word_1_35' title='bbox 1248 1727 1390 1794; x_wconf 89' lang='lat' dir='ltr'>volendi</span> 
     </span>
     <span class='ocr_line' id='line_1_7' title="bbox 262 1817 1389 1906; baseline 0.006 -24"><span class='ocrx_word' id='word_1_36' title='bbox 262 1818 355 1882; x_wconf 88' lang='lat' dir='ltr'>sicut</span> <span class='ocrx_word' id='word_1_37' title='bbox 372 1817 477 1894; x_wconf 90' lang='lat' dir='ltr'>lubet,</span> <span class='ocrx_word' id='word_1_38' title='bbox 491 1818 552 1883; x_wconf 89' lang='lat' dir='ltr'>sed</span> <span class='ocrx_word' id='word_1_39' title='bbox 568 1838 637 1882; x_wconf 92' lang='lat' dir='ltr'>non</span> <span class='ocrx_word' id='word_1_40' title='bbox 653 1819 797 1884; x_wconf 87' lang='lat' dir='ltr'>liberum</span> <span class='ocrx_word' id='word_1_41' title='bbox 812 1819 976 1903; x_wconf 90' lang='lat' dir='ltr'>loquendi</span> <span class='ocrx_word' id='word_1_42' title='bbox 991 1822 1151 1906; x_wconf 90' lang='lat' dir='ltr'>quicquid</span> <span class='ocrx_word' id='word_1_43' title='bbox 1165 1823 1312 1905; x_wconf 88' lang='lat' dir='ltr'>cogitat,</span> <span class='ocrx_word' id='word_1_44' title='bbox 1326 1844 1389 1890; x_wconf 91' lang='lat' dir='ltr'>nec</span> 
     </span>
     <span class='ocr_line' id='line_1_8' title="bbox 265 1912 1387 2000; baseline 0.005 -23"><span class='ocrx_word' id='word_1_45' title='bbox 265 1912 411 1978; x_wconf 88' lang='lat' dir='ltr'>liberum</span> <span class='ocrx_word' id='word_1_46' title='bbox 430 1913 577 1978; x_wconf 80' lang='lat' dir='ltr'>faciendi</span> <span class='ocrx_word' id='word_1_47' title='bbox 592 1916 751 2000; x_wconf 90' lang='lat' dir='ltr'>quicquid</span> <span class='ocrx_word' id='word_1_48' title='bbox 767 1917 854 1992; x_wconf 92' lang='lat' dir='ltr'>vult,</span> <span class='ocrx_word' id='word_1_49' title='bbox 873 1926 994 1981; x_wconf 92' lang='lat' dir='ltr'>notum</span> <span class='ocrx_word' id='word_1_50' title='bbox 1010 1926 1082 1981; x_wconf 90' lang='lat' dir='ltr'>est:</span> <span class='ocrx_word' id='word_1_51' title='bbox 1107 1938 1211 2000; x_wconf 90' lang='lat' dir='ltr'>quare</span> <span class='ocrx_word' id='word_1_52' title='bbox 1231 1917 1387 1996; x_wconf 90' lang='lat' dir='ltr'>liberum,</span> 
     </span>
     <span class='ocr_line' id='line_1_9' title="bbox 262 2009 1388 2096; baseline 0.004 -22"><span class='ocrx_word' id='word_1_53' title='bbox 262 2009 357 2094; x_wconf 90' lang='lat' dir='ltr'>quod</span> <span class='ocrx_word' id='word_1_54' title='bbox 381 2009 435 2075; x_wconf 87' lang='lat' dir='ltr'>hic</span> <span class='ocrx_word' id='word_1_55' title='bbox 458 2011 674 2096; x_wconf 84' lang='lat' dir='ltr'>intelligitur,</span> <span class='ocrx_word' id='word_1_56' title='bbox 693 2023 746 2079; x_wconf 90' lang='lat' dir='ltr'>est</span> <span class='ocrx_word' id='word_1_57' title='bbox 770 2013 912 2078; x_wconf 90' lang='lat' dir='ltr'>liberum</span> <span class='ocrx_word' id='word_1_58' title='bbox 936 2013 1121 2096; x_wconf 88' lang='lat' dir='ltr'>spirituale,</span> <span class='ocrx_word' id='word_1_59' title='bbox 1141 2023 1178 2078; x_wconf 87' lang='lat' dir='ltr'>et</span> <span class='ocrx_word' id='word_1_60' title='bbox 1201 2033 1270 2078; x_wconf 92' lang='lat' dir='ltr'>non</span> <span class='ocrx_word' id='word_1_61' title='bbox 1287 2027 1388 2079; x_wconf 90' lang='lat' dir='ltr'>natu·</span> 
     </span>
     <span class='ocr_line' id='line_1_10' title="bbox 263 2106 1389 2192; baseline 0.005 -21"><span class='ocrx_word' id='word_1_62' title='bbox 263 2106 348 2184; x_wconf 88' lang='lat' dir='ltr'>rale,</span> <span class='ocrx_word' id='word_1_63' title='bbox 365 2108 428 2172; x_wconf 90' lang='lat' dir='ltr'>nisi</span> <span class='ocrx_word' id='word_1_64' title='bbox 443 2111 581 2192; x_wconf 89' lang='lat' dir='ltr'>quando</span> <span class='ocrx_word' id='word_1_65' title='bbox 597 2131 700 2174; x_wconf 91' lang='lat' dir='ltr'>unum</span> <span class='ocrx_word' id='word_1_66' title='bbox 715 2110 867 2190; x_wconf 77' lang='lat' dir='ltr'>faciunt3</span> <span class='ocrx_word' id='word_1_67' title='bbox 891 2111 1047 2192; x_wconf 89' lang='lat' dir='ltr'>cogitare</span> <span class='ocrx_word' id='word_1_68' title='bbox 1062 2111 1154 2174; x_wconf 90' lang='lat' dir='ltr'>enim</span> <span class='ocrx_word' id='word_1_69' title='bbox 1173 2121 1210 2174; x_wconf 91' lang='lat' dir='ltr'>et</span> <span class='ocrx_word' id='word_1_70' title='bbox 1227 2111 1318 2176; x_wconf 88' lang='lat' dir='ltr'>velle</span> <span class='ocrx_word' id='word_1_71' title='bbox 1334 2120 1389 2177; x_wconf 87' lang='lat' dir='ltr'>est</span> 
     </span>
     <span class='ocr_line' id='line_1_11' title="bbox 262 2203 1428 2290; baseline 0.003 -23"><span class='ocrx_word' id='word_1_72' title='bbox 262 2203 453 2285; x_wconf 76' lang='lat' dir='ltr'>spirituale,</span> <span class='ocrx_word' id='word_1_73' title='bbox 471 2215 508 2270; x_wconf 91' lang='lat' dir='ltr'>at</span> <span class='ocrx_word' id='word_1_74' title='bbox 531 2205 625 2290; x_wconf 89' lang='lat' dir='ltr'>loqui</span> <span class='ocrx_word' id='word_1_75' title='bbox 647 2217 684 2272; x_wconf 90' lang='lat' dir='ltr'>et</span> <span class='ocrx_word' id='word_1_76' title='bbox 707 2207 818 2272; x_wconf 82' lang='lat' dir='ltr'>iacere</span> <span class='ocrx_word' id='word_1_77' title='bbox 833 2215 889 2271; x_wconf 87' lang='lat' dir='ltr'>est</span> <span class='ocrx_word' id='word_1_78' title='bbox 907 2205 1074 2271; x_wconf 86' lang='lat' dir='ltr'>naturale.</span> <span class='ocrx_word' id='word_1_79' title='bbox 1120 2207 1390 2289; x_wconf 88' lang='lat' dir='ltr'>Distinguuntur</span> <span class='ocrx_word' id='word_1_80' title='bbox 1425 2283 1428 2288; x_wconf 25' lang='grc' dir='ltr'>Ι</span> 
     </span>
     <span class='ocr_line' id='line_1_12' title="bbox 261 2301 1388 2386; baseline 0.003 -23"><span class='ocrx_word' id='word_1_81' title='bbox 261 2301 371 2364; x_wconf 90' lang='lat' dir='ltr'>etiam</span> <span class='ocrx_word' id='word_1_82' title='bbox 391 2301 573 2367; x_wconf 84' lang='lat' dir='ltr'>manifeste</span> <span class='ocrx_word' id='word_1_83' title='bbox 588 2304 679 2386; x_wconf 90' lang='lat' dir='ltr'>apud</span> <span class='ocrx_word' id='word_1_84' title='bbox 695 2304 890 2382; x_wconf 88' lang='lat' dir='ltr'>hominem;</span> <span class='ocrx_word' id='word_1_85' title='bbox 915 2322 994 2366; x_wconf 90' lang='lat' dir='ltr'>nam</span> <span class='ocrx_word' id='word_1_86' title='bbox 1013 2302 1119 2367; x_wconf 91' lang='lat' dir='ltr'>homo</span> <span class='ocrx_word' id='word_1_87' title='bbox 1138 2304 1293 2384; x_wconf 91' lang='lat' dir='ltr'>cogitare</span> <span class='ocrx_word' id='word_1_88' title='bbox 1310 2313 1388 2386; x_wconf 91' lang='lat' dir='ltr'>pot·</span> 
     </span>
     <span class='ocr_line' id='line_1_13' title="bbox 262 2397 1390 2483; baseline 0.002 -23"><span class='ocrx_word' id='word_1_89' title='bbox 262 2406 320 2461; x_wconf 88' lang='lat' dir='ltr'>est</span> <span class='ocrx_word' id='word_1_90' title='bbox 343 2397 435 2481; x_wconf 90' lang='lat' dir='ltr'>quod</span> <span class='ocrx_word' id='word_1_91' title='bbox 458 2420 528 2463; x_wconf 92' lang='lat' dir='ltr'>non</span> <span class='ocrx_word' id='word_1_92' title='bbox 547 2399 727 2483; x_wconf 90' lang='lat' dir='ltr'>eloquitur,</span> <span class='ocrx_word' id='word_1_93' title='bbox 747 2410 784 2464; x_wconf 89' lang='lat' dir='ltr'>et</span> <span class='ocrx_word' id='word_1_94' title='bbox 808 2399 898 2463; x_wconf 88' lang='lat' dir='ltr'>velle</span> <span class='ocrx_word' id='word_1_95' title='bbox 921 2400 1012 2482; x_wconf 89' lang='lat' dir='ltr'>quod</span> <span class='ocrx_word' id='word_1_96' title='bbox 1036 2418 1104 2462; x_wconf 92' lang='lat' dir='ltr'>non</span> <span class='ocrx_word' id='word_1_97' title='bbox 1127 2398 1229 2477; x_wconf 83' lang='lat' dir='ltr'>sacit3</span> <span class='ocrx_word' id='word_1_98' title='bbox 1252 2419 1298 2461; x_wconf 90' lang='lat' dir='ltr'>ex</span> <span class='ocrx_word' id='word_1_99' title='bbox 1321 2419 1390 2481; x_wconf 90' lang='lat' dir='ltr'>quo</span> 
     </span>
     <span class='ocr_line' id='line_1_14' title="bbox 263 2495 1389 2578; baseline 0 -22"><span class='ocrx_word' id='word_1_100' title='bbox 263 2502 374 2577; x_wconf 87' lang='lat' dir='ltr'>patet,</span> <span class='ocrx_word' id='word_1_101' title='bbox 391 2495 483 2578; x_wconf 91' lang='lat' dir='ltr'>quod</span> <span class='ocrx_word' id='word_1_102' title='bbox 499 2496 677 2578; x_wconf 90' lang='lat' dir='ltr'>spitituale</span> <span class='ocrx_word' id='word_1_103' title='bbox 693 2505 730 2561; x_wconf 90' lang='lat' dir='ltr'>et</span> <span class='ocrx_word' id='word_1_104' title='bbox 748 2495 903 2559; x_wconf 90' lang='lat' dir='ltr'>naturale</span> <span class='ocrx_word' id='word_1_105' title='bbox 920 2495 1010 2577; x_wconf 91' lang='lat' dir='ltr'>apud</span> <span class='ocrx_word' id='word_1_106' title='bbox 1026 2495 1201 2558; x_wconf 89' lang='lat' dir='ltr'>hominem</span> <span class='ocrx_word' id='word_1_107' title='bbox 1221 2495 1389 2557; x_wconf 88' lang='lat' dir='ltr'>discrimi-</span> 
     </span>
     <span class='ocr_line' id='line_1_15' title="bbox 266 2589 1389 2675; baseline 0 -23"><span class='ocrx_word' id='word_1_108' title='bbox 266 2599 351 2654; x_wconf 88' lang='lat' dir='ltr'>nata</span> <span class='ocrx_word' id='word_1_109' title='bbox 379 2591 471 2670; x_wconf 88' lang='lat' dir='ltr'>sint;</span> <span class='ocrx_word' id='word_1_110' title='bbox 503 2611 608 2675; x_wconf 90' lang='lat' dir='ltr'>quare</span> <span class='ocrx_word' id='word_1_111' title='bbox 639 2610 708 2656; x_wconf 91' lang='lat' dir='ltr'>non</span> <span class='ocrx_word' id='word_1_112' title='bbox 738 2600 854 2674; x_wconf 84' lang='lat' dir='ltr'>potest</span> <span class='ocrx_word' id='word_1_113' title='bbox 882 2591 988 2655; x_wconf 90' lang='lat' dir='ltr'>horno</span> <span class='ocrx_word' id='word_1_114' title='bbox 1014 2590 1059 2654; x_wconf 95' lang='lat' dir='ltr'>ab</span> <span class='ocrx_word' id='word_1_115' title='bbox 1085 2611 1153 2653; x_wconf 90' lang='lat' dir='ltr'>uno</span> <span class='ocrx_word' id='word_1_116' title='bbox 1180 2590 1214 2653; x_wconf 91' lang='lat' dir='ltr'>in</span> <span class='ocrx_word' id='word_1_117' title='bbox 1241 2589 1389 2652; x_wconf 91' lang='lat' dir='ltr'>alterum</span> 
     </span>
     <span class='ocr_line' id='line_1_16' title="bbox 264 2684 1389 2769; baseline 0 -21"><span class='ocrx_word' id='word_1_118' title='bbox 264 2684 424 2761; x_wconf 90' lang='lat' dir='ltr'>transire,</span> <span class='ocrx_word' id='word_1_119' title='bbox 449 2687 513 2751; x_wconf 92' lang='lat' dir='ltr'>nisi</span> <span class='ocrx_word' id='word_1_120' title='bbox 536 2706 637 2769; x_wconf 91' lang='lat' dir='ltr'>quam</span> <span class='ocrx_word' id='word_1_121' title='bbox 661 2706 722 2769; x_wconf 87' lang='lat' dir='ltr'>per</span> <span class='ocrx_word' id='word_1_122' title='bbox 744 2686 1089 2764; x_wconf 88' lang='lat' dir='ltr'>determinationem;</span> <span class='ocrx_word' id='word_1_123' title='bbox 1113 2705 1201 2768; x_wconf 90' lang='lat' dir='ltr'>quae</span> <span class='ocrx_word' id='word_1_124' title='bbox 1224 2686 1389 2749; x_wconf 89' lang='lat' dir='ltr'>determi-</span> 
     </span>
     <span class='ocr_line' id='line_1_17' title="bbox 264 2781 1390 2866; baseline 0.002 -22"><span class='ocrx_word' id='word_1_125' title='bbox 264 2781 363 2845; x_wconf 89' lang='lat' dir='ltr'>natio</span> <span class='ocrx_word' id='word_1_126' title='bbox 386 2783 578 2866; x_wconf 90' lang='lat' dir='ltr'>comparari</span> <span class='ocrx_word' id='word_1_127' title='bbox 600 2793 719 2866; x_wconf 86' lang='lat' dir='ltr'>potest</span> <span class='ocrx_word' id='word_1_128' title='bbox 738 2781 875 2866; x_wconf 88' lang='lat' dir='ltr'>januae,</span> <span class='ocrx_word' id='word_1_129' title='bbox 896 2803 982 2865; x_wconf 89' lang='lat' dir='ltr'>quae</span> <span class='ocrx_word' id='word_1_130' title='bbox 1006 2782 1097 2864; x_wconf 90' lang='lat' dir='ltr'>prius</span> <span class='ocrx_word' id='word_1_131' title='bbox 1120 2782 1331 2845; x_wconf 90' lang='lat' dir='ltr'>recludenda</span> <span class='ocrx_word' id='word_1_132' title='bbox 1353 2791 1390 2846; x_wconf 91' lang='lat' dir='ltr'>et</span> 
     </span>
     <span class='ocr_line' id='line_1_18' title="bbox 262 2875 1390 2960; baseline -0.002 -20"><span class='ocrx_word' id='word_1_133' title='bbox 262 2877 452 2958; x_wconf 89' lang='lat' dir='ltr'>&#39;aperienda</span> <span class='ocrx_word' id='word_1_134' title='bbox 467 2887 529 2942; x_wconf 89' lang='lat' dir='ltr'>est.</span> <span class='ocrx_word' id='word_1_135' title='bbox 575 2876 644 2942; x_wconf 90' lang='lat' dir='ltr'>Sed</span> <span class='ocrx_word' id='word_1_136' title='bbox 660 2877 746 2942; x_wconf 90' lang='lat' dir='ltr'>haec</span> <span class='ocrx_word' id='word_1_137' title='bbox 760 2877 863 2959; x_wconf 91' lang='lat' dir='ltr'>janua</span> <span class='ocrx_word' id='word_1_138' title='bbox 875 2887 947 2941; x_wconf 91' lang='lat' dir='ltr'>stat</span> <span class='ocrx_word' id='word_1_139' title='bbox 965 2879 1052 2941; x_wconf 90' lang='lat' dir='ltr'>sicut</span> <span class='ocrx_word' id='word_1_140' title='bbox 1068 2886 1189 2960; x_wconf 88' lang='lat' dir='ltr'>aperta</span> <span class='ocrx_word' id='word_1_141' title='bbox 1205 2877 1295 2959; x_wconf 91' lang='lat' dir='ltr'>apud</span> <span class='ocrx_word' id='word_1_142' title='bbox 1311 2875 1390 2939; x_wconf 87' lang='lat' dir='ltr'>illos</span> 
     </span>
     <span class='ocr_line' id='line_1_19' title="bbox 262 2972 1388 3056; baseline 0 -21"><span class='ocrx_word' id='word_1_143' title='bbox 262 2973 322 3055; x_wconf 92' lang='lat' dir='ltr'>qui</span> <span class='ocrx_word' id='word_1_144' title='bbox 348 2993 395 3037; x_wconf 83' lang='lat' dir='ltr'>ex</span> <span class='ocrx_word' id='word_1_145' title='bbox 422 2974 556 3039; x_wconf 89' lang='lat' dir='ltr'>ratione</span> <span class='ocrx_word' id='word_1_146' title='bbox 579 2975 767 3038; x_wconf 89' lang='lat' dir='ltr'>secundum</span> <span class='ocrx_word' id='word_1_147' title='bbox 795 2973 892 3056; x_wconf 88' lang='lat' dir='ltr'>leges</span> <span class='ocrx_word' id='word_1_148' title='bbox 919 2973 1036 3037; x_wconf 90' lang='lat' dir='ltr'>civiles</span> <span class='ocrx_word' id='word_1_149' title='bbox 1060 2974 1158 3056; x_wconf 91' lang='lat' dir='ltr'>regni</span> <span class='ocrx_word' id='word_1_150' title='bbox 1181 2981 1216 3036; x_wconf 89' lang='lat' dir='ltr'>et</span> <span class='ocrx_word' id='word_1_151' title='bbox 1238 2972 1388 3036; x_wconf 89' lang='lat' dir='ltr'>morales</span> 
     </span>
     <span class='ocr_line' id='line_1_20' title="bbox 264 3069 1390 3152; baseline 0.001 -21"><span class='ocrx_word' id='word_1_152' title='bbox 264 3069 446 3133; x_wconf 89' lang='lat' dir='ltr'>societatis</span> <span class='ocrx_word' id='word_1_153' title='bbox 476 3072 636 3152; x_wconf 87' lang='lat' dir='ltr'>cogitant</span> <span class='ocrx_word' id='word_1_154' title='bbox 667 3069 699 3134; x_wconf 89' lang='lat' dir='ltr'>el</span> <span class='ocrx_word' id='word_1_155' title='bbox 730 3070 872 3148; x_wconf 88' lang='lat' dir='ltr'>volunt;</span> <span class='ocrx_word' id='word_1_156' title='bbox 905 3069 940 3134; x_wconf 93' lang='lat' dir='ltr'>hi</span> <span class='ocrx_word' id='word_1_157' title='bbox 972 3071 1063 3133; x_wconf 91' lang='lat' dir='ltr'>enim</span> <span class='ocrx_word' id='word_1_158' title='bbox 1087 3069 1273 3151; x_wconf 90' lang='lat' dir='ltr'>loquuntur</span> <span class='ocrx_word' id='word_1_159' title='bbox 1302 3088 1390 3150; x_wconf 86' lang='lat' dir='ltr'>quae</span> 
     </span>
     <span class='ocr_line' id='line_1_21' title="bbox 263 3163 1390 3246; baseline 0 -21"><span class='ocrx_word' id='word_1_160' title='bbox 263 3163 435 3246; x_wconf 86' lang='lat' dir='ltr'>cogitant,</span> <span class='ocrx_word' id='word_1_161' title='bbox 456 3174 492 3229; x_wconf 88' lang='lat' dir='ltr'>et</span> <span class='ocrx_word' id='word_1_162' title='bbox 515 3166 643 3230; x_wconf 85' lang='lat' dir='ltr'>faciunt</span> <span class='ocrx_word' id='word_1_163' title='bbox 662 3167 751 3229; x_wconf 91' lang='lat' dir='ltr'>sicut</span> <span class='ocrx_word' id='word_1_164' title='bbox 775 3166 915 3228; x_wconf 92' lang='lat' dir='ltr'>volunt:</span> <span class='ocrx_word' id='word_1_165' title='bbox 941 3175 977 3228; x_wconf 91' lang='lat' dir='ltr'>at</span> <span class='ocrx_word' id='word_1_166' title='bbox 997 3165 1100 3246; x_wconf 88' lang='lat' dir='ltr'>janua</span> <span class='ocrx_word' id='word_1_167' title='bbox 1123 3164 1183 3227; x_wconf 90' lang='lat' dir='ltr'>illa</span> <span class='ocrx_word' id='word_1_168' title='bbox 1205 3173 1278 3226; x_wconf 93' lang='lat' dir='ltr'>stat</span> <span class='ocrx_word' id='word_1_169' title='bbox 1301 3165 1390 3226; x_wconf 89' lang='lat' dir='ltr'>sicut</span> 
     </span>
     <span class='ocr_line' id='line_1_22' title="bbox 262 3257 1390 3345; baseline 0 -22"><span class='ocrx_word' id='word_1_170' title='bbox 262 3257 404 3324; x_wconf 79' lang='lat' dir='ltr'>occlusa</span> <span class='ocrx_word' id='word_1_171' title='bbox 420 3262 509 3344; x_wconf 88' lang='lat' dir='ltr'>apud</span> <span class='ocrx_word' id='word_1_172' title='bbox 527 3261 615 3336; x_wconf 91' lang='lat' dir='ltr'>illos,</span> <span class='ocrx_word' id='word_1_173' title='bbox 630 3263 686 3345; x_wconf 89' lang='lat' dir='ltr'>qui</span> <span class='ocrx_word' id='word_1_174' title='bbox 699 3272 820 3325; x_wconf 85' lang='lat' dir='ltr'>contra</span> <span class='ocrx_word' id='word_1_175' title='bbox 833 3261 910 3323; x_wconf 87' lang='lat' dir='ltr'>illas</span> <span class='ocrx_word' id='word_1_176' title='bbox 927 3260 1023 3342; x_wconf 89' lang='lat' dir='ltr'>leges</span> <span class='ocrx_word' id='word_1_177' title='bbox 1037 3261 1195 3341; x_wconf 90' lang='lat' dir='ltr'>cogitant</span> <span class='ocrx_word' id='word_1_178' title='bbox 1208 3271 1244 3322; x_wconf 89' lang='lat' dir='ltr'>et</span> <span class='ocrx_word' id='word_1_179' title='bbox 1257 3259 1390 3323; x_wconf 91' lang='lat' dir='ltr'>volunt.</span> 
     </span>
     <span class='ocr_line' id='line_1_23' title="bbox 263 3352 1389 3436; baseline -0.001 -18"><span class='ocrx_word' id='word_1_180' title='bbox 263 3353 334 3436; x_wconf 81' lang='lat' dir='ltr'>Qui</span> <span class='ocrx_word' id='word_1_181' title='bbox 357 3358 510 3420; x_wconf 89' lang='lat' dir='ltr'>attendit</span> <span class='ocrx_word' id='word_1_182' title='bbox 535 3358 579 3419; x_wconf 91' lang='lat' dir='ltr'>ad</span> <span class='ocrx_word' id='word_1_183' title='bbox 607 3377 685 3420; x_wconf 90' lang='lat' dir='ltr'>suas</span> <span class='ocrx_word' id='word_1_184' title='bbox 712 3356 912 3420; x_wconf 89' lang='lat' dir='ltr'>voluntates</span> <span class='ocrx_word' id='word_1_185' title='bbox 939 3368 974 3420; x_wconf 90' lang='lat' dir='ltr'>et</span> <span class='ocrx_word' id='word_1_186' title='bbox 1002 3357 1082 3418; x_wconf 89' lang='lat' dir='ltr'>inde</span> <span class='ocrx_word' id='word_1_187' title='bbox 1108 3352 1208 3428; x_wconf 69' lang='lat' dir='ltr'>faita,</span> <span class='ocrx_word' id='word_1_188' title='bbox 1233 3354 1389 3418; x_wconf 79' lang='lat' dir='ltr'>animad-</span> 
     </span>
     <span class='ocr_line' id='line_1_24' title="bbox 263 3449 1390 3535; baseline -0.001 -22"><span class='ocrx_word' id='word_1_189' title='bbox 263 3461 380 3515; x_wconf 88' lang='lat' dir='ltr'>vertet</span> <span class='ocrx_word' id='word_1_190' title='bbox 403 3453 494 3535; x_wconf 90' lang='lat' dir='ltr'>quod</span> <span class='ocrx_word' id='word_1_191' title='bbox 519 3450 599 3515; x_wconf 91' lang='lat' dir='ltr'>talis</span> <span class='ocrx_word' id='word_1_192' title='bbox 621 3453 866 3516; x_wconf 89' lang='lat' dir='ltr'>determinatio</span> <span class='ocrx_word' id='word_1_193' title='bbox 889 3451 1096 3527; x_wconf 87' lang='lat' dir='ltr'>intercedat,</span> <span class='ocrx_word' id='word_1_194' title='bbox 1119 3461 1156 3514; x_wconf 89' lang='lat' dir='ltr'>et</span> <span class='ocrx_word' id='word_1_195' title='bbox 1184 3449 1390 3532; x_wconf 89' lang='lat' dir='ltr'>quandoque</span> 
     </span>
     <span class='ocr_line' id='line_1_25' title="bbox 264 3544 1389 3629; baseline 0.002 -22"><span class='ocrx_word' id='word_1_196' title='bbox 264 3547 392 3629; x_wconf 89' lang='lat' dir='ltr'>pluries</span> <span class='ocrx_word' id='word_1_197' title='bbox 413 3549 447 3610; x_wconf 91' lang='lat' dir='ltr'>in</span> <span class='ocrx_word' id='word_1_198' title='bbox 472 3568 540 3610; x_wconf 92' lang='lat' dir='ltr'>una</span> <span class='ocrx_word' id='word_1_199' title='bbox 566 3550 866 3621; x_wconf 89' lang='lat' dir='ltr'>sermocinatione,</span> <span class='ocrx_word' id='word_1_200' title='bbox 891 3559 927 3612; x_wconf 91' lang='lat' dir='ltr'>et</span> <span class='ocrx_word' id='word_1_201' title='bbox 950 3548 984 3610; x_wconf 95' lang='lat' dir='ltr'>in</span> <span class='ocrx_word' id='word_1_202' title='bbox 1009 3567 1076 3610; x_wconf 89' lang='lat' dir='ltr'>una</span> <span class='ocrx_word' id='word_1_203' title='bbox 1098 3545 1245 3610; x_wconf 73' lang='lat' dir='ltr'>actione.</span> <span class='ocrx_word' id='word_1_204' title='bbox 1292 3544 1389 3609; x_wconf 90' lang='lat' dir='ltr'>Haec</span> 
     </span>
     <span class='ocr_line' id='line_1_26' title="bbox 263 3641 1390 3726; baseline -0.002 -22"><span class='ocrx_word' id='word_1_205' title='bbox 263 3644 455 3724; x_wconf 90' lang='lat' dir='ltr'>praemissa</span> <span class='ocrx_word' id='word_1_206' title='bbox 470 3652 563 3720; x_wconf 88' lang='lat' dir='ltr'>sunt,</span> <span class='ocrx_word' id='word_1_207' title='bbox 580 3653 619 3707; x_wconf 90' lang='lat' dir='ltr'>ut</span> <span class='ocrx_word' id='word_1_208' title='bbox 635 3644 763 3707; x_wconf 88' lang='lat' dir='ltr'>sciatur</span> <span class='ocrx_word' id='word_1_209' title='bbox 779 3644 870 3726; x_wconf 91' lang='lat' dir='ltr'>quod</span> <span class='ocrx_word' id='word_1_210' title='bbox 887 3663 948 3726; x_wconf 90' lang='lat' dir='ltr'>per</span> <span class='ocrx_word' id='word_1_211' title='bbox 963 3662 1066 3724; x_wconf 89' lang='lat' dir='ltr'>agere</span> <span class='ocrx_word' id='word_1_212' title='bbox 1081 3662 1128 3705; x_wconf 88' lang='lat' dir='ltr'>ex</span> <span class='ocrx_word' id='word_1_213' title='bbox 1144 3641 1253 3705; x_wconf 87' lang='lat' dir='ltr'>libero</span> <span class='ocrx_word' id='word_1_214' title='bbox 1267 3660 1390 3704; x_wconf 88' lang='lat' dir='ltr'>secun·</span> 
     </span>
     <span class='ocr_line' id='line_1_27' title="bbox 264 3736 1389 3820; baseline -0.002 -14"><span class='ocrx_word' id='word_1_215' title='bbox 264 3743 349 3806; x_wconf 91' lang='lat' dir='ltr'>dum</span> <span class='ocrx_word' id='word_1_216' title='bbox 366 3743 543 3814; x_wconf 90' lang='lat' dir='ltr'>rationem,</span> <span class='ocrx_word' id='word_1_217' title='bbox 561 3737 778 3820; x_wconf 88' lang='lat' dir='ltr'>intelligatur</span> <span class='ocrx_word' id='word_1_218' title='bbox 790 3736 896 3801; x_wconf 89' lang='lat' dir='ltr'>libere</span> <span class='ocrx_word' id='word_1_219' title='bbox 915 3738 1071 3818; x_wconf 86' lang='lat' dir='ltr'>cogitare</span> <span class='ocrx_word' id='word_1_220' title='bbox 1090 3747 1127 3802; x_wconf 91' lang='lat' dir='ltr'>et</span> <span class='ocrx_word' id='word_1_221' title='bbox 1139 3736 1241 3814; x_wconf 90' lang='lat' dir='ltr'>velle,</span> <span class='ocrx_word' id='word_1_222' title='bbox 1255 3749 1291 3803; x_wconf 91' lang='lat' dir='ltr'>et</span> <span class='ocrx_word' id='word_1_223' title='bbox 1309 3739 1389 3804; x_wconf 89' lang='lat' dir='ltr'>inde</span> 
     </span>
    </p>
   </div>
   <div class='ocr_carea' id='block_1_5' title="bbox 263 3832 1389 4489">
    <p class='ocr_par' dir='ltr' id='par_1_5' title="bbox 266 3832 1253 3918">
     <span class='ocr_line' id='line_1_28' title="bbox 266 3832 1253 3918; baseline -0.002 -18"><span class='ocrx_word' id='word_1_224' title='bbox 266 3837 371 3900; x_wconf 89' lang='lat' dir='ltr'>libere</span> <span class='ocrx_word' id='word_1_225' title='bbox 391 3835 484 3918; x_wconf 91' lang='lat' dir='ltr'>loqui</span> <span class='ocrx_word' id='word_1_226' title='bbox 500 3843 536 3897; x_wconf 91' lang='lat' dir='ltr'>et</span> <span class='ocrx_word' id='word_1_227' title='bbox 552 3832 665 3897; x_wconf 86' lang='lat' dir='ltr'>iacere</span> <span class='ocrx_word' id='word_1_228' title='bbox 684 3832 775 3914; x_wconf 90' lang='lat' dir='ltr'>quod</span> <span class='ocrx_word' id='word_1_229' title='bbox 796 3832 983 3894; x_wconf 88' lang='lat' dir='ltr'>secundum</span> <span class='ocrx_word' id='word_1_230' title='bbox 1003 3833 1172 3898; x_wconf 89' lang='lat' dir='ltr'>rationem</span> <span class='ocrx_word' id='word_1_231' title='bbox 1189 3845 1253 3898; x_wconf 89' lang='lat' dir='ltr'>est.</span> 
     </span>
    </p>

    <p class='ocr_par' dir='ltr' id='par_1_6' title="bbox 263 3927 1389 4489">
     <span class='ocr_line' id='line_1_29' title="bbox 330 3927 1389 4014; baseline 0 -19"><span class='ocrx_word' id='word_1_232' title='bbox 330 3944 395 4014; x_wconf 77' lang='lat'>72.</span> <span class='ocrx_word' id='word_1_233' title='bbox 428 3929 496 3994; x_wconf 88' lang='lat' dir='ltr'>Sed</span> <span class='ocrx_word' id='word_1_234' title='bbox 515 3931 593 4012; x_wconf 87' lang='lat' dir='ltr'>quia</span> <span class='ocrx_word' id='word_1_235' title='bbox 616 3929 715 4011; x_wconf 88' lang='lat' dir='ltr'>pauci</span> <span class='ocrx_word' id='word_1_236' title='bbox 739 3929 862 4003; x_wconf 89' lang='lat' dir='ltr'>sciunt,</span> <span class='ocrx_word' id='word_1_237' title='bbox 883 3929 973 4011; x_wconf 90' lang='lat' dir='ltr'>quod</span> <span class='ocrx_word' id='word_1_238' title='bbox 998 3927 1082 3991; x_wconf 90' lang='lat' dir='ltr'>haec</span> <span class='ocrx_word' id='word_1_239' title='bbox 1101 3929 1161 3992; x_wconf 89' lang='lat' dir='ltr'>lex</span> <span class='ocrx_word' id='word_1_240' title='bbox 1184 3931 1292 4011; x_wconf 90' lang='lat' dir='ltr'>possit</span> <span class='ocrx_word' id='word_1_241' title='bbox 1312 3951 1389 3995; x_wconf 89' lang='lat' dir='ltr'>esse</span> 
     </span>
     <span class='ocr_line' id='line_1_30' title="bbox 265 4024 1387 4107; baseline -0.004 -17"><span class='ocrx_word' id='word_1_242' title='bbox 265 4026 325 4090; x_wconf 90' lang='lat' dir='ltr'>lex</span> <span class='ocrx_word' id='word_1_243' title='bbox 351 4025 496 4089; x_wconf 91' lang='lat' dir='ltr'>Divinae</span> <span class='ocrx_word' id='word_1_244' title='bbox 521 4024 770 4098; x_wconf 88' lang='lat' dir='ltr'>Providentiae,</span> <span class='ocrx_word' id='word_1_245' title='bbox 792 4045 895 4087; x_wconf 86' lang='lat' dir='ltr'>exeo</span> <span class='ocrx_word' id='word_1_246' title='bbox 914 4025 1091 4105; x_wconf 88' lang='lat' dir='ltr'>imprimis,</span> <span class='ocrx_word' id='word_1_247' title='bbox 1111 4025 1190 4107; x_wconf 89' lang='lat' dir='ltr'>quia</span> <span class='ocrx_word' id='word_1_248' title='bbox 1212 4025 1259 4087; x_wconf 91' lang='lat' dir='ltr'>sic</span> <span class='ocrx_word' id='word_1_249' title='bbox 1282 4025 1387 4088; x_wconf 91' lang='lat' dir='ltr'>etiam</span> 
     </span>
     <span class='ocr_line' id='line_1_31' title="bbox 266 4119 1388 4201; baseline -0.003 -17"><span class='ocrx_word' id='word_1_250' title='bbox 266 4121 410 4185; x_wconf 91' lang='lat' dir='ltr'>liberum</span> <span class='ocrx_word' id='word_1_251' title='bbox 434 4133 488 4184; x_wconf 89' lang='lat' dir='ltr'>est</span> <span class='ocrx_word' id='word_1_252' title='bbox 510 4120 641 4184; x_wconf 93' lang='lat' dir='ltr'>homini</span> <span class='ocrx_word' id='word_1_253' title='bbox 665 4121 820 4201; x_wconf 88' lang='lat' dir='ltr'>cogitare</span> <span class='ocrx_word' id='word_1_254' title='bbox 844 4119 972 4182; x_wconf 89' lang='lat' dir='ltr'>malum</span> <span class='ocrx_word' id='word_1_255' title='bbox 997 4129 1033 4182; x_wconf 89' lang='lat' dir='ltr'>et</span> <span class='ocrx_word' id='word_1_256' title='bbox 1056 4119 1190 4192; x_wconf 82' lang='lat' dir='ltr'>falsum,</span> <span class='ocrx_word' id='word_1_257' title='bbox 1210 4130 1246 4183; x_wconf 92' lang='lat' dir='ltr'>et</span> <span class='ocrx_word' id='word_1_258' title='bbox 1269 4128 1388 4182; x_wconf 88' lang='lat' dir='ltr'>tamen</span> 
     </span>
     <span class='ocr_line' id='line_1_32' title="bbox 267 4215 1387 4296; baseline -0.003 -16"><span class='ocrx_word' id='word_1_259' title='bbox 267 4217 393 4280; x_wconf 92' lang='lat' dir='ltr'>Divina</span> <span class='ocrx_word' id='word_1_260' title='bbox 417 4216 637 4281; x_wconf 91' lang='lat' dir='ltr'>Providentia</span> <span class='ocrx_word' id='word_1_261' title='bbox 660 4217 824 4280; x_wconf 91' lang='lat' dir='ltr'>continue</span> <span class='ocrx_word' id='word_1_262' title='bbox 848 4215 943 4279; x_wconf 91' lang='lat' dir='ltr'>ducit</span> <span class='ocrx_word' id='word_1_263' title='bbox 963 4215 1138 4280; x_wconf 89' lang='lat' dir='ltr'>hominem</span> <span class='ocrx_word' id='word_1_264' title='bbox 1161 4215 1205 4279; x_wconf 86' lang='lat' dir='ltr'>ad</span> <span class='ocrx_word' id='word_1_265' title='bbox 1228 4216 1387 4296; x_wconf 89' lang='lat' dir='ltr'>cogitan-</span> 
     </span>
     <span class='ocr_line' id='line_1_33' title="bbox 263 4311 1386 4392; baseline -0.004 -16"><span class='ocrx_word' id='word_1_266' title='bbox 263 4313 348 4376; x_wconf 91' lang='lat' dir='ltr'>dum</span> <span class='ocrx_word' id='word_1_267' title='bbox 366 4320 402 4376; x_wconf 91' lang='lat' dir='ltr'>et</span> <span class='ocrx_word' id='word_1_268' title='bbox 421 4311 608 4375; x_wconf 90' lang='lat' dir='ltr'>volendum</span> <span class='ocrx_word' id='word_1_269' title='bbox 628 4311 755 4375; x_wconf 90' lang='lat' dir='ltr'>bonum</span> <span class='ocrx_word' id='word_1_270' title='bbox 776 4321 812 4375; x_wconf 91' lang='lat' dir='ltr'>et</span> <span class='ocrx_word' id='word_1_271' title='bbox 832 4330 960 4384; x_wconf 90' lang='lat' dir='ltr'>verum,</span> <span class='ocrx_word' id='word_1_272' title='bbox 981 4311 1060 4373; x_wconf 92' lang='lat' dir='ltr'>ideo</span> <span class='ocrx_word' id='word_1_273' title='bbox 1079 4321 1117 4375; x_wconf 90' lang='lat' dir='ltr'>ut</span> <span class='ocrx_word' id='word_1_274' title='bbox 1135 4311 1201 4374; x_wconf 91' lang='lat' dir='ltr'>hoc</span> <span class='ocrx_word' id='word_1_275' title='bbox 1221 4311 1386 4392; x_wconf 88' lang='lat' dir='ltr'>percipia-</span> 
     </span>
     <span class='ocr_line' id='line_1_34' title="bbox 263 4403 1385 4489; baseline -0.004 -17"><span class='ocrx_word' id='word_1_276' title='bbox 263 4413 330 4484; x_wconf 84' lang='lat' dir='ltr'>tur,</span> <span class='ocrx_word' id='word_1_277' title='bbox 349 4403 511 4472; x_wconf 68' lang='lat' dir='ltr'>distinete</span> <span class='ocrx_word' id='word_1_278' title='bbox 524 4407 810 4489; x_wconf 89' lang='lat' dir='ltr'>progrediendum</span> <span class='ocrx_word' id='word_1_279' title='bbox 829 4417 903 4483; x_wconf 89' lang='lat' dir='ltr'>est;</span> <span class='ocrx_word' id='word_1_280' title='bbox 927 4407 1019 4488; x_wconf 90' lang='lat' dir='ltr'>quod</span> <span class='ocrx_word' id='word_1_281' title='bbox 1035 4407 1099 4470; x_wconf 88' lang='lat' dir='ltr'>erit</span> <span class='ocrx_word' id='word_1_282' title='bbox 1115 4407 1150 4470; x_wconf 92' lang='lat' dir='ltr'>in</span> <span class='ocrx_word' id='word_1_283' title='bbox 1168 4405 1235 4470; x_wconf 88' lang='lat' dir='ltr'>hoc</span> <span class='ocrx_word' id='word_1_284' title='bbox 1248 4405 1385 4469; x_wconf 89' lang='lat' dir='ltr'>ordine:</span> 
     </span>
    </p>
   </div>
   <div class='ocr_carea' id='block_1_6' title="bbox 426 4547 1389 4762">
    <p class='ocr_par' dir='ltr' id='par_1_7' title="bbox 426 4547 1389 4762">
     <span class='ocr_line' id='line_1_35' title="bbox 426 4547 1389 4620; baseline -0.002 -16"><span class='ocrx_word' id='word_1_285' title='bbox 426 4547 469 4619; x_wconf 87' lang='grc' dir='ltr'><strong>(ἱ.)</strong></span> <span class='ocrx_word' id='word_1_286' title='bbox 497 4548 583 4620; x_wconf 84' lang='lat' dir='ltr'>Quod</span> <span class='ocrx_word' id='word_1_287' title='bbox 591 4548 707 4602; x_wconf 78' lang='lat' dir='ltr'>homini</span> <span class='ocrx_word' id='word_1_288' title='bbox 719 4549 809 4603; x_wconf 80' lang='lat' dir='ltr'>Ratio</span> <span class='ocrx_word' id='word_1_289' title='bbox 826 4554 855 4602; x_wconf 79' lang='lat' dir='ltr'>et</span> <span class='ocrx_word' id='word_1_290' title='bbox 866 4549 1004 4603; x_wconf 79' lang='lat' dir='ltr'>Liberum</span> <span class='ocrx_word' id='word_1_291' title='bbox 1018 4551 1065 4611; x_wconf 82' lang='lat' dir='ltr'>sit,</span> <span class='ocrx_word' id='word_1_292' title='bbox 1081 4566 1129 4604; x_wconf 80' lang='lat' dir='ltr'>seu</span> <span class='ocrx_word' id='word_1_293' title='bbox 1144 4548 1345 4604; x_wconf 82' lang='lat' dir='ltr'>Ratrimalr‘tas</span> <span class='ocrx_word' id='word_1_294' title='bbox 1359 4553 1389 4603; x_wconf 83' lang='lat' dir='ltr'>et</span> 
     </span>
     <span class='ocr_line' id='line_1_36' title="bbox 566 4619 1388 4692; baseline 0.001 -19"><span class='ocrx_word' id='word_1_295' title='bbox 566 4619 722 4682; x_wconf 75' lang='lat' dir='ltr'>Libertas:</span> <span class='ocrx_word' id='word_1_296' title='bbox 748 4625 776 4673; x_wconf 87' lang='lat' dir='ltr'>et</span> <span class='ocrx_word' id='word_1_297' title='bbox 799 4620 878 4689; x_wconf 83' lang='lat' dir='ltr'>quod</span> <span class='ocrx_word' id='word_1_298' title='bbox 898 4621 983 4673; x_wconf 67' lang='lat' dir='ltr'>denae</span> <span class='ocrx_word' id='word_1_299' title='bbox 1006 4621 1076 4675; x_wconf 77' lang='lat' dir='ltr'>illae</span> <span class='ocrx_word' id='word_1_300' title='bbox 1093 4620 1259 4692; x_wconf 76' lang='lat' dir='ltr'>facultates</span> <span class='ocrx_word' id='word_1_301' title='bbox 1281 4622 1342 4675; x_wconf 66' lang='grc' dir='ltr'>εἰπέ</span> <span class='ocrx_word' id='word_1_302' title='bbox 1367 4635 1388 4674; x_wconf 85' lang='lat' dir='ltr'>a</span> 
     </span>
     <span class='ocr_line' id='line_1_37' title="bbox 565 4689 953 4762; baseline 0 -16"><span class='ocrx_word' id='word_1_303' title='bbox 565 4691 692 4746; x_wconf 80' lang='lat' dir='ltr'>Domtm</span> <span class='ocrx_word' id='word_1_304' title='bbox 706 4689 791 4762; x_wconf 78' lang='lat' dir='ltr'>apud</span> <span class='ocrx_word' id='word_1_305' title='bbox 802 4691 953 4746; x_wconf 62' lang='lat' dir='ltr'>humanam.</span> 
     </span>
    </p>
   </div>
   <div class='ocr_carea' id='block_1_7' title="bbox 0 0 1713 5382">
    <p class='ocr_par' dir='ltr' id='par_1_8' title="bbox 0 0 1713 5382">
     <span class='ocr_line' id='line_1_38' title="bbox 0 0 1713 5382; baseline 0 0"><span class='ocrx_word' id='word_1_306' title='bbox 0 0 1713 5382; x_wconf 95' lang='lat' dir='ltr'> </span> 
     </span>
    </p>
   </div>
  </div>
 </body>
</html>
