3358 5384
350 659 393 722 24
702 655 906 709 SAPIENTIA
929 656 1127 710 ANGELICA

347 833 439 916 quod
455 831 488 895 in
505 829 565 895 illo
581 830 650 894 sint
669 851 799 913 organa
818 850 989 907 sensuum,
1007 833 1076 897 sint
1096 832 1247 908 cerebra,
1266 834 1380 908 corda,
1399 835 1474 917 pul-

348 947 478 1004 mones,
499 937 535 990 et
558 926 698 1010 reliqua,
719 947 797 990 cum
820 929 964 1004 arteriis,
984 929 1092 1004 venis,
1118 927 1220 1003 fibris,
1245 929 1418 1005 musculis,
1439 938 1475 993 et

346 1045 393 1089 ex
412 1023 479 1088 illis
495 1020 611 1101 a&us;
642 1033 780 1104 praeter
802 1025 974 1106 stupenda
992 1025 1025 1088 in
1045 1023 1181 1088 illorum
1201 1024 1329 1100 indole,
1347 1025 1390 1088 de
1408 1045 1474 1108 qua

347 1121 472 1203 integri
489 1120 565 1184 libri
583 1121 702 1201 scripti
721 1131 876 1184 exstant.
921 1117 1047 1185 Omnia
1066 1121 1124 1184 illa
1143 1121 1311 1185 mirabilia
1330 1133 1409 1185 sunt
1429 1144 1474 1186 ex

349 1215 424 1281 Deo
437 1238 445 1295 ;
475 1215 605 1280 formae
628 1226 744 1279 autem
760 1217 882 1299 quibus
901 1217 1022 1281 induta
1044 1227 1137 1292 sunt,
1162 1238 1208 1281 ex
1232 1219 1385 1280 materiis
1404 1228 1473 1282 ter·

346 1333 404 1376 rae
423 1321 522 1391 sunt;
546 1332 591 1376 ex
610 1309 676 1374 illis
696 1321 776 1376 sunt
795 1311 1015 1394 vegetabilis,
1036 1321 1072 1376 et
1091 1314 1125 1375 in
1144 1331 1206 1376 suo
1225 1313 1345 1377 ordine
1363 1312 1474 1376 homi-

348 1428 427 1472 nes:
453 1428 557 1492 quare
580 1407 623 1472 de
642 1407 781 1472 homine
801 1408 934 1484 dicitur,

397 1544 476 1610 Quod
489 1554 596 1596 creatus
610 1545 646 1596 sit
658 1559 692 1594 ex
703 1544 795 1604 humo,
809 1553 836 1594 et
848 1544 920 1608 quod
935 1543 971 1594 alt
989 1542 1079 1608 pulvis
1094 1553 1190 1604 terrae,
1201 1553 1228 1594 et
1242 1543 1314 1608 quod
1329 1545 1421 1594 anima
1434 1543 1475 1594 vi·

479 1620 568 1661 tarum
581 1611 617 1662 slt
629 1611 761 1676 inspirata
772 1610 871 1674 (Gema.
884 1611 910 1660 ii.
924 1610 964 1672 7);

346 1765 393 1854 ex
405 1764 484 1904 guo
506 1751 605 1826 patet
626 1744 719 1826 quod
744 1729 905 1807 Divinum
925 1762 995 1807 non
1018 1742 1148 1808 homini
1176 1743 1231 1820 sit,
1256 1743 1317 1807 sed
1340 1741 1390 1807 illi
1412 1741 1475 1808 ad·

345 1859 403 1924 Jun
442 1859 508 1902 um.

346 2149 463 2234 Quor>
486 2163 615 2218 ouum
633 2166 736 2231 Quas
758 2165 914 2217 casnm
932 2166 1032 2219 suus
1051 2167 1093 2218 ru
1116 2166 1282 2232 Qunnnu
1305 2167 1473 2220 nunonis

687 2263 896 2314 REFERANT
920 2263 1118 2315 nourusu.

411 2437 481 2503 61.
513 2436 590 2501 Hoc
610 2446 770 2502 constare
787 2446 906 2520 potest
925 2457 972 2501 ex
988 2437 1146 2502 omnibus
1163 2448 1198 2502 et
1217 2437 1360 2521 singulis
1376 2438 1474 2521 regni

346 2533 523 2610 animalis3
548 2555 662 2616 exque
679 2534 836 2597 omnibus
856 2543 891 2597 et
911 2533 1054 2615 singulis
1072 2534 1170 2616 regni
1188 2534 1395 2617 vegetabilis
1406 2555 1414 2614 ;
1438 2543 1475 2599 et

346 2649 392 2692 ex
412 2630 571 2692 omnibus
590 2637 625 2692 et
645 2629 788 2711 singulis
804 2630 901 2712 regni
920 2629 1102 2693 mineralis.

411 2723 544 2788 Relatio
568 2725 618 2788 ad
639 2723 803 2788 hominem
825 2725 861 2788 in
883 2724 1036 2789 omnibus
1057 2735 1090 2788 et
1111 2725 1259 2807 singulas
1281 2725 1381 2808 regni
1399 2725 1474 2791 ani·

345 2820 458 2894 malis,
479 2831 577 2901 patet
601 2841 645 2883 ex
670 2819 742 2884 his:
767 2820 1087 2904 quodanimalibus
1110 2821 1222 2885 omnis
1245 2822 1381 2902 generis
1405 2823 1474 2886 sint

347 2916 502 2979 membra
524 2936 585 2997 per
606 2936 694 2999 quae
716 2936 753 2979 se
777 2927 930 2992 movent,
955 2936 1086 2999 organa
1112 2935 1173 3000 per
1194 2936 1281 3000 quae
1308 2917 1472 2990 sentiunt,

346 3020 384 3076 et
411 3012 544 3075 viscera
576 3031 637 3094 per
663 3032 751 3095 quae
780 3007 923 3076 aetuant
956 3010 1027 3088 illa,
1058 3032 1146 3096 quae
1179 3011 1247 3076 illis
1279 3013 1476 3077 communia

346 3115 427 3170 sunt
458 3125 536 3170 cum
565 3105 725 3171 homine:
760 3117 840 3172 sunt
864 3128 998 3191 quoque
1025 3106 1092 3172 illis
1111 3107 1287 3188 appetitus
1313 3115 1350 3171 et
1373 3105 1474 3171 affec·

345 3202 471 3279 tiones,
499 3202 627 3266 similes
658 3202 869 3267 naturalibus
895 3203 986 3285 apud
1012 3201 1205 3266 hominem:
1237 3209 1273 3266 et
1300 3211 1380 3266 sunt
1408 3201 1474 3265 sci·

345 3299 461 3363 entiae
502 3308 675 3363 connatae
708 3296 945 3362 affefflonibus
983 3298 1119 3364 illorum
1150 3296 1473 3380 correspondentes,

346 3393 381 3457 in
411 3413 555 3477 quarum
578 3394 746 3478 aliquibus
770 3402 914 3478 apparet
941 3395 1030 3459 sicut
1052 3393 1241 3477 spirituale,
1265 3393 1358 3476 quod
1385 3393 1475 3476 apud

345 3489 476 3554 bestias
501 3501 624 3566 terrae,
649 3489 805 3555 volucres
833 3488 929 3566 caeli,
950 3491 1040 3572 apud
1064 3509 1157 3573 apes,
1182 3489 1381 3570 bombyces,
1405 3488 1473 3552 sor·

347 3587 465 3662 micas,
494 3595 573 3663 etc,
602 3585 679 3668 plus
709 3597 745 3651 et
778 3587 890 3650 minus
921 3595 1041 3650 exstat
1068 3603 1183 3649 coram
1217 3584 1337 3648 oculis.
1389 3582 1474 3648 Inde

345 3692 412 3758 est,
445 3682 536 3765 quod
570 3701 663 3747 mere
692 3683 867 3748 naturales
890 3682 1046 3746 homines
1068 3682 1196 3746 iaciant
1219 3681 1409 3745 animantia
1432 3677 1473 3743 il·

348 3776 412 3840 lius
428 3779 526 3860 regni
546 3781 597 3842 sui
620 3779 753 3854 similia,
774 3789 912 3863 praeter
934 3779 1117 3863 loquelam.

410 3872 544 3937 Relatio
575 3875 626 3938 ad
657 3873 821 3939 hominem
853 3897 895 3939 ex
935 3873 1086 3938 omnibus
1127 3883 1160 3937 et
1194 3871 1340 3956 singulis
1376 3868 1476 3955 regni

346 3969 553 4052 vegetabilis,
586 3980 684 4053 patet
719 3993 765 4036 ex
795 3972 867 4036 his:
893 3971 984 4055 quod
1011 3991 1057 4035 ex
1085 3971 1216 4034 semine
1245 3969 1412 4044 existant,
1437 3977 1474 4031 et

345 4085 392 4128 ex
423 4065 483 4130 illo
498 4068 691 4131 successive
725 4068 759 4131 in
790 4077 924 4131 aetates
954 4085 1032 4129 suas
1062 4064 1346 4148 progrediantur;
1381 4059 1474 4146 quod

346 4159 413 4224 illis
443 4161 558 4244 aliqua
587 4163 747 4228 connubii
780 4163 904 4227 similia
931 4161 1011 4237 sint,
1040 4169 1076 4226 et
1106 4169 1186 4242 post
1215 4158 1275 4224 illa
1304 4156 1472 4242 prolifica·

345 4257 419 4336 tio;
451 4259 542 4340 quod
564 4259 679 4323 anima
701 4261 900 4344 vegetativa
922 4257 1057 4323 illorum
1087 4259 1133 4321 sit
1163 4277 1253 4332 usus,
1277 4255 1373 4338 cujus
1404 4253 1472 4318 for·

346 4371 423 4416 mae
454 4366 546 4431 sunt,
573 4365 710 4438 praeter
741 4356 837 4440 plura
867 4355 946 4431 alia,
977 4374 1066 4439 quae
1096 4362 1176 4417 sunt
1209 4352 1396 4417 relationes
1428 4346 1473 4413 ad

346 4445 542 4529 hominem;
567 4472 654 4535 quae
672 4451 778 4516 etiam
795 4473 815 4515 a
834 4450 1036 4534 quibusdam
1055 4449 1249 4530 descriptae
1268 4455 1359 4511 sunt.

410 4543 544 4610 Relatio
565 4548 616 4612 ad
632 4546 796 4611 hominem
814 4545 857 4611 ab
878 4545 1029 4610 omnibus
1050 4554 1083 4608 et
1104 4543 1249 4628 singulis
1271 4541 1372 4626 regni
1386 4537 1472 4604 min·

345 4641 462 4719 eralis,
484 4653 627 4724 apparet
651 4642 761 4707 solum
785 4643 819 4706 in
842 4649 970 4707 conatu
998 4640 1208 4723 producendi
1231 4635 1359 4703 formas
1385 4657 1472 4722 quae
