3358 5384
423 681 472 731 DE
496 678 633 730 DIVINO
657 677 801 742 AMORE,
828 678 921 730 PARS
945 677 1064 728 11.—N.
1090 681 1158 744 141.
1315 681 1352 751 55

229 865 265 918 et
283 854 394 936 magis
407 854 497 936 apud
511 852 590 916 illos
606 853 662 935 qui
676 860 799 915 contra
815 871 967 915 amorem
981 859 1016 914 et
1034 852 1238 933 sapientiam
1253 863 1353 916 sunt:

228 946 364 1010 illorum
382 947 545 1010 interiora
562 955 633 1008 tam
650 946 775 1008 mentis
788 964 890 1027 quam
907 945 1059 1026 corporis
1073 942 1189 1006 clausa
1202 955 1281 1008 sunt
1295 967 1302 1022 ;
1321 953 1355 1008 et

231 1058 308 1101 cum
328 1037 445 1101 clausa
462 1048 553 1112 sunt,
568 1038 742 1100 exteriora
758 1047 903 1118 reagunt
925 1047 1047 1100 contra
1064 1035 1259 1110 Dominum,
1276 1053 1354 1100 nam

232 1130 311 1194 talis
328 1130 396 1194 illis
416 1140 539 1193 natura
558 1130 658 1192 inest.
696 1128 781 1192 Inde
798 1141 864 1204 est,
878 1130 970 1211 quod
991 1129 1039 1191 illi
1054 1149 1090 1190 se
1104 1137 1243 1192 vertant
1261 1142 1355 1193 retro

229 1243 250 1285 a
270 1223 439 1299 Domin0;
464 1243 503 1285 ac
523 1232 657 1284 vertere
677 1243 713 1284 se
734 1232 836 1295 retro,
854 1221 968 1284 estad
989 1220 1165 1283 infernum.

292 1331 390 1398 139.
422 1314 609 1378 Conversio
623 1313 680 1376 illa
694 1309 837 1376 actualis
850 1313 893 1376 ad
912 1313 1098 1376 Dominum
1112 1323 1165 1376 est
1179 1333 1223 1376 ex
1237 1334 1354 1378 amore

228 1415 265 1470 et
285 1407 383 1470 simul
403 1407 593 1489 sapientia;
618 1425 686 1468 non
706 1427 751 1468 ex
771 1406 846 1468 solo
865 1426 993 1478 amore,
1015 1425 1077 1468 nec
1098 1426 1143 1467 ex
1168 1404 1242 1468 sola
1263 1407 1353 1489 sapi-

229 1501 343 1576 entia;
378 1500 470 1562 solus
494 1520 591 1562 amor
621 1509 675 1562 est
706 1500 794 1562 sicut
819 1498 906 1561 Esse
930 1499 1057 1580 absque
1085 1519 1146 1561 suo
1178 1497 1352 1575 Existere,

227 1609 324 1654 amor
341 1593 430 1654 enim
448 1593 570 1654 existit
588 1593 620 1654 in
638 1592 808 1673 sapientia
823 1613 830 1665 ;
856 1601 891 1654 et
908 1592 1077 1671 sapientia
1090 1593 1220 1674 absque
1237 1612 1354 1654 amore

228 1694 282 1746 est
301 1685 389 1748 sicut
410 1684 571 1748 Existere
590 1685 718 1766 absque
738 1704 799 1746 suo
821 1683 917 1756 Esse,
937 1685 1103 1766 sapientia
1123 1686 1212 1747 enim
1232 1685 1353 1747 existit

228 1797 273 1839 ex
293 1796 419 1840 amore.
467 1776 579 1840 Datur
594 1778 732 1860 quidem
752 1797 848 1839 amor
864 1777 993 1858 absque
1013 1778 1193 1857 sapientia,
1215 1779 1274 1839 sed
1295 1777 1353 1841 ille

227 1888 323 1932 amor
339 1879 392 1932 est
408 1868 557 1933 hominis
575 1880 612 1933 et
632 1889 700 1932 non
715 1869 855 1932 Domini
869 1891 876 1945 ;
901 1881 936 1932 et
953 1890 1088 1952 quoque
1101 1870 1203 1932 datur
1216 1871 1352 1951 sapien·

227 1963 276 2024 tia
292 1961 422 2044 absque
439 1981 567 2036 amore,
586 1963 647 2025 sed
665 1962 724 2024 illa
740 1963 910 2044 sapientia
926 1972 980 2025 est
996 1963 1134 2044 quidem
1153 1983 1172 2024 a
1190 1963 1351 2034 Domine,

227 2053 289 2116 sed
308 2053 499 2117 nonhabet
518 2054 703 2118 Dominum
723 2055 757 2117 in
778 2075 835 2132 se;
856 2066 909 2117 est
929 2055 1019 2117 enim
1037 2055 1124 2117 sicut
1146 2055 1204 2116 lux
1221 2055 1352 2118 hiema-

228 2147 280 2220 lis,
294 2166 381 2228 quae
398 2146 536 2229 quidem
553 2155 606 2210 est
625 2167 644 2209 a
664 2146 748 2222 sole,
766 2146 828 2210 sed
848 2156 966 2210 tamen
983 2146 1066 2209 solis
1082 2149 1247 2220 essentia,
1265 2166 1353 2229 quae

227 2247 281 2302 est
302 2239 406 2314 calor,
428 2258 497 2302 non
517 2248 571 2303 est
591 2239 624 2302 in
644 2238 714 2302 illa.

228 2472 341 2556 Quor)
371 2487 636 2553 unusou1soua
667 2487 847 2553 sammua,
879 2487 1172 2552 Quncrscunous
1202 2488 1272 2550 s1r,
1297 2489 1351 2540 nn

291 2581 458 2634 anonam
478 2584 580 2636 suuu
599 2584 842 2635 nsonaurau
861 2583 1061 2635 s1u1n1run
1080 2584 1123 2636 sa
1142 2584 1306 2634 vanans.

290 2753 388 2822 14⁰.
419 2735 511 2820 Quid
533 2738 673 2821 spiritus
697 2746 732 2800 et
764 2737 844 2818 quid
868 2735 1013 2817 angelus
1037 2737 1182 2818 primum
1206 2735 1350 2798 dicetur.

227 2829 347 2897 Omnis
367 2834 471 2897 homo
491 2842 571 2916 post
587 2843 736 2897 mortem
756 2834 900 2915 primum
924 2834 957 2894 in
977 2833 1140 2895 mundum
1160 2833 1349 2914 spirituum,

225 2927 282 3008 qui
300 2935 354 2989 est
375 2925 506 2990 medius
526 2927 616 2990 inter
635 2925 770 2989 caelum
788 2936 824 2989 et
844 2925 1011 2989 infernum
1031 2926 1137 2998 venit,
1156 2933 1191 2988 et
1210 2925 1256 2986 ibi
1276 2924 1350 3006 agit

225 3039 285 3081 sua
309 3028 467 3101 tempora
494 3040 553 3082 seu
580 3039 660 3082 suos
689 3027 812 3091 status,
833 3027 869 3081 et
900 3018 1087 3081 secundum
1114 3017 1222 3079 vitam
1253 3036 1350 3080 suam

226 3123 450 3193 praeparatur
468 3110 524 3174 vel
543 3111 587 3174 ad
607 3111 739 3174 caelum
760 3111 815 3175 vel
835 3111 879 3174 ad
898 3110 1076 3173 infernum.
1124 3107 1297 3190 Quamdiu
1315 3111 1349 3172 in

225 3207 286 3271 illo
317 3207 446 3270 mundo
470 3217 633 3283 moratur,
658 3218 803 3270 vocatur
832 3206 890 3270 ille
920 3207 1070 3289 spiritus.
1116 3203 1183 3286 Qui
1214 3226 1259 3268 ex
1289 3205 1351 3268 illo

225 3301 353 3363 mundo
373 3299 530 3378 elevatus
555 3311 608 3363 est
632 3301 665 3362 in
690 3299 835 3375 caelum,
855 3298 914 3362 ille
938 3308 1084 3361 vocatur
1102 3297 1269 3379 angelus3
1293 3298 1349 3380 qui

224 3403 339 3456 autem
360 3390 513 3472 dejedtus
533 3402 586 3456 est
610 3393 643 3455 in
667 3392 846 3465 infernum,
867 3401 1012 3455 vocatur
1031 3401 1172 3454 satanas
1196 3389 1251 3454 vel
1275 3391 1350 3453 dia·

224 3484 332 3547 bolus.
380 3483 553 3567 Quamdiu
572 3486 675 3549 iidem
694 3487 727 3548 in
748 3485 876 3548 mundo
895 3485 1074 3566 spirituum
1094 3493 1185 3558 sunt,
1205 3493 1351 3547 vocatur

224 3577 281 3640 ille
304 3579 359 3659 qui
385 3589 610 3661 praeparatur
633 3579 676 3641 ad
701 3577 834 3641 caelum
859 3577 998 3660 spiritus
1022 3576 1210 3659 angelicus,
1231 3586 1266 3640 et
1293 3576 1349 3658 qui

224 3671 267 3731 ad
291 3671 458 3733 infernum
479 3673 616 3754 spiritus
636 3670 829 3734 infernalis:
861 3671 998 3752 spiritus
1021 3669 1199 3752 angelicus
1218 3671 1350 3733 interea

224 3761 424 3843 conjundtus
438 3774 490 3826 est
508 3785 584 3828 cum
599 3764 707 3838 caelo,
722 3784 761 3827 ac
779 3765 917 3846 spiritus
930 3762 1102 3826 infernalis
1116 3781 1193 3826 cum
1206 3762 1348 3826 inferno.

225 3851 354 3918 Omnes
372 3857 521 3938 spiritus,
536 3858 591 3939 qui
608 3858 641 3918 in
661 3857 790 3920 mundo
800 3857 980 3938 spirituum
1000 3865 1089 3930 sunt,
1104 3851 1254 3936 adjundti
1270 3863 1350 3917 sunt

226 3949 429 4021 hominibus,
443 3951 522 4031 quia
541 3950 698 4012 homines
714 3950 826 4032 quoad
844 3951 1007 4012 interiora
1020 3950 1145 4012 mentis
1162 3969 1242 4011 suae
1256 3948 1348 4009 simi·

226 4041 303 4103 liter
324 4042 415 4104 inter
439 4041 572 4105 caelum
596 4052 632 4105 et
662 4042 829 4128 infernum
853 4052 944 4114 sunt,
965 4052 1001 4104 et
1025 4061 1084 4123 per
1108 4041 1246 4122 spiritus
1270 4039 1349 4102 illos

225 4135 481 4198 communicant
498 4154 575 4197 curn
588 4133 687 4197 caelo
704 4134 757 4198 vel
775 4154 852 4197 cum
868 4133 1009 4207 inferno,
1025 4134 1213 4196 secundum
1230 4134 1347 4194 vitam.

225 4223 408 4288 Sciendum
432 4236 497 4297 est,
522 4226 612 4309 quod
637 4227 729 4289 aliud
752 4229 797 4290 sit
821 4226 963 4288 mundus
986 4225 1168 4306 spirituum
1191 4234 1228 4288 et
1255 4224 1348 4288 aliud

225 4317 367 4381 mundus
378 4317 573 4398 spiritualis
582 4341 597 4393 ,·
620 4320 767 4382 mundus
781 4321 959 4401 spirituum
972 4330 1025 4382 est
1044 4318 1103 4381 ille
1118 4319 1162 4381 de
1178 4339 1246 4402 quo
1259 4337 1348 4380 nunc

225 4407 351 4472 dictum
372 4420 446 4486 est;
468 4411 615 4474 mundus
634 4422 750 4475 autem
770 4410 957 4494 spiritualis
975 4423 1029 4475 est
1054 4413 1086 4474 in
1107 4410 1293 4493 complexu
1313 4419 1349 4473 et

224 4500 282 4563 ille
302 4503 449 4565 mundus
469 4513 504 4566 et
523 4503 658 4567 caelum
678 4514 714 4567 et
733 4504 910 4567 infernum.

289 4611 381 4678 141.
412 4599 555 4662 Dicetur
578 4600 684 4663 etiam
708 4599 834 4682 aliquid
859 4599 902 4661 de
926 4600 1108 4674 amoribus,
1134 4601 1211 4681 quia
1235 4601 1348 4681 agitur

225 4688 268 4752 de
288 4693 514 4757 conversione
532 4691 734 4775 angelorum
758 4701 794 4756 et
817 4693 996 4774 spirituum
1019 4712 1065 4755 ex
1089 4693 1158 4755 suis
1177 4693 1348 4755 amoribus
