<?xml version="1.0" encoding="UTF-8"?>
<!DOCTYPE html PUBLIC "-//W3C//DTD XHTML 1.0 Transitional//EN"
    "http://www.w3.org/TR/xhtml1/DTD/xhtml1-transitional.dtd">
<html xmlns="http://www.w3.org/1999/xhtml" xml:lang="en" lang="en">
 <head>
  <title>
</title>
<meta http-equiv="Content-Type" content="text/html;charset=utf-8" />
  <meta name='ocr-system' content='tesseract 3.04.00' />
  <meta name='ocr-capabilities' content='ocr_page ocr_carea ocr_par ocr_line ocrx_word'/>
</head>
<body>
  <div class='ocr_page' id='page_1' title='image "./sapientaangelic01swedgoog_0475.png"; bbox 0 0 3422 5380; ppageno 0'>
   <div class='ocr_carea' id='block_1_1' title="bbox 298 647 1077 712">
    <p class='ocr_par' dir='ltr' id='par_1_1' title="bbox 298 647 1077 712">
     <span class='ocr_line' id='line_1_1' title="bbox 298 647 1077 712; baseline -0.003 -1"><span class='ocrx_word' id='word_1_1' title='bbox 298 647 363 712; x_wconf 87' lang='lat'>226</span> <span class='ocrx_word' id='word_1_2' title='bbox 652 654 860 708; x_wconf 69' lang='lat' dir='ltr'>sacreum</span> <span class='ocrx_word' id='word_1_3' title='bbox 883 656 1077 709; x_wconf 77' lang='lat' dir='ltr'>anoamcn</span> 
     </span>
    </p>
   </div>
   <div class='ocr_carea' id='block_1_2' title="bbox 292 827 1432 1204">
    <p class='ocr_par' dir='ltr' id='par_1_2' title="bbox 292 827 1432 1204">
     <span class='ocr_line' id='line_1_2' title="bbox 294 827 1432 919; baseline 0.004 -24"><span class='ocrx_word' id='word_1_4' title='bbox 294 841 335 898; x_wconf 88' lang='lat' dir='ltr'>ut</span> <span class='ocrx_word' id='word_1_5' title='bbox 355 829 467 915; x_wconf 81' lang='lat' dir='ltr'>possit</span> <span class='ocrx_word' id='word_1_6' title='bbox 487 829 531 894; x_wconf 89' lang='lat' dir='ltr'>ab</span> <span class='ocrx_word' id='word_1_7' title='bbox 549 851 618 894; x_wconf 90' lang='lat' dir='ltr'>una</span> <span class='ocrx_word' id='word_1_8' title='bbox 640 827 822 895; x_wconf 66' lang='lat' dir='ltr'>affectione</span> <span class='ocrx_word' id='word_1_9' title='bbox 841 829 875 894; x_wconf 89' lang='lat' dir='ltr'>in</span> <span class='ocrx_word' id='word_1_10' title='bbox 895 829 1041 894; x_wconf 90' lang='lat' dir='ltr'>alteram</span> <span class='ocrx_word' id='word_1_11' title='bbox 1062 831 1190 910; x_wconf 91' lang='lat' dir='ltr'>venire,</span> <span class='ocrx_word' id='word_1_12' title='bbox 1211 843 1248 898; x_wconf 91' lang='lat' dir='ltr'>et</span> <span class='ocrx_word' id='word_1_13' title='bbox 1272 833 1432 919; x_wconf 87' lang='lat' dir='ltr'>quando·</span> 
     </span>
     <span class='ocr_line' id='line_1_3' title="bbox 293 926 1432 1010; baseline 0.004 -20"><span class='ocrx_word' id='word_1_14' title='bbox 293 927 415 1010; x_wconf 90' lang='lat' dir='ltr'>quein</span> <span class='ocrx_word' id='word_1_15' title='bbox 434 926 644 1009; x_wconf 89' lang='lat' dir='ltr'>oppositam,</span> <span class='ocrx_word' id='word_1_16' title='bbox 664 936 700 990; x_wconf 85' lang='lat' dir='ltr'>et</span> <span class='ocrx_word' id='word_1_17' title='bbox 719 927 767 990; x_wconf 92' lang='lat' dir='ltr'>sic</span> <span class='ocrx_word' id='word_1_18' title='bbox 788 926 833 990; x_wconf 84' lang='lat' dir='ltr'>ab</span> <span class='ocrx_word' id='word_1_19' title='bbox 850 946 920 989; x_wconf 92' lang='lat' dir='ltr'>uno</span> <span class='ocrx_word' id='word_1_20' title='bbox 939 927 1054 990; x_wconf 89' lang='lat' dir='ltr'>medio</span> <span class='ocrx_word' id='word_1_21' title='bbox 1072 926 1108 991; x_wconf 92' lang='lat' dir='ltr'>in</span> <span class='ocrx_word' id='word_1_22' title='bbox 1127 926 1297 1009; x_wconf 78' lang='lat' dir='ltr'>alterum3</span> <span class='ocrx_word' id='word_1_23' title='bbox 1325 927 1432 994; x_wconf 83' lang='lat' dir='ltr'>assec-</span> 
     </span>
     <span class='ocr_line' id='line_1_4' title="bbox 293 1019 1430 1100; baseline 0.004 -15"><span class='ocrx_word' id='word_1_24' title='bbox 293 1021 347 1085; x_wconf 92' lang='lat' dir='ltr'>tio</span> <span class='ocrx_word' id='word_1_25' title='bbox 365 1019 516 1084; x_wconf 90' lang='lat' dir='ltr'>hominis</span> <span class='ocrx_word' id='word_1_26' title='bbox 538 1020 621 1085; x_wconf 86' lang='lat' dir='ltr'>iacit</span> <span class='ocrx_word' id='word_1_27' title='bbox 645 1022 796 1085; x_wconf 90' lang='lat' dir='ltr'>medium</span> <span class='ocrx_word' id='word_1_28' title='bbox 816 1020 898 1085; x_wconf 90' lang='lat' dir='ltr'>dum</span> <span class='ocrx_word' id='word_1_29' title='bbox 921 1021 955 1085; x_wconf 93' lang='lat' dir='ltr'>in</span> <span class='ocrx_word' id='word_1_30' title='bbox 979 1020 1039 1085; x_wconf 89' lang='lat' dir='ltr'>illa</span> <span class='ocrx_word' id='word_1_31' title='bbox 1062 1032 1128 1100; x_wconf 88' lang='lat' dir='ltr'>est,</span> <span class='ocrx_word' id='word_1_32' title='bbox 1149 1033 1204 1090; x_wconf 89' lang='lat' dir='ltr'>est</span> <span class='ocrx_word' id='word_1_33' title='bbox 1227 1025 1321 1088; x_wconf 91' lang='lat' dir='ltr'>enim</span> <span class='ocrx_word' id='word_1_34' title='bbox 1345 1034 1430 1089; x_wconf 90' lang='lat' dir='ltr'>tunc</span> 
     </span>
     <span class='ocr_line' id='line_1_5' title="bbox 292 1115 1430 1204; baseline 0.004 -24"><span class='ocrx_word' id='word_1_35' title='bbox 292 1117 330 1181; x_wconf 89' lang='lat' dir='ltr'>in</span> <span class='ocrx_word' id='word_1_36' title='bbox 345 1115 498 1200; x_wconf 89' lang='lat' dir='ltr'>jucundo</span> <span class='ocrx_word' id='word_1_37' title='bbox 514 1115 586 1200; x_wconf 87' lang='lat' dir='ltr'>ejus</span> <span class='ocrx_word' id='word_1_38' title='bbox 601 1126 638 1182; x_wconf 93' lang='lat' dir='ltr'>et</span> <span class='ocrx_word' id='word_1_39' title='bbox 656 1117 690 1181; x_wconf 89' lang='lat' dir='ltr'>in</span> <span class='ocrx_word' id='word_1_40' title='bbox 708 1118 784 1181; x_wconf 90' lang='lat' dir='ltr'>luce</span> <span class='ocrx_word' id='word_1_41' title='bbox 799 1116 883 1200; x_wconf 90' lang='lat' dir='ltr'>ejus.</span> <span class='ocrx_word' id='word_1_42' title='bbox 922 1123 980 1185; x_wconf 80' lang='grc'><strong>[3.]</strong></span> <span class='ocrx_word' id='word_1_43' title='bbox 1010 1117 1098 1184; x_wconf 85' lang='lat' dir='ltr'>Sunt</span> <span class='ocrx_word' id='word_1_44' title='bbox 1113 1121 1253 1204; x_wconf 89' lang='lat' dir='ltr'>quidam</span> <span class='ocrx_word' id='word_1_45' title='bbox 1270 1119 1430 1186; x_wconf 88' lang='lat' dir='ltr'>homines</span> 
     </span>
    </p>
   </div>
   <div class='ocr_carea' id='block_1_3' title="bbox 290 1211 1429 1966">
    <p class='ocr_par' dir='ltr' id='par_1_3' title="bbox 290 1211 1429 1966">
     <span class='ocr_line' id='line_1_6' title="bbox 293 1211 1429 1299; baseline 0.003 -23"><span class='ocrx_word' id='word_1_46' title='bbox 293 1223 377 1296; x_wconf 92' lang='lat' dir='ltr'>post</span> <span class='ocrx_word' id='word_1_47' title='bbox 400 1223 561 1289; x_wconf 90' lang='lat' dir='ltr'>mortem,</span> <span class='ocrx_word' id='word_1_48' title='bbox 585 1213 642 1298; x_wconf 93' lang='lat' dir='ltr'>qui</span> <span class='ocrx_word' id='word_1_49' title='bbox 674 1234 695 1277; x_wconf 90' lang='lat' dir='ltr'>a</span> <span class='ocrx_word' id='word_1_50' title='bbox 725 1212 877 1277; x_wconf 94' lang='lat' dir='ltr'>Domino</span> <span class='ocrx_word' id='word_1_51' title='bbox 904 1213 938 1276; x_wconf 89' lang='lat' dir='ltr'>in</span> <span class='ocrx_word' id='word_1_52' title='bbox 966 1211 1101 1277; x_wconf 88' lang='lat' dir='ltr'>caelum</span> <span class='ocrx_word' id='word_1_53' title='bbox 1131 1213 1325 1292; x_wconf 87' lang='lat' dir='ltr'><strong>elevantur,</strong></span> <span class='ocrx_word' id='word_1_54' title='bbox 1349 1217 1429 1299; x_wconf 91' lang='lat' dir='ltr'>quia</span> 
     </span>
     <span class='ocr_line' id='line_1_7' title="bbox 292 1307 1428 1394; baseline -0.001 -20"><span class='ocrx_word' id='word_1_55' title='bbox 292 1308 385 1374; x_wconf 88' lang='lat' dir='ltr'>bene</span> <span class='ocrx_word' id='word_1_56' title='bbox 415 1308 590 1385; x_wconf 85' lang='lat' dir='ltr'>vixerunt,</span> <span class='ocrx_word' id='word_1_57' title='bbox 619 1309 681 1372; x_wconf 89' lang='lat' dir='ltr'>sed</span> <span class='ocrx_word' id='word_1_58' title='bbox 715 1329 821 1392; x_wconf 90' lang='lat' dir='ltr'>usque</span> <span class='ocrx_word' id='word_1_59' title='bbox 855 1326 972 1372; x_wconf 89' lang='lat' dir='ltr'>secum</span> <span class='ocrx_word' id='word_1_60' title='bbox 1004 1307 1160 1373; x_wconf 88' lang='lat' dir='ltr'>tulerunt</span> <span class='ocrx_word' id='word_1_61' title='bbox 1190 1308 1307 1387; x_wconf 85' lang='lat' dir='ltr'>iidem,</span> <span class='ocrx_word' id='word_1_62' title='bbox 1335 1311 1428 1394; x_wconf 93' lang='lat' dir='ltr'>quod</span> 
     </span>
     <span class='ocr_line' id='line_1_8' title="bbox 292 1403 1428 1490; baseline 0 -22"><span class='ocrx_word' id='word_1_63' title='bbox 292 1403 414 1468; x_wconf 87' lang='lat' dir='ltr'>mundi</span> <span class='ocrx_word' id='word_1_64' title='bbox 433 1412 470 1469; x_wconf 93' lang='lat' dir='ltr'>et</span> <span class='ocrx_word' id='word_1_65' title='bbox 489 1405 563 1490; x_wconf 89' lang='lat' dir='ltr'>puri</span> <span class='ocrx_word' id='word_1_66' title='bbox 582 1403 652 1468; x_wconf 91' lang='lat' dir='ltr'>sint</span> <span class='ocrx_word' id='word_1_67' title='bbox 671 1425 693 1468; x_wconf 89' lang='lat' dir='ltr'>a</span> <span class='ocrx_word' id='word_1_68' title='bbox 710 1403 876 1489; x_wconf 89' lang='lat' dir='ltr'>peccatis,</span> <span class='ocrx_word' id='word_1_69' title='bbox 897 1413 934 1468; x_wconf 91' lang='lat' dir='ltr'>et</span> <span class='ocrx_word' id='word_1_70' title='bbox 957 1405 1050 1486; x_wconf 90' lang='lat' dir='ltr'>quod</span> <span class='ocrx_word' id='word_1_71' title='bbox 1069 1404 1150 1470; x_wconf 86' lang='lat' dir='ltr'>ideo</span> <span class='ocrx_word' id='word_1_72' title='bbox 1168 1425 1240 1469; x_wconf 92' lang='lat' dir='ltr'>non</span> <span class='ocrx_word' id='word_1_73' title='bbox 1258 1406 1292 1469; x_wconf 91' lang='lat' dir='ltr'>in</span> <span class='ocrx_word' id='word_1_74' title='bbox 1311 1405 1428 1489; x_wconf 90' lang='lat' dir='ltr'>aliquo</span> 
     </span>
     <span class='ocr_line' id='line_1_9' title="bbox 292 1499 1428 1584; baseline -0.001 -18"><span class='ocrx_word' id='word_1_75' title='bbox 292 1510 394 1566; x_wconf 86' lang='lat' dir='ltr'>reatu</span> <span class='ocrx_word' id='word_1_76' title='bbox 408 1501 489 1565; x_wconf 89' lang='lat' dir='ltr'>sint.</span> <span class='ocrx_word' id='word_1_77' title='bbox 531 1499 577 1564; x_wconf 90' lang='lat' dir='ltr'>Hi</span> <span class='ocrx_word' id='word_1_78' title='bbox 594 1501 740 1584; x_wconf 89' lang='lat' dir='ltr'>primum</span> <span class='ocrx_word' id='word_1_79' title='bbox 757 1501 946 1564; x_wconf 89' lang='lat' dir='ltr'>induuntur</span> <span class='ocrx_word' id='word_1_80' title='bbox 960 1501 1117 1567; x_wconf 87' lang='lat' dir='ltr'>vestibus</span> <span class='ocrx_word' id='word_1_81' title='bbox 1132 1501 1221 1567; x_wconf 90' lang='lat' dir='ltr'>albis</span> <span class='ocrx_word' id='word_1_82' title='bbox 1237 1504 1428 1566; x_wconf 90' lang='lat' dir='ltr'>secundum</span> 
     </span>
     <span class='ocr_line' id='line_1_10' title="bbox 291 1593 1426 1680; baseline 0 -21"><span class='ocrx_word' id='word_1_83' title='bbox 291 1593 398 1660; x_wconf 86' lang='lat' dir='ltr'>fidem</span> <span class='ocrx_word' id='word_1_84' title='bbox 417 1615 547 1672; x_wconf 89' lang='lat' dir='ltr'>eorum,</span> <span class='ocrx_word' id='word_1_85' title='bbox 567 1606 686 1661; x_wconf 87' lang='lat' dir='ltr'>vestes</span> <span class='ocrx_word' id='word_1_86' title='bbox 704 1595 805 1660; x_wconf 83' lang='lat' dir='ltr'>albae</span> <span class='ocrx_word' id='word_1_87' title='bbox 824 1598 916 1661; x_wconf 90' lang='lat' dir='ltr'>enim</span> <span class='ocrx_word' id='word_1_88' title='bbox 935 1595 1132 1677; x_wconf 86' lang='lat' dir='ltr'>significant</span> <span class='ocrx_word' id='word_1_89' title='bbox 1155 1607 1287 1662; x_wconf 89' lang='lat' dir='ltr'>statum</span> <span class='ocrx_word' id='word_1_90' title='bbox 1311 1597 1426 1680; x_wconf 86' lang='lat' dir='ltr'>purifi·</span> 
     </span>
     <span class='ocr_line' id='line_1_11' title="bbox 290 1692 1426 1777; baseline -0.003 -19"><span class='ocrx_word' id='word_1_91' title='bbox 290 1701 412 1758; x_wconf 85' lang='lat' dir='ltr'>catum</span> <span class='ocrx_word' id='word_1_92' title='bbox 443 1714 464 1757; x_wconf 89' lang='lat' dir='ltr'>a</span> <span class='ocrx_word' id='word_1_93' title='bbox 494 1692 615 1774; x_wconf 88' lang='lat' dir='ltr'>malis;</span> <span class='ocrx_word' id='word_1_94' title='bbox 653 1693 715 1758; x_wconf 89' lang='lat' dir='ltr'>sed</span> <span class='ocrx_word' id='word_1_95' title='bbox 746 1703 873 1777; x_wconf 90' lang='lat' dir='ltr'>postea</span> <span class='ocrx_word' id='word_1_96' title='bbox 901 1693 1068 1775; x_wconf 91' lang='lat' dir='ltr'>incipiunt</span> <span class='ocrx_word' id='word_1_97' title='bbox 1097 1693 1253 1776; x_wconf 85' lang='lat' dir='ltr'>cogitare</span> <span class='ocrx_word' id='word_1_98' title='bbox 1277 1693 1367 1756; x_wconf 90' lang='lat' dir='ltr'>sicut</span> <span class='ocrx_word' id='word_1_99' title='bbox 1392 1694 1426 1756; x_wconf 89' lang='lat' dir='ltr'>in</span> 
     </span>
     <span class='ocr_line' id='line_1_12' title="bbox 291 1787 1427 1873; baseline 0 -21"><span class='ocrx_word' id='word_1_100' title='bbox 291 1787 436 1864; x_wconf 89' lang='lat' dir='ltr'>mundo,</span> <span class='ocrx_word' id='word_1_101' title='bbox 460 1787 553 1873; x_wconf 88' lang='lat' dir='ltr'>quod</span> <span class='ocrx_word' id='word_1_102' title='bbox 584 1787 630 1853; x_wconf 90' lang='lat' dir='ltr'>ab</span> <span class='ocrx_word' id='word_1_103' title='bbox 659 1789 754 1853; x_wconf 92' lang='lat' dir='ltr'>omni</span> <span class='ocrx_word' id='word_1_104' title='bbox 782 1787 875 1852; x_wconf 86' lang='lat' dir='ltr'>malo</span> <span class='ocrx_word' id='word_1_105' title='bbox 905 1789 994 1852; x_wconf 91' lang='lat' dir='ltr'>sicut</span> <span class='ocrx_word' id='word_1_106' title='bbox 1026 1787 1135 1853; x_wconf 86' lang='lat' dir='ltr'>abluti</span> <span class='ocrx_word' id='word_1_107' title='bbox 1165 1791 1247 1864; x_wconf 91' lang='lat' dir='ltr'>sint,</span> <span class='ocrx_word' id='word_1_108' title='bbox 1275 1797 1312 1853; x_wconf 90' lang='lat' dir='ltr'>et</span> <span class='ocrx_word' id='word_1_109' title='bbox 1344 1788 1427 1852; x_wconf 90' lang='lat' dir='ltr'>inde</span> 
     </span>
     <span class='ocr_line' id='line_1_13' title="bbox 291 1882 1426 1966; baseline -0.001 -20"><span class='ocrx_word' id='word_1_110' title='bbox 291 1883 434 1966; x_wconf 84' lang='lat' dir='ltr'>gloriari</span> <span class='ocrx_word' id='word_1_111' title='bbox 450 1883 542 1965; x_wconf 90' lang='lat' dir='ltr'>quod</span> <span class='ocrx_word' id='word_1_112' title='bbox 559 1893 630 1947; x_wconf 87' lang='lat' dir='ltr'>non</span> <span class='ocrx_word' id='word_1_113' title='bbox 649 1882 796 1966; x_wconf 91' lang='lat' dir='ltr'>amplius</span> <span class='ocrx_word' id='word_1_114' title='bbox 813 1893 1019 1965; x_wconf 85' lang='lat' dir='ltr'>peccatores</span> <span class='ocrx_word' id='word_1_115' title='bbox 1035 1883 1106 1949; x_wconf 91' lang='lat' dir='ltr'>sint</span> <span class='ocrx_word' id='word_1_116' title='bbox 1122 1883 1210 1946; x_wconf 89' lang='lat' dir='ltr'>sicut</span> <span class='ocrx_word' id='word_1_117' title='bbox 1230 1882 1309 1961; x_wconf 90' lang='lat' dir='ltr'>alii;</span> <span class='ocrx_word' id='word_1_118' title='bbox 1333 1882 1426 1966; x_wconf 94' lang='lat' dir='ltr'>quod</span> 
     </span>
    </p>
   </div>
   <div class='ocr_carea' id='block_1_4' title="bbox 200 1975 1425 2062">
    <p class='ocr_par' dir='ltr' id='par_1_4' title="bbox 200 1975 1425 2062">
     <span class='ocr_line' id='line_1_14' title="bbox 200 1975 1425 2062; baseline -0.002 -20"><span class='ocrx_word' id='word_1_119' title='bbox 200 1975 212 2042; x_wconf 84' lang='grc'>“.</span> <span class='ocrx_word' id='word_1_120' title='bbox 291 1998 399 2060; x_wconf 86' lang='lat' dir='ltr'>aegre</span> <span class='ocrx_word' id='word_1_121' title='bbox 417 1987 536 2061; x_wconf 89' lang='lat' dir='ltr'>potest</span> <span class='ocrx_word' id='word_1_122' title='bbox 555 1979 706 2060; x_wconf 87' lang='lat' dir='ltr'>separari</span> <span class='ocrx_word' id='word_1_123' title='bbox 726 1978 915 2062; x_wconf 79' lang='lat' dir='ltr'>aquodam</span> <span class='ocrx_word' id='word_1_124' title='bbox 934 1978 1085 2042; x_wconf 88' lang='lat' dir='ltr'>elatione</span> <span class='ocrx_word' id='word_1_125' title='bbox 1109 1979 1225 2053; x_wconf 91' lang='lat' dir='ltr'>animi,</span> <span class='ocrx_word' id='word_1_126' title='bbox 1246 1987 1283 2041; x_wconf 91' lang='lat' dir='ltr'>et</span> <span class='ocrx_word' id='word_1_127' title='bbox 1302 1997 1322 2040; x_wconf 89' lang='lat' dir='ltr'>a</span> <span class='ocrx_word' id='word_1_128' title='bbox 1340 1998 1425 2060; x_wconf 87' lang='lat' dir='ltr'>quo-</span> 
     </span>
    </p>
   </div>
   <div class='ocr_carea' id='block_1_5' title="bbox 287 2071 1429 4732">
    <p class='ocr_par' dir='ltr' id='par_1_5' title="bbox 287 2071 1429 4732">
     <span class='ocr_line' id='line_1_15' title="bbox 291 2071 1427 2157; baseline -0.001 -21"><span class='ocrx_word' id='word_1_129' title='bbox 291 2073 375 2137; x_wconf 89' lang='lat' dir='ltr'>dam</span> <span class='ocrx_word' id='word_1_130' title='bbox 394 2083 601 2156; x_wconf 90' lang='lat' dir='ltr'>contemptu</span> <span class='ocrx_word' id='word_1_131' title='bbox 621 2075 766 2138; x_wconf 91' lang='lat' dir='ltr'>aliorum</span> <span class='ocrx_word' id='word_1_132' title='bbox 785 2095 867 2157; x_wconf 89' lang='lat' dir='ltr'>prae</span> <span class='ocrx_word' id='word_1_133' title='bbox 886 2095 944 2153; x_wconf 89' lang='lat' dir='ltr'>se;</span> <span class='ocrx_word' id='word_1_134' title='bbox 969 2074 1049 2137; x_wconf 88' lang='lat' dir='ltr'>ideo</span> <span class='ocrx_word' id='word_1_135' title='bbox 1067 2083 1162 2148; x_wconf 91' lang='lat' dir='ltr'>tunc,</span> <span class='ocrx_word' id='word_1_136' title='bbox 1183 2085 1221 2138; x_wconf 90' lang='lat' dir='ltr'>ut</span> <span class='ocrx_word' id='word_1_137' title='bbox 1240 2094 1261 2138; x_wconf 88' lang='lat' dir='ltr'>a</span> <span class='ocrx_word' id='word_1_138' title='bbox 1279 2071 1347 2136; x_wconf 88' lang='lat' dir='ltr'>fide</span> <span class='ocrx_word' id='word_1_139' title='bbox 1365 2094 1427 2136; x_wconf 88' lang='lat' dir='ltr'>sua</span> 
     </span>
     <span class='ocr_line' id='line_1_16' title="bbox 290 2169 1423 2252; baseline -0.002 -18"><span class='ocrx_word' id='word_1_140' title='bbox 290 2169 498 2252; x_wconf 82' lang='lat' dir='ltr'>imaginaria</span> <span class='ocrx_word' id='word_1_141' title='bbox 517 2179 772 2244; x_wconf 85' lang='lat' dir='ltr'>removeantur,</span> <span class='ocrx_word' id='word_1_142' title='bbox 790 2169 999 2252; x_wconf 87' lang='lat' dir='ltr'>delegantur</span> <span class='ocrx_word' id='word_1_143' title='bbox 1017 2189 1037 2233; x_wconf 90' lang='lat' dir='ltr'>a</span> <span class='ocrx_word' id='word_1_144' title='bbox 1056 2169 1166 2245; x_wconf 90' lang='lat' dir='ltr'>caelo,</span> <span class='ocrx_word' id='word_1_145' title='bbox 1186 2179 1222 2234; x_wconf 90' lang='lat' dir='ltr'>et</span> <span class='ocrx_word' id='word_1_146' title='bbox 1241 2171 1423 2234; x_wconf 87' lang='lat' dir='ltr'>remittun-</span> 
     </span>
     <span class='ocr_line' id='line_1_17' title="bbox 290 2264 1425 2348; baseline -0.002 -20"><span class='ocrx_word' id='word_1_147' title='bbox 290 2266 405 2328; x_wconf 91' lang='lat' dir='ltr'>turin</span> <span class='ocrx_word' id='word_1_148' title='bbox 435 2285 497 2328; x_wconf 89' lang='lat' dir='ltr'>sua</span> <span class='ocrx_word' id='word_1_149' title='bbox 520 2264 625 2341; x_wconf 86' lang='lat' dir='ltr'>mala,</span> <span class='ocrx_word' id='word_1_150' title='bbox 649 2264 791 2348; x_wconf 91' lang='lat' dir='ltr'>quaein</span> <span class='ocrx_word' id='word_1_151' title='bbox 815 2265 945 2328; x_wconf 91' lang='lat' dir='ltr'>mundo</span> <span class='ocrx_word' id='word_1_152' title='bbox 967 2273 1231 2340; x_wconf 85' lang='lat' dir='ltr'>contraxerunt,</span> <span class='ocrx_word' id='word_1_153' title='bbox 1257 2272 1294 2329; x_wconf 89' lang='lat' dir='ltr'>et</span> <span class='ocrx_word' id='word_1_154' title='bbox 1324 2264 1425 2328; x_wconf 90' lang='lat' dir='ltr'>simul</span> 
     </span>
     <span class='ocr_line' id='line_1_18' title="bbox 291 2358 1425 2444; baseline -0.002 -20"><span class='ocrx_word' id='word_1_155' title='bbox 291 2369 511 2424; x_wconf 88' lang='lat' dir='ltr'>monstratur</span> <span class='ocrx_word' id='word_1_156' title='bbox 528 2360 608 2437; x_wconf 88' lang='lat' dir='ltr'>illis,</span> <span class='ocrx_word' id='word_1_157' title='bbox 625 2359 719 2444; x_wconf 91' lang='lat' dir='ltr'>quod</span> <span class='ocrx_word' id='word_1_158' title='bbox 742 2361 846 2424; x_wconf 89' lang='lat' dir='ltr'>etiam</span> <span class='ocrx_word' id='word_1_159' title='bbox 865 2359 935 2422; x_wconf 87' lang='lat' dir='ltr'>sint</span> <span class='ocrx_word' id='word_1_160' title='bbox 958 2359 992 2422; x_wconf 96' lang='lat' dir='ltr'>in</span> <span class='ocrx_word' id='word_1_161' title='bbox 1016 2360 1116 2423; x_wconf 90' lang='lat' dir='ltr'>malis</span> <span class='ocrx_word' id='word_1_162' title='bbox 1134 2358 1362 2436; x_wconf 84' lang='lat' dir='ltr'>hereditariis,</span> <span class='ocrx_word' id='word_1_163' title='bbox 1382 2360 1425 2422; x_wconf 92' lang='lat' dir='ltr'>de</span> 
     </span>
     <span class='ocr_line' id='line_1_19' title="bbox 290 2451 1424 2538; baseline -0.002 -20"><span class='ocrx_word' id='word_1_164' title='bbox 290 2455 416 2538; x_wconf 89' lang='lat' dir='ltr'>quibus</span> <span class='ocrx_word' id='word_1_165' title='bbox 436 2475 505 2518; x_wconf 92' lang='lat' dir='ltr'>non</span> <span class='ocrx_word' id='word_1_166' title='bbox 526 2457 618 2538; x_wconf 90' lang='lat' dir='ltr'>prius</span> <span class='ocrx_word' id='word_1_167' title='bbox 638 2456 831 2519; x_wconf 87' lang='lat' dir='ltr'>sciverunt:</span> <span class='ocrx_word' id='word_1_168' title='bbox 863 2461 900 2518; x_wconf 92' lang='lat' dir='ltr'>et</span> <span class='ocrx_word' id='word_1_169' title='bbox 920 2465 1105 2536; x_wconf 89' lang='lat' dir='ltr'>postquam</span> <span class='ocrx_word' id='word_1_170' title='bbox 1124 2455 1173 2518; x_wconf 90' lang='lat' dir='ltr'>sic</span> <span class='ocrx_word' id='word_1_171' title='bbox 1193 2451 1262 2518; x_wconf 71' lang='lat' dir='ltr'>aar</span> <span class='ocrx_word' id='word_1_172' title='bbox 1280 2463 1360 2517; x_wconf 90' lang='lat' dir='ltr'>sunt</span> <span class='ocrx_word' id='word_1_173' title='bbox 1381 2454 1424 2517; x_wconf 89' lang='lat' dir='ltr'>ad</span> 
     </span>
     <span class='ocr_line' id='line_1_20' title="bbox 291 2548 1422 2634; baseline -0.001 -21"><span class='ocrx_word' id='word_1_174' title='bbox 291 2550 565 2632; x_wconf 86' lang='lat' dir='ltr'>agnoscendum,</span> <span class='ocrx_word' id='word_1_175' title='bbox 584 2551 676 2634; x_wconf 92' lang='lat' dir='ltr'>quod</span> <span class='ocrx_word' id='word_1_176' title='bbox 692 2548 785 2613; x_wconf 89' lang='lat' dir='ltr'>mala</span> <span class='ocrx_word' id='word_1_177' title='bbox 800 2569 919 2612; x_wconf 88' lang='lat' dir='ltr'>eorum</span> <span class='ocrx_word' id='word_1_178' title='bbox 936 2570 1005 2611; x_wconf 92' lang='lat' dir='ltr'>non</span> <span class='ocrx_word' id='word_1_179' title='bbox 1023 2551 1091 2613; x_wconf 85' lang='lat' dir='ltr'>sint</span> <span class='ocrx_word' id='word_1_180' title='bbox 1107 2549 1231 2613; x_wconf 90' lang='lat' dir='ltr'>abillis</span> <span class='ocrx_word' id='word_1_181' title='bbox 1248 2561 1422 2632; x_wconf 88' lang='lat' dir='ltr'>separata,</span> 
     </span>
     <span class='ocr_line' id='line_1_21' title="bbox 292 2643 1424 2730; baseline 0 -22"><span class='ocrx_word' id='word_1_182' title='bbox 292 2645 355 2708; x_wconf 90' lang='lat' dir='ltr'>sed</span> <span class='ocrx_word' id='word_1_183' title='bbox 380 2645 492 2709; x_wconf 90' lang='lat' dir='ltr'>solum</span> <span class='ocrx_word' id='word_1_184' title='bbox 516 2656 661 2720; x_wconf 87' lang='lat' dir='ltr'>remota,</span> <span class='ocrx_word' id='word_1_185' title='bbox 686 2655 724 2709; x_wconf 88' lang='lat' dir='ltr'>et</span> <span class='ocrx_word' id='word_1_186' title='bbox 746 2643 839 2730; x_wconf 90' lang='lat' dir='ltr'>quod</span> <span class='ocrx_word' id='word_1_187' title='bbox 863 2645 912 2707; x_wconf 93' lang='lat' dir='ltr'>sic</span> <span class='ocrx_word' id='word_1_188' title='bbox 937 2666 982 2708; x_wconf 90' lang='lat' dir='ltr'>ex</span> <span class='ocrx_word' id='word_1_189' title='bbox 1006 2665 1044 2708; x_wconf 88' lang='lat' dir='ltr'>se</span> <span class='ocrx_word' id='word_1_190' title='bbox 1067 2644 1189 2728; x_wconf 89' lang='lat' dir='ltr'>impuri</span> <span class='ocrx_word' id='word_1_191' title='bbox 1212 2644 1296 2722; x_wconf 88' lang='lat' dir='ltr'>sint,</span> <span class='ocrx_word' id='word_1_192' title='bbox 1317 2645 1424 2709; x_wconf 91' lang='lat' dir='ltr'>immo</span> 
     </span>
     <span class='ocr_line' id='line_1_22' title="bbox 292 2738 1425 2823; baseline 0.001 -21"><span class='ocrx_word' id='word_1_193' title='bbox 292 2741 448 2803; x_wconf 89' lang='lat' dir='ltr'>nonnisi</span> <span class='ocrx_word' id='word_1_194' title='bbox 471 2759 572 2823; x_wconf 90' lang='lat' dir='ltr'>quam</span> <span class='ocrx_word' id='word_1_195' title='bbox 597 2739 738 2816; x_wconf 91' lang='lat' dir='ltr'>malum,</span> <span class='ocrx_word' id='word_1_196' title='bbox 763 2748 799 2803; x_wconf 93' lang='lat' dir='ltr'>et</span> <span class='ocrx_word' id='word_1_197' title='bbox 823 2739 916 2822; x_wconf 91' lang='lat' dir='ltr'>quod</span> <span class='ocrx_word' id='word_1_198' title='bbox 939 2761 959 2803; x_wconf 89' lang='lat' dir='ltr'>a</span> <span class='ocrx_word' id='word_1_199' title='bbox 983 2738 1134 2804; x_wconf 90' lang='lat' dir='ltr'>Domino</span> <span class='ocrx_word' id='word_1_200' title='bbox 1157 2741 1381 2805; x_wconf 88' lang='lat' dir='ltr'>detineantur</span> <span class='ocrx_word' id='word_1_201' title='bbox 1403 2760 1425 2803; x_wconf 91' lang='lat' dir='ltr'>a</span> 
     </span>
     <span class='ocr_line' id='line_1_23' title="bbox 292 2835 1425 2920; baseline 0 -22"><span class='ocrx_word' id='word_1_202' title='bbox 292 2835 405 2910; x_wconf 87' lang='lat' dir='ltr'>malis,</span> <span class='ocrx_word' id='word_1_203' title='bbox 425 2856 467 2899; x_wconf 88' lang='lat' dir='ltr'>ac</span> <span class='ocrx_word' id='word_1_204' title='bbox 495 2844 680 2899; x_wconf 88' lang='lat' dir='ltr'>teneantur</span> <span class='ocrx_word' id='word_1_205' title='bbox 703 2836 737 2898; x_wconf 92' lang='lat' dir='ltr'>in</span> <span class='ocrx_word' id='word_1_206' title='bbox 759 2835 871 2912; x_wconf 90' lang='lat' dir='ltr'>bonis,</span> <span class='ocrx_word' id='word_1_207' title='bbox 896 2844 932 2898; x_wconf 91' lang='lat' dir='ltr'>et</span> <span class='ocrx_word' id='word_1_208' title='bbox 960 2836 1052 2918; x_wconf 90' lang='lat' dir='ltr'>quod</span> <span class='ocrx_word' id='word_1_209' title='bbox 1076 2835 1142 2899; x_wconf 95' lang='lat' dir='ltr'>hoc</span> <span class='ocrx_word' id='word_1_210' title='bbox 1166 2847 1333 2920; x_wconf 87' lang='lat' dir='ltr'>appareat</span> <span class='ocrx_word' id='word_1_211' title='bbox 1356 2835 1425 2899; x_wconf 88' lang='lat' dir='ltr'>illis</span> 
     </span>
     <span class='ocr_line' id='line_1_24' title="bbox 290 2929 1422 3006; baseline 0.003 -14"><span class='ocrx_word' id='word_1_212' title='bbox 290 2931 383 2993; x_wconf 90' lang='lat' dir='ltr'>sicut</span> <span class='ocrx_word' id='word_1_213' title='bbox 402 2951 423 2994; x_wconf 91' lang='lat' dir='ltr'>a</span> <span class='ocrx_word' id='word_1_214' title='bbox 440 2952 489 3006; x_wconf 87' lang='lat' dir='ltr'>se,</span> <span class='ocrx_word' id='word_1_215' title='bbox 504 2931 618 2995; x_wconf 90' lang='lat' dir='ltr'>denuo</span> <span class='ocrx_word' id='word_1_216' title='bbox 636 2931 670 2994; x_wconf 94' lang='lat' dir='ltr'>in</span> <span class='ocrx_word' id='word_1_217' title='bbox 690 2930 823 2993; x_wconf 87' lang='lat' dir='ltr'>caelum</span> <span class='ocrx_word' id='word_1_218' title='bbox 842 2951 863 2994; x_wconf 86' lang='lat' dir='ltr'>a</span> <span class='ocrx_word' id='word_1_219' title='bbox 880 2930 1030 2994; x_wconf 92' lang='lat' dir='ltr'>Domino</span> <span class='ocrx_word' id='word_1_220' title='bbox 1046 2929 1236 2996; x_wconf 88' lang='lat' dir='ltr'>elevantur.</span> <span class='ocrx_word' id='word_1_221' title='bbox 1275 2937 1332 2998; x_wconf 79' lang='grc'><strong>[4.]</strong></span> <span class='ocrx_word' id='word_1_222' title='bbox 1361 2929 1422 2995; x_wconf 90' lang='lat' dir='ltr'>Se·</span> 
     </span>
     <span class='ocr_line' id='line_1_25' title="bbox 290 3023 1424 3108; baseline 0.003 -23"><span class='ocrx_word' id='word_1_223' title='bbox 290 3025 444 3088; x_wconf 90' lang='lat' dir='ltr'>cundum</span> <span class='ocrx_word' id='word_1_224' title='bbox 460 3045 467 3088; x_wconf 92' lang='lat'><strong>:</strong></span> <span class='ocrx_word' id='word_1_225' title='bbox 496 3024 594 3102; x_wconf 77' lang='lat' dir='ltr'>Quod</span> <span class='ocrx_word' id='word_1_226' title='bbox 604 3046 706 3088; x_wconf 83' lang='lat' dir='ltr'>error</span> <span class='ocrx_word' id='word_1_227' title='bbox 719 3023 846 3088; x_wconf 82' lang='lat' dir='ltr'>sarculi</span> <span class='ocrx_word' id='word_1_228' title='bbox 861 3025 918 3100; x_wconf 88' lang='lat' dir='ltr'>sit,</span> <span class='ocrx_word' id='word_1_229' title='bbox 936 3024 1027 3106; x_wconf 86' lang='lat' dir='ltr'>quod</span> <span class='ocrx_word' id='word_1_230' title='bbox 1036 3025 1195 3089; x_wconf 85' lang='lat' dir='ltr'>credatur</span> <span class='ocrx_word' id='word_1_231' title='bbox 1210 3025 1301 3108; x_wconf 84' lang='lat' dir='ltr'>quod</span> <span class='ocrx_word' id='word_1_232' title='bbox 1311 3035 1424 3089; x_wconf 86' lang='lat' dir='ltr'>status</span> 
     </span>
     <span class='ocr_line' id='line_1_26' title="bbox 290 3119 1425 3202; baseline 0.002 -21"><span class='ocrx_word' id='word_1_233' title='bbox 290 3119 385 3182; x_wconf 84' lang='lat' dir='ltr'>vitae</span> <span class='ocrx_word' id='word_1_234' title='bbox 402 3119 547 3184; x_wconf 81' lang='lat' dir='ltr'>hominis</span> <span class='ocrx_word' id='word_1_235' title='bbox 561 3120 676 3202; x_wconf 82' lang='lat' dir='ltr'>possit</span> <span class='ocrx_word' id='word_1_236' title='bbox 697 3129 857 3183; x_wconf 83' lang='lat' dir='ltr'>momento</span> <span class='ocrx_word' id='word_1_237' title='bbox 872 3119 1058 3196; x_wconf 86' lang='lat' dir='ltr'>immutari,</span> <span class='ocrx_word' id='word_1_238' title='bbox 1078 3130 1111 3184; x_wconf 81' lang='lat' dir='ltr'>et</span> <span class='ocrx_word' id='word_1_239' title='bbox 1125 3119 1282 3185; x_wconf 84' lang='lat' dir='ltr'>sichomo</span> <span class='ocrx_word' id='word_1_240' title='bbox 1298 3142 1320 3184; x_wconf 93' lang='lat' dir='ltr'>a</span> <span class='ocrx_word' id='word_1_241' title='bbox 1335 3120 1425 3184; x_wconf 83' lang='lat' dir='ltr'>malo</span> 
     </span>
     <span class='ocr_line' id='line_1_27' title="bbox 287 3213 1424 3299; baseline 0.002 -23"><span class='ocrx_word' id='word_1_242' title='bbox 287 3213 379 3299; x_wconf 83' lang='lat' dir='ltr'>ficri</span> <span class='ocrx_word' id='word_1_243' title='bbox 394 3215 506 3291; x_wconf 86' lang='lat' dir='ltr'>bonus,</span> <span class='ocrx_word' id='word_1_244' title='bbox 523 3225 754 3298; x_wconf 83' lang='lat' dir='ltr'>consequenter</span> <span class='ocrx_word' id='word_1_245' title='bbox 769 3213 811 3278; x_wconf 88' lang='lat' dir='ltr'>ab</span> <span class='ocrx_word' id='word_1_246' title='bbox 830 3215 964 3295; x_wconf 87' lang='lat' dir='ltr'>inferno</span> <span class='ocrx_word' id='word_1_247' title='bbox 978 3215 1081 3290; x_wconf 83' lang='lat' dir='ltr'>educi,</span> <span class='ocrx_word' id='word_1_248' title='bbox 1098 3225 1131 3280; x_wconf 83' lang='lat' dir='ltr'>et</span> <span class='ocrx_word' id='word_1_249' title='bbox 1145 3216 1232 3280; x_wconf 86' lang='lat' dir='ltr'>illico</span> <span class='ocrx_word' id='word_1_250' title='bbox 1247 3215 1283 3278; x_wconf 89' lang='lat' dir='ltr'>in</span> <span class='ocrx_word' id='word_1_251' title='bbox 1298 3214 1424 3279; x_wconf 81' lang='lat' dir='ltr'>caelum</span> 
     </span>
     <span class='ocr_line' id='line_1_28' title="bbox 292 3309 1422 3390; baseline 0 -18"><span class='ocrx_word' id='word_1_252' title='bbox 292 3311 492 3390; x_wconf 81' lang='lat' dir='ltr'>transferri,</span> <span class='ocrx_word' id='word_1_253' title='bbox 516 3320 549 3373; x_wconf 81' lang='lat' dir='ltr'>et</span> <span class='ocrx_word' id='word_1_254' title='bbox 571 3311 631 3372; x_wconf 80' lang='lat' dir='ltr'>hoc</span> <span class='ocrx_word' id='word_1_255' title='bbox 650 3331 694 3373; x_wconf 76' lang='lat' dir='ltr'>ex</span> <span class='ocrx_word' id='word_1_256' title='bbox 718 3309 914 3373; x_wconf 84' lang='lat' dir='ltr'>immediata</span> <span class='ocrx_word' id='word_1_257' title='bbox 935 3309 1075 3373; x_wconf 83' lang='lat' dir='ltr'>Domini</span> <span class='ocrx_word' id='word_1_258' title='bbox 1094 3310 1335 3374; x_wconf 79' lang='lat' dir='ltr'>misericordia.</span> <span class='ocrx_word' id='word_1_259' title='bbox 1382 3309 1422 3374; x_wconf 92' lang='lat' dir='ltr'>In</span> 
     </span>
     <span class='ocr_line' id='line_1_29' title="bbox 292 3405 1421 3490; baseline 0 -20"><span class='ocrx_word' id='word_1_260' title='bbox 292 3405 494 3470; x_wconf 89' lang='lat' dir='ltr'>hocerrore</span> <span class='ocrx_word' id='word_1_261' title='bbox 517 3417 597 3470; x_wconf 91' lang='lat' dir='ltr'>sunt</span> <span class='ocrx_word' id='word_1_262' title='bbox 622 3405 671 3469; x_wconf 92' lang='lat' dir='ltr'>illi</span> <span class='ocrx_word' id='word_1_263' title='bbox 694 3407 752 3490; x_wconf 93' lang='lat' dir='ltr'>qui</span> <span class='ocrx_word' id='word_1_264' title='bbox 777 3415 941 3488; x_wconf 87' lang='lat' dir='ltr'>separant</span> <span class='ocrx_word' id='word_1_265' title='bbox 965 3407 1174 3471; x_wconf 88' lang='lat' dir='ltr'>charitatem</span> <span class='ocrx_word' id='word_1_266' title='bbox 1194 3428 1214 3470; x_wconf 90' lang='lat' dir='ltr'>a</span> <span class='ocrx_word' id='word_1_267' title='bbox 1234 3406 1311 3482; x_wconf 86' lang='lat' dir='ltr'>fide,</span> <span class='ocrx_word' id='word_1_268' title='bbox 1332 3416 1369 3470; x_wconf 91' lang='lat' dir='ltr'>et</span> <span class='ocrx_word' id='word_1_269' title='bbox 1388 3407 1421 3469; x_wconf 94' lang='lat' dir='ltr'>in</span> 
     </span>
     <span class='ocr_line' id='line_1_30' title="bbox 291 3500 1425 3585; baseline 0 -21"><span class='ocrx_word' id='word_1_270' title='bbox 291 3500 369 3565; x_wconf 87' lang='lat' dir='ltr'>sola</span> <span class='ocrx_word' id='word_1_271' title='bbox 403 3501 469 3564; x_wconf 88' lang='lat' dir='ltr'>fide</span> <span class='ocrx_word' id='word_1_272' title='bbox 501 3511 634 3583; x_wconf 91' lang='lat' dir='ltr'>ponunt</span> <span class='ocrx_word' id='word_1_273' title='bbox 666 3502 919 3579; x_wconf 67' lang='lat' dir='ltr'>salvationem</span> <span class='ocrx_word' id='word_1_274' title='bbox 954 3521 1034 3564; x_wconf 88' lang='lat' dir='ltr'>nam</span> <span class='ocrx_word' id='word_1_275' title='bbox 1065 3511 1192 3585; x_wconf 92' lang='lat' dir='ltr'>putant</span> <span class='ocrx_word' id='word_1_276' title='bbox 1223 3503 1314 3585; x_wconf 89' lang='lat' dir='ltr'>quod</span> <span class='ocrx_word' id='word_1_277' title='bbox 1348 3501 1425 3565; x_wconf 87' lang='lat' dir='ltr'>sola</span> 
     </span>
     <span class='ocr_line' id='line_1_31' title="bbox 290 3596 1424 3680; baseline 0.001 -20"><span class='ocrx_word' id='word_1_278' title='bbox 290 3597 467 3678; x_wconf 84' lang='lat' dir='ltr'>cogitatio</span> <span class='ocrx_word' id='word_1_279' title='bbox 491 3606 526 3659; x_wconf 90' lang='lat' dir='ltr'>et</span> <span class='ocrx_word' id='word_1_280' title='bbox 552 3598 746 3661; x_wconf 88' lang='lat' dir='ltr'>enuntiatio</span> <span class='ocrx_word' id='word_1_281' title='bbox 769 3615 905 3673; x_wconf 91' lang='lat' dir='ltr'>vocum,</span> <span class='ocrx_word' id='word_1_282' title='bbox 929 3618 1017 3680; x_wconf 91' lang='lat' dir='ltr'>quae</span> <span class='ocrx_word' id='word_1_283' title='bbox 1039 3597 1138 3661; x_wconf 90' lang='lat' dir='ltr'>istius</span> <span class='ocrx_word' id='word_1_284' title='bbox 1166 3596 1246 3662; x_wconf 89' lang='lat' dir='ltr'>fidei</span> <span class='ocrx_word' id='word_1_285' title='bbox 1276 3607 1370 3674; x_wconf 90' lang='lat' dir='ltr'>sunt,</span> <span class='ocrx_word' id='word_1_286' title='bbox 1395 3599 1424 3662; x_wconf 90' lang='lat' dir='ltr'>si</span> 
     </span>
     <span class='ocr_line' id='line_1_32' title="bbox 290 3690 1423 3779; baseline 0.003 -24"><span class='ocrx_word' id='word_1_287' title='bbox 290 3691 354 3756; x_wconf 85' lang='lat' dir='ltr'>fiat</span> <span class='ocrx_word' id='word_1_288' title='bbox 378 3711 454 3756; x_wconf 91' lang='lat' dir='ltr'>cum</span> <span class='ocrx_word' id='word_1_289' title='bbox 479 3691 603 3756; x_wconf 84' lang='lat' dir='ltr'>fiducia</span> <span class='ocrx_word' id='word_1_290' title='bbox 621 3703 658 3757; x_wconf 88' lang='lat' dir='ltr'>et</span> <span class='ocrx_word' id='word_1_291' title='bbox 677 3690 898 3770; x_wconf 86' lang='lat' dir='ltr'>confidentia,</span> <span class='ocrx_word' id='word_1_292' title='bbox 915 3692 1081 3776; x_wconf 87' lang='lat' dir='ltr'>justificet</span> <span class='ocrx_word' id='word_1_293' title='bbox 1102 3703 1137 3758; x_wconf 89' lang='lat' dir='ltr'>et</span> <span class='ocrx_word' id='word_1_294' title='bbox 1159 3693 1296 3774; x_wconf 87' lang='lat' dir='ltr'>salvet;</span> <span class='ocrx_word' id='word_1_295' title='bbox 1331 3695 1423 3779; x_wconf 91' lang='lat' dir='ltr'>quod</span> 
     </span>
     <span class='ocr_line' id='line_1_33' title="bbox 289 3788 1423 3874; baseline 0.004 -24"><span class='ocrx_word' id='word_1_296' title='bbox 289 3789 399 3850; x_wconf 87' lang='lat' dir='ltr'>etiam</span> <span class='ocrx_word' id='word_1_297' title='bbox 423 3808 444 3851; x_wconf 88' lang='lat' dir='ltr'>a</span> <span class='ocrx_word' id='word_1_298' title='bbox 467 3788 585 3852; x_wconf 91' lang='lat' dir='ltr'>multis</span> <span class='ocrx_word' id='word_1_299' title='bbox 609 3789 749 3870; x_wconf 90' lang='lat' dir='ltr'>ponitur</span> <span class='ocrx_word' id='word_1_300' title='bbox 772 3799 1066 3865; x_wconf 90' lang='lat' dir='ltr'>momentaneum,</span> <span class='ocrx_word' id='word_1_301' title='bbox 1092 3799 1127 3853; x_wconf 90' lang='lat' dir='ltr'>et</span> <span class='ocrx_word' id='word_1_302' title='bbox 1157 3790 1185 3853; x_wconf 90' lang='lat' dir='ltr'>si</span> <span class='ocrx_word' id='word_1_303' title='bbox 1217 3811 1286 3854; x_wconf 89' lang='lat' dir='ltr'>non</span> <span class='ocrx_word' id='word_1_304' title='bbox 1318 3792 1423 3874; x_wconf 89' lang='lat' dir='ltr'>prius,</span> 
     </span>
     <span class='ocr_line' id='line_1_34' title="bbox 288 3883 1426 3967; baseline 0.004 -21"><span class='ocrx_word' id='word_1_305' title='bbox 288 3883 386 3947; x_wconf 85' lang='lat' dir='ltr'>eirca</span> <span class='ocrx_word' id='word_1_306' title='bbox 402 3883 559 3947; x_wconf 90' lang='lat' dir='ltr'>ultimam</span> <span class='ocrx_word' id='word_1_307' title='bbox 575 3883 696 3948; x_wconf 89' lang='lat' dir='ltr'>horam</span> <span class='ocrx_word' id='word_1_308' title='bbox 708 3885 802 3948; x_wconf 89' lang='lat' dir='ltr'>vitae</span> <span class='ocrx_word' id='word_1_309' title='bbox 818 3883 977 3949; x_wconf 89' lang='lat' dir='ltr'>hominis.</span> <span class='ocrx_word' id='word_1_310' title='bbox 1015 3884 1062 3948; x_wconf 93' lang='lat' dir='ltr'>Hi</span> <span class='ocrx_word' id='word_1_311' title='bbox 1078 3904 1147 3948; x_wconf 90' lang='lat' dir='ltr'>non</span> <span class='ocrx_word' id='word_1_312' title='bbox 1164 3895 1311 3967; x_wconf 91' lang='lat' dir='ltr'>possunt</span> <span class='ocrx_word' id='word_1_313' title='bbox 1325 3885 1426 3951; x_wconf 89' lang='lat' dir='ltr'>aliter</span> 
     </span>
     <span class='ocr_line' id='line_1_35' title="bbox 289 3979 1429 4065; baseline 0.001 -20"><span class='ocrx_word' id='word_1_314' title='bbox 289 3979 446 4056; x_wconf 88' lang='lat' dir='ltr'>credere,</span> <span class='ocrx_word' id='word_1_315' title='bbox 464 4001 566 4063; x_wconf 92' lang='lat' dir='ltr'>quarn</span> <span class='ocrx_word' id='word_1_316' title='bbox 586 3979 678 4064; x_wconf 90' lang='lat' dir='ltr'>quod</span> <span class='ocrx_word' id='word_1_317' title='bbox 697 3990 811 4044; x_wconf 87' lang='lat' dir='ltr'>status</span> <span class='ocrx_word' id='word_1_318' title='bbox 830 3981 925 4044; x_wconf 90' lang='lat' dir='ltr'>vitae</span> <span class='ocrx_word' id='word_1_319' title='bbox 943 3979 1092 4044; x_wconf 91' lang='lat' dir='ltr'>hominis</span> <span class='ocrx_word' id='word_1_320' title='bbox 1111 3983 1223 4065; x_wconf 88' lang='lat' dir='ltr'>possit</span> <span class='ocrx_word' id='word_1_321' title='bbox 1243 3993 1429 4046; x_wconf 90' lang='lat' dir='ltr'>momento</span> 
     </span>
     <span class='ocr_line' id='line_1_36' title="bbox 292 4075 1424 4151; baseline 0.002 -12"><span class='ocrx_word' id='word_1_322' title='bbox 292 4076 431 4151; x_wconf 83' lang='lat' dir='ltr'>mutari,</span> <span class='ocrx_word' id='word_1_323' title='bbox 452 4085 487 4139; x_wconf 91' lang='lat' dir='ltr'>et</span> <span class='ocrx_word' id='word_1_324' title='bbox 505 4075 611 4140; x_wconf 90' lang='lat' dir='ltr'>homo</span> <span class='ocrx_word' id='word_1_325' title='bbox 630 4097 676 4140; x_wconf 88' lang='lat' dir='ltr'>ex</span> <span class='ocrx_word' id='word_1_326' title='bbox 695 4077 896 4141; x_wconf 88' lang='lat' dir='ltr'>immediata</span> <span class='ocrx_word' id='word_1_327' title='bbox 918 4077 1153 4141; x_wconf 88' lang='lat' dir='ltr'>misericordia</span> <span class='ocrx_word' id='word_1_328' title='bbox 1172 4076 1308 4141; x_wconf 89' lang='lat' dir='ltr'>salvari.</span> <span class='ocrx_word' id='word_1_329' title='bbox 1353 4075 1424 4141; x_wconf 89' lang='lat' dir='ltr'>Sed</span> 
     </span>
     <span class='ocr_line' id='line_1_37' title="bbox 288 4170 1425 4256; baseline 0.003 -23"><span class='ocrx_word' id='word_1_330' title='bbox 288 4170 387 4256; x_wconf 90' lang='lat' dir='ltr'>quod</span> <span class='ocrx_word' id='word_1_331' title='bbox 417 4171 652 4236; x_wconf 85' lang='lat' dir='ltr'>misericordia</span> <span class='ocrx_word' id='word_1_332' title='bbox 682 4171 823 4235; x_wconf 92' lang='lat' dir='ltr'>Domini</span> <span class='ocrx_word' id='word_1_333' title='bbox 853 4193 923 4235; x_wconf 92' lang='lat' dir='ltr'>non</span> <span class='ocrx_word' id='word_1_334' title='bbox 950 4173 995 4235; x_wconf 90' lang='lat' dir='ltr'>sit</span> <span class='ocrx_word' id='word_1_335' title='bbox 1023 4173 1236 4250; x_wconf 86' lang='lat' dir='ltr'>immediata,</span> <span class='ocrx_word' id='word_1_336' title='bbox 1264 4181 1301 4238; x_wconf 92' lang='lat' dir='ltr'>et</span> <span class='ocrx_word' id='word_1_337' title='bbox 1331 4172 1425 4256; x_wconf 91' lang='lat' dir='ltr'>quod</span> 
     </span>
     <span class='ocr_line' id='line_1_38' title="bbox 288 4265 1424 4351; baseline 0.001 -20"><span class='ocrx_word' id='word_1_338' title='bbox 288 4265 400 4332; x_wconf 81' lang='lat' dir='ltr'>homo</span> <span class='ocrx_word' id='word_1_339' title='bbox 424 4287 492 4331; x_wconf 94' lang='lat' dir='ltr'>non</span> <span class='ocrx_word' id='word_1_340' title='bbox 516 4269 626 4351; x_wconf 88' lang='lat' dir='ltr'>possit</span> <span class='ocrx_word' id='word_1_341' title='bbox 650 4289 671 4331; x_wconf 90' lang='lat' dir='ltr'>a</span> <span class='ocrx_word' id='word_1_342' title='bbox 694 4267 787 4331; x_wconf 89' lang='lat' dir='ltr'>malo</span> <span class='ocrx_word' id='word_1_343' title='bbox 806 4279 986 4332; x_wconf 87' lang='lat' dir='ltr'>momento</span> <span class='ocrx_word' id='word_1_344' title='bbox 1006 4266 1076 4331; x_wconf 88' lang='lat' dir='ltr'>fieri</span> <span class='ocrx_word' id='word_1_345' title='bbox 1095 4268 1218 4344; x_wconf 90' lang='lat' dir='ltr'>bonus,</span> <span class='ocrx_word' id='word_1_346' title='bbox 1239 4277 1276 4333; x_wconf 89' lang='lat' dir='ltr'>et</span> <span class='ocrx_word' id='word_1_347' title='bbox 1300 4289 1346 4333; x_wconf 83' lang='lat' dir='ltr'>ex</span> <span class='ocrx_word' id='word_1_348' title='bbox 1370 4267 1424 4332; x_wconf 93' lang='lat' dir='ltr'>in·</span> 
     </span>
     <span class='ocr_line' id='line_1_39' title="bbox 289 4361 1426 4446; baseline 0.002 -20"><span class='ocrx_word' id='word_1_349' title='bbox 289 4361 391 4427; x_wconf 75' lang='lat' dir='ltr'>terno</span> <span class='ocrx_word' id='word_1_350' title='bbox 415 4362 515 4428; x_wconf 92' lang='lat' dir='ltr'>educi</span> <span class='ocrx_word' id='word_1_351' title='bbox 544 4373 580 4428; x_wconf 92' lang='lat' dir='ltr'>et</span> <span class='ocrx_word' id='word_1_352' title='bbox 604 4364 637 4426; x_wconf 94' lang='lat' dir='ltr'>in</span> <span class='ocrx_word' id='word_1_353' title='bbox 661 4363 794 4426; x_wconf 88' lang='lat' dir='ltr'>caelum</span> <span class='ocrx_word' id='word_1_354' title='bbox 819 4363 1004 4438; x_wconf 81' lang='lat' dir='ltr'>transferri,</span> <span class='ocrx_word' id='word_1_355' title='bbox 1031 4363 1095 4428; x_wconf 89' lang='lat' dir='ltr'>nisi</span> <span class='ocrx_word' id='word_1_356' title='bbox 1118 4385 1179 4446; x_wconf 91' lang='lat' dir='ltr'>per</span> <span class='ocrx_word' id='word_1_357' title='bbox 1202 4365 1426 4446; x_wconf 89' lang='lat' dir='ltr'>operationes</span> 
     </span>
     <span class='ocr_line' id='line_1_40' title="bbox 290 4456 1423 4542; baseline 0.002 -22"><span class='ocrx_word' id='word_1_358' title='bbox 290 4456 440 4522; x_wconf 89' lang='lat' dir='ltr'>Divinae</span> <span class='ocrx_word' id='word_1_359' title='bbox 453 4457 697 4522; x_wconf 90' lang='lat' dir='ltr'>Providentiae</span> <span class='ocrx_word' id='word_1_360' title='bbox 713 4460 895 4521; x_wconf 88' lang='lat' dir='ltr'>continuas</span> <span class='ocrx_word' id='word_1_361' title='bbox 909 4459 952 4520; x_wconf 92' lang='lat' dir='ltr'>ab</span> <span class='ocrx_word' id='word_1_362' title='bbox 968 4458 1114 4522; x_wconf 88' lang='lat' dir='ltr'>infantia</span> <span class='ocrx_word' id='word_1_363' title='bbox 1126 4481 1232 4542; x_wconf 90' lang='lat' dir='ltr'>usque</span> <span class='ocrx_word' id='word_1_364' title='bbox 1245 4460 1288 4522; x_wconf 88' lang='lat' dir='ltr'>ad</span> <span class='ocrx_word' id='word_1_365' title='bbox 1302 4467 1423 4523; x_wconf 85' lang='lat' dir='ltr'>extre·</span> 
     </span>
     <span class='ocr_line' id='line_1_41' title="bbox 289 4551 1425 4636; baseline 0 -22"><span class='ocrx_word' id='word_1_366' title='bbox 289 4569 388 4615; x_wconf 88' lang='lat' dir='ltr'>mum</span> <span class='ocrx_word' id='word_1_367' title='bbox 407 4555 501 4617; x_wconf 90' lang='lat' dir='ltr'>vitae</span> <span class='ocrx_word' id='word_1_368' title='bbox 519 4552 680 4628; x_wconf 91' lang='lat' dir='ltr'>hominis,</span> <span class='ocrx_word' id='word_1_369' title='bbox 700 4553 873 4616; x_wconf 91' lang='lat' dir='ltr'>videbitur</span> <span class='ocrx_word' id='word_1_370' title='bbox 890 4551 923 4615; x_wconf 93' lang='lat' dir='ltr'>in</span> <span class='ocrx_word' id='word_1_371' title='bbox 944 4553 1066 4616; x_wconf 85' lang='lat' dir='ltr'>ultimo</span> <span class='ocrx_word' id='word_1_372' title='bbox 1086 4553 1305 4636; x_wconf 86' lang='lat' dir='ltr'>paragrapho</span> <span class='ocrx_word' id='word_1_373' title='bbox 1324 4551 1425 4633; x_wconf 85' lang='lat' dir='ltr'>hujus</span> 
     </span>
     <span class='ocr_line' id='line_1_42' title="bbox 288 4645 1427 4732; baseline -0.003 -21"><span class='ocrx_word' id='word_1_374' title='bbox 288 4645 557 4711; x_wconf 66' lang='lat' dir='ltr'>transaitionis:</span> <span class='ocrx_word' id='word_1_375' title='bbox 582 4646 637 4711; x_wconf 92' lang='lat' dir='ltr'>hic</span> <span class='ocrx_word' id='word_1_376' title='bbox 654 4647 766 4712; x_wconf 89' lang='lat' dir='ltr'>solum</span> <span class='ocrx_word' id='word_1_377' title='bbox 783 4669 830 4712; x_wconf 88' lang='lat' dir='ltr'>ex</span> <span class='ocrx_word' id='word_1_378' title='bbox 849 4669 902 4725; x_wconf 91' lang='lat' dir='ltr'>eo,</span> <span class='ocrx_word' id='word_1_379' title='bbox 916 4647 1008 4732; x_wconf 91' lang='lat' dir='ltr'>quod</span> <span class='ocrx_word' id='word_1_380' title='bbox 1025 4667 1147 4712; x_wconf 89' lang='lat' dir='ltr'>omnes</span> <span class='ocrx_word' id='word_1_381' title='bbox 1163 4647 1261 4730; x_wconf 86' lang='lat' dir='ltr'>leges</span> <span class='ocrx_word' id='word_1_382' title='bbox 1277 4645 1427 4710; x_wconf 88' lang='lat' dir='ltr'>Divinae</span> 
     </span>
    </p>
   </div>
   <div class='ocr_carea' id='block_1_6' title="bbox 0 0 1716 5380">
    <p class='ocr_par' dir='ltr' id='par_1_6' title="bbox 0 0 1716 5380">
     <span class='ocr_line' id='line_1_43' title="bbox 0 0 1716 5380; baseline 0 3"><span class='ocrx_word' id='word_1_383' title='bbox 0 0 1716 5380; x_wconf 95' lang='lat' dir='ltr'> </span> 
     </span>
    </p>
   </div>
  </div>
 </body>
</html>
