<?xml version="1.0" encoding="UTF-8"?>
<!DOCTYPE html PUBLIC "-//W3C//DTD XHTML 1.0 Transitional//EN"
    "http://www.w3.org/TR/xhtml1/DTD/xhtml1-transitional.dtd">
<html xmlns="http://www.w3.org/1999/xhtml" xml:lang="en" lang="en">
 <head>
  <title>
</title>
<meta http-equiv="Content-Type" content="text/html;charset=utf-8" />
  <meta name='ocr-system' content='tesseract 3.04.00' />
  <meta name='ocr-capabilities' content='ocr_page ocr_carea ocr_par ocr_line ocrx_word'/>
</head>
<body>
  <div class='ocr_page' id='page_1' title='image "./sapientaangelic01swedgoog_0205.png"; bbox 0 0 3448 5374; ppageno 0'>
   <div class='ocr_carea' id='block_1_1' title="bbox 346 688 1116 757">
    <p class='ocr_par' dir='ltr' id='par_1_1' title="bbox 346 688 1116 757">
     <span class='ocr_line' id='line_1_1' title="bbox 346 688 1116 757; baseline 0.001 -20"><span class='ocrx_word' id='word_1_1' title='bbox 346 691 404 757; x_wconf 90' lang='lat'>190</span> <span class='ocrx_word' id='word_1_2' title='bbox 697 688 898 739; x_wconf 80' lang='lat' dir='ltr'>SAPIENTIA</span> <span class='ocrx_word' id='word_1_3' title='bbox 922 688 1116 738; x_wconf 79' lang='lat' dir='ltr'><strong>ANGELICA</strong></span> 
     </span>
    </p>
   </div>
   <div class='ocr_carea' id='block_1_2' title="bbox 319 857 1469 4184">
    <p class='ocr_par' dir='ltr' id='par_1_2' title="bbox 330 857 1469 3891">
     <span class='ocr_line' id='line_1_2' title="bbox 339 857 1461 943; baseline 0.003 -21"><span class='ocrx_word' id='word_1_4' title='bbox 339 860 455 935; x_wconf 91' lang='lat' dir='ltr'>modo,</span> <span class='ocrx_word' id='word_1_5' title='bbox 471 860 561 941; x_wconf 91' lang='lat' dir='ltr'>quod</span> <span class='ocrx_word' id='word_1_6' title='bbox 579 859 692 922; x_wconf 93' lang='lat' dir='ltr'>omnia</span> <span class='ocrx_word' id='word_1_7' title='bbox 708 868 744 923; x_wconf 90' lang='lat' dir='ltr'>et</span> <span class='ocrx_word' id='word_1_8' title='bbox 761 857 896 942; x_wconf 89' lang='lat' dir='ltr'>singula</span> <span class='ocrx_word' id='word_1_9' title='bbox 912 860 1063 943; x_wconf 90' lang='lat' dir='ltr'>corporis</span> <span class='ocrx_word' id='word_1_10' title='bbox 1077 857 1259 941; x_wconf 75' lang='lat' dir='ltr'>conjundta</span> <span class='ocrx_word' id='word_1_11' title='bbox 1274 862 1342 924; x_wconf 92' lang='lat' dir='ltr'>sint</span> <span class='ocrx_word' id='word_1_12' title='bbox 1359 861 1461 925; x_wconf 93' lang='lat' dir='ltr'>intel-</span> 
     </span>
     <span class='ocr_line' id='line_1_3' title="bbox 339 948 1469 1035; baseline 0.001 -20"><span class='ocrx_word' id='word_1_13' title='bbox 339 949 442 1015; x_wconf 71' lang='lat' dir='ltr'>lectui</span> <span class='ocrx_word' id='word_1_14' title='bbox 455 952 542 1014; x_wconf 94' lang='lat' dir='ltr'>sicut</span> <span class='ocrx_word' id='word_1_15' title='bbox 554 948 733 1031; x_wconf 75' lang='lat' dir='ltr'>conjundta</span> <span class='ocrx_word' id='word_1_16' title='bbox 744 960 825 1014; x_wconf 91' lang='lat' dir='ltr'>sunt</span> <span class='ocrx_word' id='word_1_17' title='bbox 836 952 1018 1027; x_wconf 90' lang='lat' dir='ltr'>voluntati,</span> <span class='ocrx_word' id='word_1_18' title='bbox 1030 973 1089 1016; x_wconf 92' lang='lat' dir='ltr'>seu</span> <span class='ocrx_word' id='word_1_19' title='bbox 1103 963 1139 1016; x_wconf 97' lang='lat' dir='ltr'>ut</span> <span class='ocrx_word' id='word_1_20' title='bbox 1154 954 1268 1018; x_wconf 88' lang='lat' dir='ltr'>omnia</span> <span class='ocrx_word' id='word_1_21' title='bbox 1280 963 1315 1016; x_wconf 94' lang='lat' dir='ltr'>et</span> <span class='ocrx_word' id='word_1_22' title='bbox 1326 953 1469 1035; x_wconf 89' lang='lat' dir='ltr'>singula</span> 
     </span>
     <span class='ocr_line' id='line_1_4' title="bbox 339 1041 1460 1128; baseline 0.001 -22"><span class='ocrx_word' id='word_1_23' title='bbox 339 1045 491 1126; x_wconf 90' lang='lat' dir='ltr'>corporis</span> <span class='ocrx_word' id='word_1_24' title='bbox 514 1045 578 1107; x_wconf 92' lang='lat' dir='ltr'>sub</span> <span class='ocrx_word' id='word_1_25' title='bbox 601 1043 765 1125; x_wconf 91' lang='lat' dir='ltr'>obsequio</span> <span class='ocrx_word' id='word_1_26' title='bbox 781 1041 979 1106; x_wconf 74' lang='lat' dir='ltr'>intelledius</span> <span class='ocrx_word' id='word_1_27' title='bbox 998 1045 1078 1118; x_wconf 90' lang='lat' dir='ltr'>sint,</span> <span class='ocrx_word' id='word_1_28' title='bbox 1099 1046 1186 1108; x_wconf 92' lang='lat' dir='ltr'>sicut</span> <span class='ocrx_word' id='word_1_29' title='bbox 1210 1046 1273 1108; x_wconf 93' lang='lat' dir='ltr'>sub</span> <span class='ocrx_word' id='word_1_30' title='bbox 1296 1046 1460 1128; x_wconf 91' lang='lat' dir='ltr'>obsequio</span> 
     </span>
     <span class='ocr_line' id='line_1_5' title="bbox 337 1133 1459 1219; baseline 0.001 -21"><span class='ocrx_word' id='word_1_31' title='bbox 337 1137 527 1200; x_wconf 87' lang='lat' dir='ltr'>voluntatis</span> <span class='ocrx_word' id='word_1_32' title='bbox 546 1144 636 1199; x_wconf 91' lang='lat' dir='ltr'>sunt.</span> <span class='ocrx_word' id='word_1_33' title='bbox 682 1133 867 1217; x_wconf 87' lang='lat' dir='ltr'>Quomodo</span> <span class='ocrx_word' id='word_1_34' title='bbox 887 1137 1002 1199; x_wconf 92' lang='lat' dir='ltr'>omnia</span> <span class='ocrx_word' id='word_1_35' title='bbox 1025 1145 1060 1200; x_wconf 89' lang='lat' dir='ltr'>et</span> <span class='ocrx_word' id='word_1_36' title='bbox 1083 1136 1219 1219; x_wconf 91' lang='lat' dir='ltr'>singula</span> <span class='ocrx_word' id='word_1_37' title='bbox 1239 1138 1391 1219; x_wconf 92' lang='lat' dir='ltr'>corporis</span> <span class='ocrx_word' id='word_1_38' title='bbox 1414 1138 1459 1200; x_wconf 92' lang='lat' dir='ltr'>ad</span> 
     </span>
     <span class='ocr_line' id='line_1_6' title="bbox 337 1225 1459 1312; baseline 0.001 -21"><span class='ocrx_word' id='word_1_39' title='bbox 337 1225 613 1308; x_wconf 69' lang='lat' dir='ltr'>conjund&#39;tionem</span> <span class='ocrx_word' id='word_1_40' title='bbox 637 1247 713 1291; x_wconf 89' lang='lat' dir='ltr'>cum</span> <span class='ocrx_word' id='word_1_41' title='bbox 737 1225 917 1291; x_wconf 73' lang='lat' dir='ltr'>intelle&amp;u</span> <span class='ocrx_word' id='word_1_42' title='bbox 940 1230 1028 1291; x_wconf 91' lang='lat' dir='ltr'>sicut</span> <span class='ocrx_word' id='word_1_43' title='bbox 1056 1249 1132 1293; x_wconf 91' lang='lat' dir='ltr'>cum</span> <span class='ocrx_word' id='word_1_44' title='bbox 1156 1229 1337 1292; x_wconf 90' lang='lat' dir='ltr'>voluntate</span> <span class='ocrx_word' id='word_1_45' title='bbox 1360 1249 1459 1312; x_wconf 85' lang='lat' dir='ltr'>prae-</span> 
     </span>
     <span class='ocr_line' id='line_1_7' title="bbox 338 1320 1459 1404; baseline 0 -22"><span class='ocrx_word' id='word_1_46' title='bbox 338 1328 457 1404; x_wconf 89' lang='lat' dir='ltr'>parata</span> <span class='ocrx_word' id='word_1_47' title='bbox 479 1329 570 1394; x_wconf 91' lang='lat' dir='ltr'>sunt,</span> <span class='ocrx_word' id='word_1_48' title='bbox 591 1339 659 1382; x_wconf 92' lang='lat' dir='ltr'>non</span> <span class='ocrx_word' id='word_1_49' title='bbox 683 1320 789 1382; x_wconf 86' lang='lat' dir='ltr'>videri</span> <span class='ocrx_word' id='word_1_50' title='bbox 812 1329 942 1401; x_wconf 88' lang='lat' dir='ltr'>potest,</span> <span class='ocrx_word' id='word_1_51' title='bbox 963 1321 1026 1383; x_wconf 93' lang='lat' dir='ltr'>nisi</span> <span class='ocrx_word' id='word_1_52' title='bbox 1056 1321 1143 1384; x_wconf 91' lang='lat' dir='ltr'>sicut</span> <span class='ocrx_word' id='word_1_53' title='bbox 1171 1322 1204 1384; x_wconf 94' lang='lat' dir='ltr'>in</span> <span class='ocrx_word' id='word_1_54' title='bbox 1236 1320 1376 1404; x_wconf 90' lang='lat' dir='ltr'>speculo</span> <span class='ocrx_word' id='word_1_55' title='bbox 1400 1341 1459 1384; x_wconf 90' lang='lat' dir='ltr'>seu</span> 
     </span>
     <span class='ocr_line' id='line_1_8' title="bbox 335 1412 1459 1494; baseline 0.001 -20"><span class='ocrx_word' id='word_1_56' title='bbox 335 1414 369 1474; x_wconf 96' lang='lat' dir='ltr'>in</span> <span class='ocrx_word' id='word_1_57' title='bbox 401 1412 549 1493; x_wconf 87' lang='lat' dir='ltr'>imagine</span> <span class='ocrx_word' id='word_1_58' title='bbox 579 1433 639 1494; x_wconf 91' lang='lat' dir='ltr'>per</span> <span class='ocrx_word' id='word_1_59' title='bbox 669 1413 848 1475; x_wconf 89' lang='lat' dir='ltr'>scientiam</span> <span class='ocrx_word' id='word_1_60' title='bbox 876 1413 1108 1476; x_wconf 84' lang='lat' dir='ltr'>anatomicam</span> <span class='ocrx_word' id='word_1_61' title='bbox 1135 1414 1169 1476; x_wconf 95' lang='lat' dir='ltr'>in</span> <span class='ocrx_word' id='word_1_62' title='bbox 1199 1431 1351 1494; x_wconf 88' lang='lat' dir='ltr'>corpore.</span> <span class='ocrx_word' id='word_1_63' title='bbox 1397 1412 1459 1476; x_wconf 89' lang='lat' dir='ltr'>Per</span> 
     </span>
     <span class='ocr_line' id='line_1_9' title="bbox 334 1504 1458 1586; baseline 0.002 -20"><span class='ocrx_word' id='word_1_64' title='bbox 334 1504 430 1567; x_wconf 93' lang='lat' dir='ltr'>illam</span> <span class='ocrx_word' id='word_1_65' title='bbox 454 1506 560 1567; x_wconf 88' lang='lat' dir='ltr'>scitur</span> <span class='ocrx_word' id='word_1_66' title='bbox 578 1505 751 1586; x_wconf 93' lang='lat' dir='ltr'>quomodo</span> <span class='ocrx_word' id='word_1_67' title='bbox 770 1505 884 1567; x_wconf 94' lang='lat' dir='ltr'>omnia</span> <span class='ocrx_word' id='word_1_68' title='bbox 905 1506 940 1566; x_wconf 96' lang='lat' dir='ltr'>in</span> <span class='ocrx_word' id='word_1_69' title='bbox 964 1524 1107 1586; x_wconf 91' lang='lat' dir='ltr'>corpore</span> <span class='ocrx_word' id='word_1_70' title='bbox 1126 1525 1286 1569; x_wconf 89' lang='lat' dir='ltr'>connexa</span> <span class='ocrx_word' id='word_1_71' title='bbox 1308 1513 1399 1578; x_wconf 86' lang='lat' dir='ltr'>sunt,</span> <span class='ocrx_word' id='word_1_72' title='bbox 1420 1515 1458 1568; x_wconf 93' lang='lat' dir='ltr'>ut</span> 
     </span>
     <span class='ocr_line' id='line_1_10' title="bbox 334 1595 1458 1680; baseline 0.002 -22"><span class='ocrx_word' id='word_1_73' title='bbox 334 1597 417 1659; x_wconf 92' lang='lat' dir='ltr'>dum</span> <span class='ocrx_word' id='word_1_74' title='bbox 441 1595 558 1678; x_wconf 94' lang='lat' dir='ltr'>pulmo</span> <span class='ocrx_word' id='word_1_75' title='bbox 580 1598 736 1678; x_wconf 86' lang='lat' dir='ltr'>respirat,</span> <span class='ocrx_word' id='word_1_76' title='bbox 758 1598 872 1658; x_wconf 93' lang='lat' dir='ltr'>omnia</span> <span class='ocrx_word' id='word_1_77' title='bbox 895 1606 930 1659; x_wconf 91' lang='lat' dir='ltr'>et</span> <span class='ocrx_word' id='word_1_78' title='bbox 957 1598 1090 1678; x_wconf 87' lang='lat' dir='ltr'>singula</span> <span class='ocrx_word' id='word_1_79' title='bbox 1113 1598 1146 1660; x_wconf 95' lang='lat' dir='ltr'>in</span> <span class='ocrx_word' id='word_1_80' title='bbox 1170 1607 1249 1661; x_wconf 90' lang='lat' dir='ltr'>toto</span> <span class='ocrx_word' id='word_1_81' title='bbox 1272 1617 1415 1680; x_wconf 91' lang='lat' dir='ltr'>corpore</span> <span class='ocrx_word' id='word_1_82' title='bbox 1438 1617 1458 1660; x_wconf 93' lang='lat' dir='ltr'>a</span> 
     </span>
     <span class='ocr_line' id='line_1_11' title="bbox 334 1687 1455 1772; baseline 0.003 -21"><span class='ocrx_word' id='word_1_83' title='bbox 334 1689 558 1771; x_wconf 85' lang='lat' dir='ltr'>respiratione</span> <span class='ocrx_word' id='word_1_84' title='bbox 577 1687 748 1769; x_wconf 88' lang='lat' dir='ltr'>pulmonis</span> <span class='ocrx_word' id='word_1_85' title='bbox 767 1699 925 1769; x_wconf 88' lang='lat' dir='ltr'>agantur,</span> <span class='ocrx_word' id='word_1_86' title='bbox 946 1689 1026 1750; x_wconf 90' lang='lat' dir='ltr'>dum</span> <span class='ocrx_word' id='word_1_87' title='bbox 1046 1691 1150 1752; x_wconf 92' lang='lat' dir='ltr'>etiam</span> <span class='ocrx_word' id='word_1_88' title='bbox 1173 1710 1193 1752; x_wconf 92' lang='lat' dir='ltr'>a</span> <span class='ocrx_word' id='word_1_89' title='bbox 1217 1690 1315 1772; x_wconf 91' lang='lat' dir='ltr'>pulsu</span> <span class='ocrx_word' id='word_1_90' title='bbox 1334 1691 1455 1754; x_wconf 88' lang='lat' dir='ltr'>cordis.</span> 
     </span>
     <span class='ocr_line' id='line_1_12' title="bbox 336 1780 1457 1865; baseline 0.003 -22"><span class='ocrx_word' id='word_1_91' title='bbox 336 1780 394 1843; x_wconf 88' lang='lat' dir='ltr'>Ex</span> <span class='ocrx_word' id='word_1_92' title='bbox 410 1780 586 1842; x_wconf 85' lang='lat' dir='ltr'>anatomia</span> <span class='ocrx_word' id='word_1_93' title='bbox 604 1789 725 1842; x_wconf 90' lang='lat' dir='ltr'>notum</span> <span class='ocrx_word' id='word_1_94' title='bbox 742 1791 807 1854; x_wconf 92' lang='lat' dir='ltr'>est,</span> <span class='ocrx_word' id='word_1_95' title='bbox 825 1781 915 1862; x_wconf 93' lang='lat' dir='ltr'>quod</span> <span class='ocrx_word' id='word_1_96' title='bbox 936 1801 995 1843; x_wconf 91' lang='lat' dir='ltr'>cor</span> <span class='ocrx_word' id='word_1_97' title='bbox 1010 1780 1227 1862; x_wconf 74' lang='lat' dir='ltr'>conjundtum</span> <span class='ocrx_word' id='word_1_98' title='bbox 1245 1784 1288 1845; x_wconf 92' lang='lat' dir='ltr'>sit</span> <span class='ocrx_word' id='word_1_99' title='bbox 1304 1782 1457 1865; x_wconf 93' lang='lat' dir='ltr'>pulmoni</span> 
     </span>
     <span class='ocr_line' id='line_1_13' title="bbox 334 1871 1456 1956; baseline 0.004 -22"><span class='ocrx_word' id='word_1_100' title='bbox 334 1893 396 1954; x_wconf 90' lang='lat' dir='ltr'>per</span> <span class='ocrx_word' id='word_1_101' title='bbox 414 1871 592 1946; x_wconf 85' lang='lat' dir='ltr'>auriculas,</span> <span class='ocrx_word' id='word_1_102' title='bbox 612 1881 647 1934; x_wconf 93' lang='lat' dir='ltr'>et</span> <span class='ocrx_word' id='word_1_103' title='bbox 668 1872 757 1954; x_wconf 91' lang='lat' dir='ltr'>quod</span> <span class='ocrx_word' id='word_1_104' title='bbox 778 1871 843 1936; x_wconf 91' lang='lat' dir='ltr'>hae</span> <span class='ocrx_word' id='word_1_105' title='bbox 862 1874 1106 1936; x_wconf 89' lang='lat' dir='ltr'>continuantur</span> <span class='ocrx_word' id='word_1_106' title='bbox 1129 1875 1163 1936; x_wconf 94' lang='lat' dir='ltr'>in</span> <span class='ocrx_word' id='word_1_107' title='bbox 1186 1875 1385 1956; x_wconf 92' lang='lat' dir='ltr'>pulmonum</span> <span class='ocrx_word' id='word_1_108' title='bbox 1405 1877 1456 1938; x_wconf 93' lang='lat' dir='ltr'>in·</span> 
     </span>
     <span class='ocr_line' id='line_1_14' title="bbox 333 1965 1455 2048; baseline 0.004 -22"><span class='ocrx_word' id='word_1_109' title='bbox 333 1965 481 2041; x_wconf 89' lang='lat' dir='ltr'>teriora;</span> <span class='ocrx_word' id='word_1_110' title='bbox 505 1973 578 2026; x_wconf 93' lang='lat' dir='ltr'>tum</span> <span class='ocrx_word' id='word_1_111' title='bbox 597 1965 689 2046; x_wconf 90' lang='lat' dir='ltr'>quod</span> <span class='ocrx_word' id='word_1_112' title='bbox 708 1965 824 2026; x_wconf 93' lang='lat' dir='ltr'>omnia</span> <span class='ocrx_word' id='word_1_113' title='bbox 842 1965 973 2028; x_wconf 89' lang='lat' dir='ltr'>viscera</span> <span class='ocrx_word' id='word_1_114' title='bbox 996 1965 1103 2028; x_wconf 89' lang='lat' dir='ltr'>totius</span> <span class='ocrx_word' id='word_1_115' title='bbox 1122 1968 1274 2048; x_wconf 87' lang='lat' dir='ltr'>corporis</span> <span class='ocrx_word' id='word_1_116' title='bbox 1297 1986 1374 2030; x_wconf 86' lang='lat' dir='ltr'>cum</span> <span class='ocrx_word' id='word_1_117' title='bbox 1398 1987 1455 2030; x_wconf 93' lang='lat' dir='ltr'>ca·</span> 
     </span>
     <span class='ocr_line' id='line_1_15' title="bbox 332 2054 1454 2140; baseline 0.004 -22"><span class='ocrx_word' id='word_1_118' title='bbox 332 2075 429 2119; x_wconf 90' lang='lat' dir='ltr'>mera</span> <span class='ocrx_word' id='word_1_119' title='bbox 439 2054 587 2138; x_wconf 67' lang='lat' dir='ltr'>pectoris</span> <span class='ocrx_word' id='word_1_120' title='bbox 598 2076 657 2138; x_wconf 92' lang='lat' dir='ltr'>per</span> <span class='ocrx_word' id='word_1_121' title='bbox 668 2054 857 2137; x_wconf 87' lang='lat' dir='ltr'>ligamenta</span> <span class='ocrx_word' id='word_1_122' title='bbox 869 2056 1049 2138; x_wconf 70' lang='lat' dir='ltr'>conjuncta</span> <span class='ocrx_word' id='word_1_123' title='bbox 1059 2059 1140 2132; x_wconf 92' lang='lat' dir='ltr'>sint,</span> <span class='ocrx_word' id='word_1_124' title='bbox 1152 2079 1190 2121; x_wconf 92' lang='lat' dir='ltr'>ac</span> <span class='ocrx_word' id='word_1_125' title='bbox 1204 2060 1252 2122; x_wconf 89' lang='lat' dir='ltr'>ita</span> <span class='ocrx_word' id='word_1_126' title='bbox 1263 2056 1454 2140; x_wconf 69' lang='lat' dir='ltr'>conjundta</span> 
     </span>
     <span class='ocr_line' id='line_1_16' title="bbox 331 2147 1456 2231; baseline 0.005 -22"><span class='ocrx_word' id='word_1_127' title='bbox 331 2157 373 2210; x_wconf 88' lang='lat' dir='ltr'>ut</span> <span class='ocrx_word' id='word_1_128' title='bbox 397 2147 479 2211; x_wconf 95' lang='lat' dir='ltr'>dum</span> <span class='ocrx_word' id='word_1_129' title='bbox 498 2147 615 2229; x_wconf 91' lang='lat' dir='ltr'>pulmo</span> <span class='ocrx_word' id='word_1_130' title='bbox 634 2148 791 2229; x_wconf 89' lang='lat' dir='ltr'>respirat,</span> <span class='ocrx_word' id='word_1_131' title='bbox 812 2149 927 2211; x_wconf 94' lang='lat' dir='ltr'>omnia</span> <span class='ocrx_word' id='word_1_132' title='bbox 949 2157 985 2212; x_wconf 94' lang='lat' dir='ltr'>et</span> <span class='ocrx_word' id='word_1_133' title='bbox 1009 2150 1145 2231; x_wconf 91' lang='lat' dir='ltr'>singula</span> <span class='ocrx_word' id='word_1_134' title='bbox 1167 2152 1201 2213; x_wconf 91' lang='lat' dir='ltr'>in</span> <span class='ocrx_word' id='word_1_135' title='bbox 1225 2152 1397 2214; x_wconf 92' lang='lat' dir='ltr'>communi</span> <span class='ocrx_word' id='word_1_136' title='bbox 1420 2160 1456 2216; x_wconf 87' lang='lat' dir='ltr'>et</span> 
     </span>
     <span class='ocr_line' id='line_1_17' title="bbox 330 2239 1454 2324; baseline 0.003 -21"><span class='ocrx_word' id='word_1_137' title='bbox 330 2241 369 2303; x_wconf 92' lang='lat' dir='ltr'>in</span> <span class='ocrx_word' id='word_1_138' title='bbox 385 2250 484 2322; x_wconf 91' lang='lat' dir='ltr'>parte</span> <span class='ocrx_word' id='word_1_139' title='bbox 500 2239 625 2322; x_wconf 91' lang='lat' dir='ltr'>aliquid</span> <span class='ocrx_word' id='word_1_140' title='bbox 645 2260 690 2302; x_wconf 90' lang='lat' dir='ltr'>ex</span> <span class='ocrx_word' id='word_1_141' title='bbox 706 2241 927 2322; x_wconf 90' lang='lat' dir='ltr'>respiratorio</span> <span class='ocrx_word' id='word_1_142' title='bbox 943 2251 1039 2305; x_wconf 92' lang='lat' dir='ltr'>motu</span> <span class='ocrx_word' id='word_1_143' title='bbox 1055 2243 1244 2324; x_wconf 89' lang='lat' dir='ltr'>recipiant:</span> <span class='ocrx_word' id='word_1_144' title='bbox 1269 2262 1345 2306; x_wconf 94' lang='lat' dir='ltr'>cum</span> <span class='ocrx_word' id='word_1_145' title='bbox 1365 2243 1454 2306; x_wconf 90' lang='lat' dir='ltr'>enim</span> 
     </span>
     <span class='ocr_line' id='line_1_18' title="bbox 335 2332 1456 2418; baseline 0.004 -24"><span class='ocrx_word' id='word_1_146' title='bbox 335 2332 452 2415; x_wconf 91' lang='lat' dir='ltr'>pulmo</span> <span class='ocrx_word' id='word_1_147' title='bbox 471 2333 645 2407; x_wconf 91' lang='lat' dir='ltr'>tumescit,</span> <span class='ocrx_word' id='word_1_148' title='bbox 665 2341 745 2396; x_wconf 92' lang='lat' dir='ltr'>tunc</span> <span class='ocrx_word' id='word_1_149' title='bbox 765 2341 886 2396; x_wconf 90' lang='lat' dir='ltr'>costae</span> <span class='ocrx_word' id='word_1_150' title='bbox 905 2334 1109 2415; x_wconf 87' lang='lat' dir='ltr'>expandunt</span> <span class='ocrx_word' id='word_1_151' title='bbox 1127 2334 1316 2408; x_wconf 90' lang='lat' dir='ltr'>thoracem,</span> <span class='ocrx_word' id='word_1_152' title='bbox 1339 2334 1456 2418; x_wconf 86' lang='lat' dir='ltr'>pleura</span> 
     </span>
     <span class='ocr_line' id='line_1_19' title="bbox 335 2423 1455 2506; baseline 0.003 -19"><span class='ocrx_word' id='word_1_153' title='bbox 335 2425 512 2499; x_wconf 89' lang='lat' dir='ltr'>dilatatur,</span> <span class='ocrx_word' id='word_1_154' title='bbox 530 2434 565 2488; x_wconf 93' lang='lat' dir='ltr'>et</span> <span class='ocrx_word' id='word_1_155' title='bbox 589 2423 816 2506; x_wconf 86' lang='lat' dir='ltr'>diaphragma</span> <span class='ocrx_word' id='word_1_156' title='bbox 835 2424 1017 2501; x_wconf 92' lang='lat' dir='ltr'>diducitur,</span> <span class='ocrx_word' id='word_1_157' title='bbox 1038 2435 1073 2490; x_wconf 91' lang='lat' dir='ltr'>et</span> <span class='ocrx_word' id='word_1_158' title='bbox 1097 2445 1174 2490; x_wconf 93' lang='lat' dir='ltr'>cum</span> <span class='ocrx_word' id='word_1_159' title='bbox 1193 2427 1246 2490; x_wconf 93' lang='lat' dir='ltr'>his</span> <span class='ocrx_word' id='word_1_160' title='bbox 1265 2429 1381 2490; x_wconf 93' lang='lat' dir='ltr'>omnia</span> <span class='ocrx_word' id='word_1_161' title='bbox 1403 2429 1455 2491; x_wconf 94' lang='lat' dir='ltr'>in·</span> 
     </span>
     <span class='ocr_line' id='line_1_20' title="bbox 333 2517 1453 2600; baseline 0.003 -20"><span class='ocrx_word' id='word_1_162' title='bbox 333 2517 456 2580; x_wconf 84' lang='lat' dir='ltr'>seriora</span> <span class='ocrx_word' id='word_1_163' title='bbox 472 2517 635 2599; x_wconf 88' lang='lat' dir='ltr'>corporis,</span> <span class='ocrx_word' id='word_1_164' title='bbox 652 2537 739 2599; x_wconf 89' lang='lat' dir='ltr'>quae</span> <span class='ocrx_word' id='word_1_165' title='bbox 754 2536 816 2599; x_wconf 92' lang='lat' dir='ltr'>per</span> <span class='ocrx_word' id='word_1_166' title='bbox 832 2517 1023 2600; x_wconf 89' lang='lat' dir='ltr'>ligamenta</span> <span class='ocrx_word' id='word_1_167' title='bbox 1038 2540 1084 2582; x_wconf 88' lang='lat' dir='ltr'>ex</span> <span class='ocrx_word' id='word_1_168' title='bbox 1104 2519 1170 2582; x_wconf 90' lang='lat' dir='ltr'>illis</span> <span class='ocrx_word' id='word_1_169' title='bbox 1188 2539 1347 2583; x_wconf 90' lang='lat' dir='ltr'>connexa</span> <span class='ocrx_word' id='word_1_170' title='bbox 1362 2529 1453 2596; x_wconf 91' lang='lat' dir='ltr'>sunt,</span> 
     </span>
     <span class='ocr_line' id='line_1_21' title="bbox 334 2606 1453 2693; baseline 0.003 -21"><span class='ocrx_word' id='word_1_171' title='bbox 334 2629 395 2690; x_wconf 93' lang='lat' dir='ltr'>per</span> <span class='ocrx_word' id='word_1_172' title='bbox 417 2606 513 2672; x_wconf 67' lang='lat' dir='ltr'>attus</span> <span class='ocrx_word' id='word_1_173' title='bbox 537 2608 753 2691; x_wconf 89' lang='lat' dir='ltr'>pulmonicos</span> <span class='ocrx_word' id='word_1_174' title='bbox 779 2611 949 2692; x_wconf 91' lang='lat' dir='ltr'>recipiunt</span> <span class='ocrx_word' id='word_1_175' title='bbox 976 2609 1123 2693; x_wconf 92' lang='lat' dir='ltr'>aliquem</span> <span class='ocrx_word' id='word_1_176' title='bbox 1147 2608 1282 2675; x_wconf 72' lang='lat' dir='ltr'>adium:</span> <span class='ocrx_word' id='word_1_177' title='bbox 1315 2631 1358 2675; x_wconf 91' lang='lat' dir='ltr'>ne</span> <span class='ocrx_word' id='word_1_178' title='bbox 1382 2631 1453 2675; x_wconf 92' lang='lat' dir='ltr'>me-</span> 
     </span>
     <span class='ocr_line' id='line_1_22' title="bbox 335 2700 1452 2784; baseline 0.004 -21"><span class='ocrx_word' id='word_1_179' title='bbox 335 2720 465 2764; x_wconf 92' lang='lat' dir='ltr'>morem</span> <span class='ocrx_word' id='word_1_180' title='bbox 484 2700 592 2783; x_wconf 90' lang='lat' dir='ltr'>plura,</span> <span class='ocrx_word' id='word_1_181' title='bbox 613 2721 655 2764; x_wconf 95' lang='lat' dir='ltr'>ne</span> <span class='ocrx_word' id='word_1_182' title='bbox 677 2700 727 2763; x_wconf 93' lang='lat' dir='ltr'>illi</span> <span class='ocrx_word' id='word_1_183' title='bbox 750 2702 806 2784; x_wconf 89' lang='lat' dir='ltr'>qui</span> <span class='ocrx_word' id='word_1_184' title='bbox 829 2721 897 2764; x_wconf 94' lang='lat' dir='ltr'>non</span> <span class='ocrx_word' id='word_1_185' title='bbox 921 2702 955 2764; x_wconf 94' lang='lat' dir='ltr'>in</span> <span class='ocrx_word' id='word_1_186' title='bbox 979 2702 1124 2766; x_wconf 91' lang='lat' dir='ltr'>scientia</span> <span class='ocrx_word' id='word_1_187' title='bbox 1142 2703 1338 2767; x_wconf 89' lang='lat' dir='ltr'>anatomica</span> <span class='ocrx_word' id='word_1_188' title='bbox 1360 2713 1452 2780; x_wconf 90' lang='lat' dir='ltr'>sunt,</span> 
     </span>
     <span class='ocr_line' id='line_1_23' title="bbox 332 2793 1454 2874; baseline 0.004 -18"><span class='ocrx_word' id='word_1_189' title='bbox 332 2813 379 2856; x_wconf 88' lang='lat' dir='ltr'>ex</span> <span class='ocrx_word' id='word_1_190' title='bbox 398 2793 594 2874; x_wconf 85' lang='lat' dir='ltr'>ignorantia</span> <span class='ocrx_word' id='word_1_191' title='bbox 613 2793 835 2856; x_wconf 90' lang='lat' dir='ltr'>terminorum</span> <span class='ocrx_word' id='word_1_192' title='bbox 854 2793 943 2856; x_wconf 92' lang='lat' dir='ltr'>illius</span> <span class='ocrx_word' id='word_1_193' title='bbox 962 2794 1127 2857; x_wconf 89' lang='lat' dir='ltr'>scientiae</span> <span class='ocrx_word' id='word_1_194' title='bbox 1150 2795 1182 2857; x_wconf 96' lang='lat' dir='ltr'>in</span> <span class='ocrx_word' id='word_1_195' title='bbox 1206 2794 1454 2860; x_wconf 91' lang='lat' dir='ltr'>obscuritatem</span> 
     </span>
     <span class='ocr_line' id='line_1_24' title="bbox 332 2881 1453 2968; baseline 0.004 -21"><span class='ocrx_word' id='word_1_196' title='bbox 332 2883 465 2948; x_wconf 90' lang='lat' dir='ltr'>dehac</span> <span class='ocrx_word' id='word_1_197' title='bbox 489 2884 699 2947; x_wconf 89' lang='lat' dir='ltr'>reveniant.</span> <span class='ocrx_word' id='word_1_198' title='bbox 744 2881 894 2949; x_wconf 89' lang='lat' dir='ltr'>Consule</span> <span class='ocrx_word' id='word_1_199' title='bbox 918 2886 1023 2949; x_wconf 94' lang='lat' dir='ltr'>modo</span> <span class='ocrx_word' id='word_1_200' title='bbox 1046 2888 1242 2950; x_wconf 90' lang='lat' dir='ltr'>anatomiae</span> <span class='ocrx_word' id='word_1_201' title='bbox 1265 2906 1393 2968; x_wconf 91' lang='lat' dir='ltr'>gnaros</span> <span class='ocrx_word' id='word_1_202' title='bbox 1416 2897 1453 2952; x_wconf 88' lang='lat' dir='ltr'>et</span> 
     </span>
     <span class='ocr_line' id='line_1_25' title="bbox 332 2975 1452 3060; baseline 0.003 -20"><span class='ocrx_word' id='word_1_203' title='bbox 332 2994 489 3058; x_wconf 84' lang='lat' dir='ltr'>sagaces,</span> <span class='ocrx_word' id='word_1_204' title='bbox 507 2995 621 3039; x_wconf 89' lang='lat' dir='ltr'>annon</span> <span class='ocrx_word' id='word_1_205' title='bbox 641 2975 756 3039; x_wconf 93' lang='lat' dir='ltr'>omnia</span> <span class='ocrx_word' id='word_1_206' title='bbox 773 2976 807 3038; x_wconf 95' lang='lat' dir='ltr'>in</span> <span class='ocrx_word' id='word_1_207' title='bbox 826 2984 904 3040; x_wconf 94' lang='lat' dir='ltr'>toto</span> <span class='ocrx_word' id='word_1_208' title='bbox 924 2997 1065 3060; x_wconf 91' lang='lat' dir='ltr'>corpore</span> <span class='ocrx_word' id='word_1_209' title='bbox 1085 2998 1105 3041; x_wconf 92' lang='lat' dir='ltr'>a</span> <span class='ocrx_word' id='word_1_210' title='bbox 1127 2975 1265 3060; x_wconf 73' lang='lat' dir='ltr'>petione</span> <span class='ocrx_word' id='word_1_211' title='bbox 1285 2979 1329 3042; x_wconf 91' lang='lat' dir='ltr'>ad</span> <span class='ocrx_word' id='word_1_212' title='bbox 1348 2980 1452 3045; x_wconf 92' lang='lat' dir='ltr'>imum</span> 
     </span>
     <span class='ocr_line' id='line_1_26' title="bbox 332 3067 1451 3154; baseline 0.004 -24"><span class='ocrx_word' id='word_1_213' title='bbox 332 3067 383 3132; x_wconf 92' lang='lat' dir='ltr'>ita</span> <span class='ocrx_word' id='word_1_214' title='bbox 404 3068 571 3150; x_wconf 89' lang='lat' dir='ltr'>colligata</span> <span class='ocrx_word' id='word_1_215' title='bbox 594 3069 674 3145; x_wconf 88' lang='lat' dir='ltr'>sint,</span> <span class='ocrx_word' id='word_1_216' title='bbox 695 3076 732 3131; x_wconf 95' lang='lat' dir='ltr'>ut</span> <span class='ocrx_word' id='word_1_217' title='bbox 756 3077 970 3132; x_wconf 89' lang='lat' dir='ltr'>tumescente</span> <span class='ocrx_word' id='word_1_218' title='bbox 999 3090 1060 3151; x_wconf 93' lang='lat' dir='ltr'>per</span> <span class='ocrx_word' id='word_1_219' title='bbox 1092 3071 1352 3153; x_wconf 88' lang='lat' dir='ltr'>respirationem</span> <span class='ocrx_word' id='word_1_220' title='bbox 1376 3071 1451 3154; x_wconf 91' lang='lat' dir='ltr'>pul·</span> 
     </span>
     <span class='ocr_line' id='line_1_27' title="bbox 333 3158 1452 3245; baseline 0.003 -20"><span class='ocrx_word' id='word_1_221' title='bbox 333 3180 446 3237; x_wconf 89' lang='lat' dir='ltr'>mone,</span> <span class='ocrx_word' id='word_1_222' title='bbox 467 3160 582 3224; x_wconf 93' lang='lat' dir='ltr'>omnia</span> <span class='ocrx_word' id='word_1_223' title='bbox 604 3170 641 3224; x_wconf 92' lang='lat' dir='ltr'>et</span> <span class='ocrx_word' id='word_1_224' title='bbox 670 3159 807 3243; x_wconf 86' lang='lat' dir='ltr'>singula</span> <span class='ocrx_word' id='word_1_225' title='bbox 829 3161 1028 3225; x_wconf 89' lang='lat' dir='ltr'>excitentur</span> <span class='ocrx_word' id='word_1_226' title='bbox 1057 3161 1091 3225; x_wconf 90' lang='lat' dir='ltr'>in</span> <span class='ocrx_word' id='word_1_227' title='bbox 1118 3158 1233 3227; x_wconf 71' lang='lat' dir='ltr'>actum</span> <span class='ocrx_word' id='word_1_228' title='bbox 1256 3163 1452 3245; x_wconf 91' lang='lat' dir='ltr'>pulmonico</span> 
     </span>
     <span class='ocr_line' id='line_1_28' title="bbox 332 3251 1453 3337; baseline 0.003 -19"><span class='ocrx_word' id='word_1_229' title='bbox 332 3253 575 3336; x_wconf 90' lang='lat' dir='ltr'>synchronum.</span> <span class='ocrx_word' id='word_1_230' title='bbox 621 3253 678 3316; x_wconf 90' lang='lat' dir='ltr'>Ex</span> <span class='ocrx_word' id='word_1_231' title='bbox 701 3251 753 3315; x_wconf 92' lang='lat' dir='ltr'>his</span> <span class='ocrx_word' id='word_1_232' title='bbox 777 3272 865 3316; x_wconf 92' lang='lat' dir='ltr'>nunc</span> <span class='ocrx_word' id='word_1_233' title='bbox 893 3261 1003 3335; x_wconf 91' lang='lat' dir='ltr'>patet,</span> <span class='ocrx_word' id='word_1_234' title='bbox 1024 3254 1134 3336; x_wconf 93' lang='lat' dir='ltr'>qualis</span> <span class='ocrx_word' id='word_1_235' title='bbox 1165 3264 1369 3337; x_wconf 88' lang='lat' dir='ltr'>praeparata</span> <span class='ocrx_word' id='word_1_236' title='bbox 1397 3264 1453 3321; x_wconf 85' lang='lat' dir='ltr'>est</span> 
     </span>
     <span class='ocr_line' id='line_1_29' title="bbox 333 3341 1451 3429; baseline 0.001 -18"><span class='ocrx_word' id='word_1_237' title='bbox 333 3344 528 3429; x_wconf 74' lang='lat' dir='ltr'>conjundtio</span> <span class='ocrx_word' id='word_1_238' title='bbox 541 3341 737 3410; x_wconf 71' lang='lat' dir='ltr'>intellectus</span> <span class='ocrx_word' id='word_1_239' title='bbox 756 3363 832 3408; x_wconf 95' lang='lat' dir='ltr'>cum</span> <span class='ocrx_word' id='word_1_240' title='bbox 852 3345 1010 3408; x_wconf 91' lang='lat' dir='ltr'>omnibus</span> <span class='ocrx_word' id='word_1_241' title='bbox 1028 3354 1065 3410; x_wconf 95' lang='lat' dir='ltr'>et</span> <span class='ocrx_word' id='word_1_242' title='bbox 1081 3346 1224 3429; x_wconf 86' lang='lat' dir='ltr'>singulis</span> <span class='ocrx_word' id='word_1_243' title='bbox 1239 3347 1369 3412; x_wconf 83' lang='lat' dir='ltr'>formae</span> <span class='ocrx_word' id='word_1_244' title='bbox 1386 3347 1451 3412; x_wconf 92' lang='lat' dir='ltr'>hu·</span> 
     </span>
     <span class='ocr_line' id='line_1_30' title="bbox 333 3436 1452 3514; baseline 0.003 -12"><span class='ocrx_word' id='word_1_245' title='bbox 333 3457 455 3503; x_wconf 89' lang='lat' dir='ltr'>manae</span> <span class='ocrx_word' id='word_1_246' title='bbox 484 3459 505 3503; x_wconf 89' lang='lat' dir='ltr'>a</span> <span class='ocrx_word' id='word_1_247' title='bbox 534 3437 734 3502; x_wconf 93' lang='lat' dir='ltr'>voluntate:</span> <span class='ocrx_word' id='word_1_248' title='bbox 765 3436 888 3501; x_wconf 88' lang='lat' dir='ltr'>rimare</span> <span class='ocrx_word' id='word_1_249' title='bbox 911 3437 1015 3501; x_wconf 93' lang='lat' dir='ltr'>modo</span> <span class='ocrx_word' id='word_1_250' title='bbox 1038 3457 1158 3514; x_wconf 87' lang='lat' dir='ltr'>nexus,</span> <span class='ocrx_word' id='word_1_251' title='bbox 1178 3447 1214 3503; x_wconf 91' lang='lat' dir='ltr'>et</span> <span class='ocrx_word' id='word_1_252' title='bbox 1243 3437 1352 3504; x_wconf 91' lang='lat' dir='ltr'>lustra</span> <span class='ocrx_word' id='word_1_253' title='bbox 1373 3439 1452 3505; x_wconf 75' lang='lat' dir='ltr'>illos</span> 
     </span>
     <span class='ocr_line' id='line_1_31' title="bbox 332 3528 1451 3616; baseline 0.002 -22"><span class='ocrx_word' id='word_1_254' title='bbox 332 3528 434 3594; x_wconf 92' lang='lat' dir='ltr'>oculo</span> <span class='ocrx_word' id='word_1_255' title='bbox 445 3531 655 3606; x_wconf 89' lang='lat' dir='ltr'>anatomico,</span> <span class='ocrx_word' id='word_1_256' title='bbox 665 3539 701 3593; x_wconf 92' lang='lat' dir='ltr'>et</span> <span class='ocrx_word' id='word_1_257' title='bbox 718 3537 844 3612; x_wconf 91' lang='lat' dir='ltr'>postea</span> <span class='ocrx_word' id='word_1_258' title='bbox 859 3529 1045 3592; x_wconf 89' lang='lat' dir='ltr'>secundum</span> <span class='ocrx_word' id='word_1_259' title='bbox 1063 3548 1173 3593; x_wconf 89' lang='lat' dir='ltr'>nexus</span> <span class='ocrx_word' id='word_1_260' title='bbox 1189 3528 1309 3613; x_wconf 68' lang='lat' dir='ltr'>spedta</span> <span class='ocrx_word' id='word_1_261' title='bbox 1324 3551 1451 3616; x_wconf 89' lang='lat' dir='ltr'>coope-</span> 
     </span>
     <span class='ocr_line' id='line_1_32' title="bbox 331 3623 1450 3707; baseline 0.004 -19"><span class='ocrx_word' id='word_1_262' title='bbox 331 3626 499 3690; x_wconf 87' lang='lat' dir='ltr'>rationem</span> <span class='ocrx_word' id='word_1_263' title='bbox 523 3624 658 3689; x_wconf 90' lang='lat' dir='ltr'>illorum</span> <span class='ocrx_word' id='word_1_264' title='bbox 681 3642 759 3688; x_wconf 85' lang='lat' dir='ltr'>cum</span> <span class='ocrx_word' id='word_1_265' title='bbox 782 3623 945 3706; x_wconf 89' lang='lat' dir='ltr'>pulmone</span> <span class='ocrx_word' id='word_1_266' title='bbox 963 3625 1152 3707; x_wconf 88' lang='lat' dir='ltr'>respirante</span> <span class='ocrx_word' id='word_1_267' title='bbox 1176 3636 1211 3691; x_wconf 92' lang='lat' dir='ltr'>et</span> <span class='ocrx_word' id='word_1_268' title='bbox 1235 3645 1312 3690; x_wconf 90' lang='lat' dir='ltr'>cum</span> <span class='ocrx_word' id='word_1_269' title='bbox 1335 3626 1450 3706; x_wconf 86' lang='lat' dir='ltr'>corde,</span> 
     </span>
     <span class='ocr_line' id='line_1_33' title="bbox 330 3716 1450 3804; baseline 0.003 -20"><span class='ocrx_word' id='word_1_270' title='bbox 330 3731 368 3786; x_wconf 90' lang='lat' dir='ltr'>et</span> <span class='ocrx_word' id='word_1_271' title='bbox 387 3720 467 3784; x_wconf 92' lang='lat' dir='ltr'>dein</span> <span class='ocrx_word' id='word_1_272' title='bbox 486 3740 548 3804; x_wconf 92' lang='lat' dir='ltr'>pro</span> <span class='ocrx_word' id='word_1_273' title='bbox 571 3719 734 3803; x_wconf 87' lang='lat' dir='ltr'>pulmone</span> <span class='ocrx_word' id='word_1_274' title='bbox 750 3720 868 3802; x_wconf 90' lang='lat' dir='ltr'>cogita</span> <span class='ocrx_word' id='word_1_275' title='bbox 886 3716 1112 3796; x_wconf 56' lang='lat' dir='ltr'>intellectum,</span> <span class='ocrx_word' id='word_1_276' title='bbox 1132 3729 1169 3784; x_wconf 92' lang='lat' dir='ltr'>et</span> <span class='ocrx_word' id='word_1_277' title='bbox 1186 3740 1247 3803; x_wconf 90' lang='lat' dir='ltr'>pro</span> <span class='ocrx_word' id='word_1_278' title='bbox 1264 3723 1368 3786; x_wconf 92' lang='lat' dir='ltr'>corde</span> <span class='ocrx_word' id='word_1_279' title='bbox 1389 3742 1450 3787; x_wconf 90' lang='lat' dir='ltr'>vo·</span> 
     </span>
     <span class='ocr_line' id='line_1_34' title="bbox 331 3809 878 3891; baseline -0.002 -13"><span class='ocrx_word' id='word_1_280' title='bbox 331 3815 515 3891; x_wconf 91' lang='lat' dir='ltr'>luntatem‚</span> <span class='ocrx_word' id='word_1_281' title='bbox 536 3824 572 3880; x_wconf 88' lang='lat' dir='ltr'>et</span> <span class='ocrx_word' id='word_1_282' title='bbox 592 3814 734 3879; x_wconf 87' lang='lat' dir='ltr'>videbis.</span> <span class='ocrx_word' id='word_1_283' title='bbox 868 3809 878 3826; x_wconf 86' lang='lat'>&#39;</span> 
     </span>
    </p>

    <p class='ocr_par' dir='ltr' id='par_1_3' title="bbox 319 3907 1451 4184">
     <span class='ocr_line' id='line_1_35' title="bbox 394 3907 1449 3996; baseline 0.002 -22"><span class='ocrx_word' id='word_1_284' title='bbox 394 3925 498 3995; x_wconf 78' lang='lat' dir='ltr'>4o4.</span> <span class='ocrx_word' id='word_1_285' title='bbox 526 3907 601 3996; x_wconf 90' lang='lat' dir='ltr'>(vi.)</span> <span class='ocrx_word' id='word_1_286' title='bbox 628 3907 726 3990; x_wconf 83' lang='lat' dir='ltr'>Quod</span> <span class='ocrx_word' id='word_1_287' title='bbox 746 3929 819 3974; x_wconf 87' lang='lat' dir='ltr'>cum</span> <span class='ocrx_word' id='word_1_288' title='bbox 842 3908 979 3993; x_wconf 79' lang='lat' dir='ltr'>nuptiae</span> <span class='ocrx_word' id='word_1_289' title='bbox 996 3907 1118 3990; x_wconf 73' lang='lat' dir='ltr'>fatiae</span> <span class='ocrx_word' id='word_1_290' title='bbox 1135 3921 1225 3987; x_wconf 83' lang='lat' dir='ltr'>sunt,</span> <span class='ocrx_word' id='word_1_291' title='bbox 1240 3910 1358 3993; x_wconf 75' lang='lat' dir='ltr'>prima</span> <span class='ocrx_word' id='word_1_292' title='bbox 1374 3932 1449 3976; x_wconf 82' lang='lat' dir='ltr'>con·</span> 
     </span>
     <span class='ocr_line' id='line_1_36' title="bbox 319 4003 1451 4092; baseline 0.003 -25"><span class='ocrx_word' id='word_1_293' title='bbox 319 4004 451 4092; x_wconf 60' lang='lat' dir='ltr'>jandiu</span> <span class='ocrx_word' id='word_1_294' title='bbox 476 4005 525 4070; x_wconf 86' lang='lat' dir='ltr'>sit</span> <span class='ocrx_word' id='word_1_295' title='bbox 540 4015 607 4088; x_wconf 81' lang='lat' dir='ltr'>per</span> <span class='ocrx_word' id='word_1_296' title='bbox 627 4003 832 4089; x_wconf 71' lang='lat' dir='ltr'>affelltimem</span> <span class='ocrx_word' id='word_1_297' title='bbox 853 4003 989 4079; x_wconf 80' lang='lat' dir='ltr'>sciendi,</span> <span class='ocrx_word' id='word_1_298' title='bbox 1009 4024 1052 4066; x_wconf 79' lang='lat' dir='ltr'>ex</span> <span class='ocrx_word' id='word_1_299' title='bbox 1079 4025 1146 4086; x_wconf 85' lang='lat' dir='ltr'>qua</span> <span class='ocrx_word' id='word_1_300' title='bbox 1171 4004 1303 4090; x_wconf 68' lang='lat' dir='ltr'>affecito</span> <span class='ocrx_word' id='word_1_301' title='bbox 1322 4005 1451 4070; x_wconf 77' lang='lat' dir='ltr'>ueri.-</span> 
     </span>
     <span class='ocr_line' id='line_1_37' title="bbox 331 4099 1450 4184; baseline 0.002 -18"><span class='ocrx_word' id='word_1_302' title='bbox 331 4101 394 4166; x_wconf 90' lang='lat' dir='ltr'>Per</span> <span class='ocrx_word' id='word_1_303' title='bbox 411 4101 547 4184; x_wconf 87' lang='lat' dir='ltr'>nuptias</span> <span class='ocrx_word' id='word_1_304' title='bbox 558 4099 765 4184; x_wconf 90' lang='lat' dir='ltr'>intelligitur</span> <span class='ocrx_word' id='word_1_305' title='bbox 776 4109 890 4165; x_wconf 87' lang='lat' dir='ltr'>status</span> <span class='ocrx_word' id='word_1_306' title='bbox 906 4099 1053 4163; x_wconf 92' lang='lat' dir='ltr'>hominis</span> <span class='ocrx_word' id='word_1_307' title='bbox 1066 4109 1145 4183; x_wconf 92' lang='lat' dir='ltr'>post</span> <span class='ocrx_word' id='word_1_308' title='bbox 1161 4111 1307 4183; x_wconf 91' lang='lat' dir='ltr'>partum,</span> <span class='ocrx_word' id='word_1_309' title='bbox 1318 4121 1339 4164; x_wconf 92' lang='lat' dir='ltr'>a</span> <span class='ocrx_word' id='word_1_310' title='bbox 1354 4109 1450 4168; x_wconf 88' lang='lat' dir='ltr'>statu</span> 
     </span>
    </p>
   </div>
   <div class='ocr_carea' id='block_1_3' title="bbox 330 4194 1451 4756">
    <p class='ocr_par' dir='ltr' id='par_1_4' title="bbox 330 4194 1451 4756">
     <span class='ocr_line' id='line_1_38' title="bbox 330 4194 1449 4281; baseline 0.001 -20"><span class='ocrx_word' id='word_1_311' title='bbox 330 4197 549 4281; x_wconf 86' lang='lat' dir='ltr'>ignorantiae</span> <span class='ocrx_word' id='word_1_312' title='bbox 567 4216 675 4280; x_wconf 90' lang='lat' dir='ltr'>usque</span> <span class='ocrx_word' id='word_1_313' title='bbox 699 4196 741 4259; x_wconf 90' lang='lat' dir='ltr'>ad</span> <span class='ocrx_word' id='word_1_314' title='bbox 761 4204 892 4259; x_wconf 90' lang='lat' dir='ltr'>statum</span> <span class='ocrx_word' id='word_1_315' title='bbox 911 4194 1164 4277; x_wconf 89' lang='lat' dir='ltr'>intelligentiae</span> <span class='ocrx_word' id='word_1_316' title='bbox 1186 4206 1223 4260; x_wconf 92' lang='lat' dir='ltr'>et</span> <span class='ocrx_word' id='word_1_317' title='bbox 1249 4196 1381 4261; x_wconf 83' lang='lat' dir='ltr'>abhoc</span> <span class='ocrx_word' id='word_1_318' title='bbox 1404 4195 1449 4263; x_wconf 87' lang='lat' dir='ltr'>ad</span> 
     </span>
     <span class='ocr_line' id='line_1_39' title="bbox 330 4290 1449 4376; baseline 0 -19"><span class='ocrx_word' id='word_1_319' title='bbox 330 4300 462 4358; x_wconf 88' lang='lat' dir='ltr'>statum</span> <span class='ocrx_word' id='word_1_320' title='bbox 481 4291 679 4376; x_wconf 89' lang='lat' dir='ltr'>sapientiae.</span> <span class='ocrx_word' id='word_1_321' title='bbox 724 4290 853 4354; x_wconf 90' lang='lat' dir='ltr'>Primus</span> <span class='ocrx_word' id='word_1_322' title='bbox 869 4299 993 4367; x_wconf 88' lang='lat' dir='ltr'>status,</span> <span class='ocrx_word' id='word_1_323' title='bbox 1010 4291 1067 4374; x_wconf 90' lang='lat' dir='ltr'>qui</span> <span class='ocrx_word' id='word_1_324' title='bbox 1086 4299 1140 4355; x_wconf 90' lang='lat' dir='ltr'>est</span> <span class='ocrx_word' id='word_1_325' title='bbox 1155 4308 1271 4356; x_wconf 89' lang='lat' dir='ltr'>merae</span> <span class='ocrx_word' id='word_1_326' title='bbox 1286 4291 1449 4375; x_wconf 83' lang='lat' dir='ltr'>ignoran-</span> 
     </span>
     <span class='ocr_line' id='line_1_40' title="bbox 330 4384 1450 4472; baseline 0 -20"><span class='ocrx_word' id='word_1_327' title='bbox 330 4388 412 4466; x_wconf 84' lang='lat' dir='ltr'>tiae,</span> <span class='ocrx_word' id='word_1_328' title='bbox 429 4386 483 4451; x_wconf 94' lang='lat' dir='ltr'>hic</span> <span class='ocrx_word' id='word_1_329' title='bbox 503 4406 572 4452; x_wconf 89' lang='lat' dir='ltr'>non</span> <span class='ocrx_word' id='word_1_330' title='bbox 588 4407 650 4472; x_wconf 92' lang='lat' dir='ltr'>per</span> <span class='ocrx_word' id='word_1_331' title='bbox 664 4385 802 4469; x_wconf 91' lang='lat' dir='ltr'>nuptias</span> <span class='ocrx_word' id='word_1_332' title='bbox 818 4384 1033 4468; x_wconf 87' lang='lat' dir='ltr'>intelligitur,</span> <span class='ocrx_word' id='word_1_333' title='bbox 1051 4385 1129 4469; x_wconf 90' lang='lat' dir='ltr'>quia</span> <span class='ocrx_word' id='word_1_334' title='bbox 1145 4395 1227 4452; x_wconf 90' lang='lat' dir='ltr'>tunc</span> <span class='ocrx_word' id='word_1_335' title='bbox 1244 4386 1339 4451; x_wconf 92' lang='lat' dir='ltr'>nulla</span> <span class='ocrx_word' id='word_1_336' title='bbox 1353 4385 1450 4470; x_wconf 79' lang='lat' dir='ltr'>cogi·</span> 
     </span>
     <span class='ocr_line' id='line_1_41' title="bbox 332 4477 1450 4568; baseline -0.001 -19"><span class='ocrx_word' id='word_1_337' title='bbox 332 4484 422 4550; x_wconf 92' lang='lat' dir='ltr'>tatio</span> <span class='ocrx_word' id='word_1_338' title='bbox 436 4479 631 4550; x_wconf 68' lang='lat' dir='ltr'>intellectus</span> <span class='ocrx_word' id='word_1_339' title='bbox 646 4492 712 4558; x_wconf 87' lang='lat' dir='ltr'>est,</span> <span class='ocrx_word' id='word_1_340' title='bbox 730 4481 791 4547; x_wconf 87' lang='lat' dir='ltr'>sed</span> <span class='ocrx_word' id='word_1_341' title='bbox 809 4481 885 4546; x_wconf 90' lang='lat' dir='ltr'>sola</span> <span class='ocrx_word' id='word_1_342' title='bbox 900 4477 1035 4547; x_wconf 80' lang='lat' dir='ltr'>affe8tio</span> <span class='ocrx_word' id='word_1_343' title='bbox 1053 4481 1198 4548; x_wconf 84' lang='lat' dir='ltr'>obscura</span> <span class='ocrx_word' id='word_1_344' title='bbox 1214 4502 1301 4568; x_wconf 89' lang='lat' dir='ltr'>quae</span> <span class='ocrx_word' id='word_1_345' title='bbox 1323 4483 1450 4548; x_wconf 81' lang='lat' dir='ltr'>amoris</span> 
     </span>
     <span class='ocr_line' id='line_1_42' title="bbox 330 4573 1450 4659; baseline -0.001 -18"><span class='ocrx_word' id='word_1_346' title='bbox 330 4594 392 4641; x_wconf 85' lang='lat' dir='ltr'>seu</span> <span class='ocrx_word' id='word_1_347' title='bbox 409 4576 625 4657; x_wconf 83' lang='lat' dir='ltr'>voluntatis3</span> <span class='ocrx_word' id='word_1_348' title='bbox 658 4575 714 4641; x_wconf 88' lang='lat' dir='ltr'>hic</span> <span class='ocrx_word' id='word_1_349' title='bbox 735 4583 850 4640; x_wconf 87' lang='lat' dir='ltr'>status</span> <span class='ocrx_word' id='word_1_350' title='bbox 873 4584 928 4640; x_wconf 87' lang='lat' dir='ltr'>est</span> <span class='ocrx_word' id='word_1_351' title='bbox 948 4573 1203 4640; x_wconf 91' lang='lat' dir='ltr'>initiamentum</span> <span class='ocrx_word' id='word_1_352' title='bbox 1227 4574 1271 4640; x_wconf 89' lang='lat' dir='ltr'>ad</span> <span class='ocrx_word' id='word_1_353' title='bbox 1301 4575 1450 4659; x_wconf 77' lang='lat' dir='ltr'>nuptias.</span> 
     </span>
     <span class='ocr_line' id='line_1_43' title="bbox 332 4665 1451 4756; baseline 0 -21"><span class='ocrx_word' id='word_1_354' title='bbox 332 4665 435 4754; x_wconf 85' lang='lat' dir='ltr'>Quod</span> <span class='ocrx_word' id='word_1_355' title='bbox 451 4669 485 4735; x_wconf 87' lang='lat' dir='ltr'>in</span> <span class='ocrx_word' id='word_1_356' title='bbox 501 4670 653 4738; x_wconf 85' lang='lat' dir='ltr'>secundo</span> <span class='ocrx_word' id='word_1_357' title='bbox 668 4678 773 4748; x_wconf 84' lang='lat' dir='ltr'>statu,</span> <span class='ocrx_word' id='word_1_358' title='bbox 787 4669 844 4756; x_wconf 93' lang='lat' dir='ltr'>qui</span> <span class='ocrx_word' id='word_1_359' title='bbox 858 4678 912 4736; x_wconf 87' lang='lat' dir='ltr'>est</span> <span class='ocrx_word' id='word_1_360' title='bbox 925 4667 1056 4735; x_wconf 90' lang='lat' dir='ltr'>homini</span> <span class='ocrx_word' id='word_1_361' title='bbox 1070 4668 1105 4734; x_wconf 93' lang='lat' dir='ltr'>in</span> <span class='ocrx_word' id='word_1_362' title='bbox 1117 4668 1270 4755; x_wconf 88' lang='lat' dir='ltr'>pueritia,</span> <span class='ocrx_word' id='word_1_363' title='bbox 1287 4668 1333 4735; x_wconf 77' lang='lat' dir='ltr'>sit</span> <span class='ocrx_word' id='word_1_364' title='bbox 1347 4667 1451 4735; x_wconf 81' lang='lat' dir='ltr'>affec·</span> 
     </span>
    </p>
   </div>
   <div class='ocr_carea' id='block_1_4' title="bbox 0 0 1728 5374">
    <p class='ocr_par' dir='ltr' id='par_1_5' title="bbox 0 0 1728 5374">
     <span class='ocr_line' id='line_1_44' title="bbox 0 0 1728 5374; baseline 0 5"><span class='ocrx_word' id='word_1_365' title='bbox 0 0 1728 5374; x_wconf 95' lang='lat' dir='ltr'> </span> 
     </span>
    </p>
   </div>
  </div>
 </body>
</html>
