3352 5374
415 666 462 713 uu
489 665 623 712 nivino
648 663 793 724 AMORE,
814 662 906 712 PARS
929 661 1058 712 1ν.-Ν.
1080 666 1150 730 310.
1285 663 1345 734 135

222 837 347 900 Divina
367 835 543 919 Sapientia
563 856 630 899 non
648 837 782 919 possint
802 835 902 898 aliter
921 854 1023 918 quam
1043 856 1120 898 esse
1140 845 1175 899 et
1192 835 1347 900 existere

220 934 254 996 in
273 934 348 996 aliis
371 955 390 995 a
414 954 450 994 se
474 934 599 995 creatis
621 930 668 1014 (n.
687 936 829 1014 47-51):
863 928 964 1011 Quod
988 933 1103 993 omnia
1127 932 1160 995 in
1184 933 1347 994 universo

221 1038 339 1092 creato
359 1030 427 1091 sint
448 1028 561 1090 D'rvini
583 1027 723 1090 Amoris
743 1037 778 1089 et
798 1025 944 1089 Divinae
962 1024 1159 1108 Sapientiae
1176 1027 1343 1108 recipien-

220 1123 270 1187 tia
285 1123 332 1204 (n.
342 1122 367 1162 ¹¹¹
372 1138 386 1203 5
393 1122 489 1203 5-60)
502 1143 509 1184 ε
529 1120 632 1203 Quod
645 1142 724 1185 usus
737 1123 889 1186 omnium
902 1142 989 1204 quae
1000 1132 1118 1186 creata
1129 1133 1209 1184 sunt
1222 1142 1342 1185 ascen·

219 1219 306 1283 dant
326 1239 387 1301 per
409 1220 535 1300 gradus
554 1218 598 1281 ad
622 1219 809 1293 hominem,
829 1228 865 1280 et
889 1238 949 1300 per
967 1217 1143 1281 hominem
1163 1219 1207 1281 ad
1231 1216 1345 1280 Deum

221 1313 423 1378 Creatorem
442 1335 463 1376 a
482 1335 549 1396 quo
570 1312 618 1396 (n.
638 1312 768 1395 65-68).

282 1408 386 1489 3⁰8.
417 1406 519 1490 Quod
544 1409 628 1472 fines
646 1409 831 1472 creationis
855 1409 924 1470 sint
948 1428 1040 1482 usus,
1060 1408 1135 1490 quis
1158 1428 1228 1471 non
1252 1408 1347 1472 clare

218 1504 325 1579 videt,
346 1524 423 1567 cum
442 1506 589 1586 cogitat,
609 1504 701 1587 quod
721 1524 741 1568 a
760 1502 837 1567 Deo
853 1501 1018 1566 Creatore
1037 1523 1106 1566 non
1125 1503 1216 1566 aliud
1234 1504 1343 1585 possit

219 1601 371 1663 existere
393 1610 430 1663 et
453 1600 534 1664 inde
558 1619 627 1663 non
650 1598 742 1662 aliud
762 1600 869 1662 creari
888 1617 990 1680 quam
1010 1598 1111 1661 usus?
1139 1619 1178 1661 ac
1203 1607 1241 1660 ut
1264 1619 1346 1661 usus

219 1695 275 1771 sit,
296 1695 389 1778 quod
406 1697 451 1758 sit
471 1703 610 1777 propter
627 1694 736 1758 alios?
759 1703 795 1757 et
814 1694 905 1776 quod
925 1714 1004 1756 usus
1022 1702 1164 1775 propter
1182 1713 1218 1756 se
1238 1694 1345 1756 etiam

220 1791 265 1854 sit
281 1801 425 1873 propter
442 1790 549 1853 alios?
573 1809 651 1852 nam
671 1809 751 1852 usus
770 1799 912 1871 propter
930 1809 966 1852 se
990 1799 1044 1852 est
1064 1799 1101 1851 ut
1121 1790 1154 1850 in
1174 1797 1266 1851 statu
1286 1788 1344 1865 sit,

221 1897 258 1951 ut
278 1887 323 1950 sit
342 1887 415 1949 usui
435 1885 519 1948 aliis.
566 1882 633 1966 Qui
656 1886 721 1949 hoc
741 1885 887 1966 cogitat,
906 1883 964 1946 ille
983 1885 1089 1948 etiam
1109 1894 1227 1965 potest
1247 1885 1343 1966 cogi·

220 1991 306 2058 tare,
326 1981 417 2064 quod
436 2001 516 2044 usus
543 1982 599 2063 qui
623 2001 702 2044 usus
730 2001 798 2043 non
818 1981 929 2062 possit
947 1982 1100 2044 existere
1123 1980 1168 2042 ab
1192 1980 1344 2056 homine,

219 2078 281 2142 sed
304 2077 394 2158 apud
413 2076 588 2140 hominem
610 2077 655 2140 ab
678 2075 759 2158 lpso
782 2097 802 2138 a
825 2097 892 2159 quo
911 2095 1013 2139 omne
1032 2076 1123 2157 quod
1143 2077 1263 2140 existit
1287 2085 1342 2140 est

220 2193 310 2247 usus,
331 2174 380 2235 ita
399 2193 419 2234 a
438 2172 599 2235 Domino.

282 2282 389 2348 3⁰9.
419 2265 487 2330 Sed
506 2267 585 2349 quia
603 2268 646 2330 de
664 2266 782 2331 formis
800 2285 920 2329 usuum
939 2266 994 2330 hie
1013 2269 1138 2348 agitur,
1160 2267 1203 2330 de
1222 2266 1288 2330 illis
1306 2267 1343 2332 in

219 2359 286 2428 hoc
304 2363 425 2426 ordine
444 2363 577 2425 dicetur
587 2381 641 2424 :-

398 2493 441 2562 (i.)
469 2493 554 2564 Quod
564 2495 597 2546 in
609 2495 699 2548 terris
712 2495 754 2547 sit
767 2498 887 2548 conatus
897 2493 1084 2565 producendi
1095 2511 1164 2548 usus
1177 2498 1210 2548 in
1220 2497 1345 2566 formas

536 2581 585 2618 seu
591 2565 713 2635 sormas
725 2581 839 2618 amum.

388 2633 442 2704 (ii.)
470 2635 555 2758 Quot:l
561 2637 596 2720 ξπ
608 2635 854 2720 omnr'drcsfqrmat
866 2652 970 2690 usuum
984 2637 1026 2690 sit
1037 2635 1138 2706 aliqua
1151 2638 1250 2708 imago
1261 2653 1344 2692 crea·

551 2722 628 2759 zonas
639 2722 778 2760 untuersr.

373 2773 440 2847 (iii.)
468 2776 553 2847 Quod
562 2779 594 2862 {n
607 2777 737 2831 omnt’bus
740 2777 855 2847 formis
863 2793 968 2831 nstrum
977 2779 1019 2830 sit
1025 2777 1128 2847 aliqua
1138 2779 1237 2850 imago
1250 2778 1340 2833 laomi-

378 2917 440 2988 (ιν.)
469 2864 557 2989 Quot:ll
559 2864 595 2971 ²rit
607 2918 736 2973 omnibus
739 2919 853 2989 formis
865 2935 970 2973 usuum
985 2921 1026 2972 sit
1038 2919 1141 2989 aliqua
1157 2921 1255 2992 tiarago
1269 2921 1334 2990 Infi

537 2992 599 3042 niti
608 2994 636 3042 et
647 2990 776 3043 Aeterni.

282 3137 382 3208 310.
407 3120 459 3205 (i.)
487 3119 584 3198 Quod
598 3121 633 3185 in
652 3122 754 3185 terris
773 3121 821 3185 sit
833 3131 970 3186 conatus
979 3121 1189 3203 producendi
1200 3144 1282 3187 usus
1304 3124 1344 3189 in

216 3216 356 3301 formis,
374 3217 574 3297 seusormas
590 3213 866 3297 usuum-Quod
882 3217 917 3280 in
934 3217 1033 3279 terris
1049 3216 1107 3279 ille
1124 3226 1266 3280 conatus
1282 3221 1343 3296 sit,

219 3322 360 3378 constat
377 3333 422 3375 ex
441 3313 572 3394 origine
592 3312 745 3375 illarum:
775 3310 866 3394 quod
886 3311 1102 3374 substantiae
1122 3322 1157 3374 et
1178 3314 1345 3378 materiae

218 3431 264 3473 ex
272 3409 393 3492 quibus
403 3419 515 3472 terrae
524 3409 689 3482 sunt‚sint
699 3407 783 3470 fines
795 3417 830 3470 et
843 3407 1106 3470 terminationes
1117 3409 1339 3490 atmosphae-

218 3524 341 3579 rarum‚
361 3524 448 3587 quae
466 3524 486 3566 a
505 3501 586 3566 Sole
609 3502 776 3584 spirituali
800 3511 836 3565 ut
860 3522 939 3565 usus
958 3503 1162 3584 procedunt,
1182 3504 1345 3570 videatur

219 3619 319 3683 supra
334 3597 381 3680 (n.
396 3613 467 3680 305,
483 3597 560 3680 306)
574 3619 581 3676 ;
606 3608 641 3662 et
659 3599 737 3680 quia
750 3598 967 3661 substantiae
980 3607 1016 3662 et
1029 3600 1194 3662 materiae
1207 3621 1253 3663 ex
1266 3603 1341 3684 qui·¹

217 3693 280 3758 bus
299 3703 421 3768 terrae,
440 3714 485 3756 ex
504 3692 564 3756 illa
582 3693 713 3774 origine
732 3701 823 3768 sunt,
843 3704 879 3757 et
898 3692 1033 3756 illarum
1050 3697 1345 3777 congregationes

219 3790 441 3853 continentur
458 3789 492 3851 in
512 3808 605 3852 nexu
621 3809 667 3852 ex
684 3790 990 3870 circumpressione
1008 3790 1337 3872 atmosphaerarum,

217 3885 370 3967 sequitur
388 3884 479 3966 quod
502 3883 581 3947 inde
601 3885 646 3948 sit
668 3883 737 3948 illis
757 3896 942 3968 perpetuus
963 3897 1108 3951 conatus
1128 3888 1343 3969 producendi

216 3979 343 4043 formas
355 3999 486 4043 usuum.
533 3978 648 4063 ipsam
660 3981 865 4063 qualitatem
879 3983 970 4065 quod
987 3985 1121 4065 possint
1138 3986 1343 4066 producere,

217 4074 359 4138 trahunt
377 4095 423 4138 ex
442 4096 503 4138 sua
522 4077 673 4157 origine;
705 4099 792 4160 quae
811 4088 865 4142 est
885 4079 976 4162 quod
996 4081 1066 4143 sint
1086 4079 1205 4144 ultima
1224 4090 1342 4144 atmo-

216 4167 448 4252 sphaerarum‚
473 4191 549 4234 cum
573 4173 694 4254 quibus
717 4174 795 4237 ideo
819 4174 1043 4240 concordant.
1089 4175 1224 4240 Dicitur
1245 4178 1339 4258 quod-

216 4276 362 4329 conatus
381 4265 439 4329 ille
462 4276 498 4330 et
527 4267 676 4349 qualitas
694 4269 754 4332 illa
776 4271 844 4333 sint
871 4272 905 4334 in
934 4273 1046 4346 terris,
1067 4281 1103 4335 at
1131 4271 1341 4353 intelligitur

216 4363 306 4444 quod
323 4362 393 4425 sint
404 4363 495 4444 apud
511 4361 589 4426 illas
601 4365 813 4429 substantias
829 4376 865 4430 et
882 4369 1044 4431 materias
1059 4389 1105 4431 ex
1122 4368 1243 4449 quibus
1257 4377 1336 4431 sunt

215 4463 336 4531 terrae,
357 4458 429 4520 sive
447 4456 529 4521 illae
551 4459 585 4521 in
608 4461 707 4524 terris
726 4463 806 4536 sint,
828 4462 899 4525 sive
919 4461 1105 4525 exhalatae
1135 4483 1155 4525 a
1185 4464 1283 4526 terris
1302 4463 1338 4524 in

217 4552 468 4635 atmosphaeris
498 4555 577 4617 sint.
633 4553 734 4636 Quod
762 4558 1028 4638 atmosphaerae
1055 4557 1182 4621 talibus
1213 4557 1341 4640 plenae

215 4649 293 4724 sint,
312 4659 435 4712 notum
455 4659 520 4713 est.
565 4647 668 4731 Quod
687 4650 766 4714 talis
782 4663 927 4715 conatus
947 4663 983 4717 et
1002 4653 1082 4717 talis
1102 4653 1249 4736 qualitas
1266 4654 1340 4718 sint
