3448 5374
328 717 388 786 174
677 713 878 766 SAPIENTIA
901 713 1095 764 ANGELICA

324 888 454 965 tonaei,
482 907 601 952 renum
618 898 654 952 et
670 887 805 951 vesicae
824 884 872 969 (n.
890 883 1109 969 5377-5396[?
1128 882 1252 970 5385]).
1300 885 1353 949 Ι)9
1370 905 1446 949 797-

324 983 568 1064 respondentia
600 980 749 1064 hepatis,
785 989 857 1044 tum
895 977 1017 1042 ductus
1051 978 1209 1062 hepatici,
1243 979 1377 1059 cystici,
1410 986 1447 1042 et

325 1075 535 1158 pancreatici
553 1081 600 1158 (n.
616 1069 828 1155 5783-5785).
871 1070 923 1134 De
940 1071 1245 1152 correspondentia
1261 1071 1446 1136 intestino-

324 1187 398 1232 rum
416 1164 464 1249 (n.
483 1179 679 1249 5399-5395,
699 1162 806 1246 5379).
852 1162 904 1226 De
921 1163 1228 1246 correspondentia
1246 1164 1374 1228 ossium
1396 1161 1444 1247 (77.

326 1257 541 1343 5569-5564).
598 1258 650 1321 Ι)9
681 1257 989 1338 correspondentia
1019 1258 1105 1320 cutis
1141 1255 1188 1338 (n.
1225 1254 1445 1340 5552-5573[?

327 1349 453 1435 5559]).
496 1351 548 1414 De
576 1350 881 1431 correspondentia
908 1349 994 1412 caeli
1021 1369 1097 1411 cum
1125 1348 1263 1412 homine
1293 1347 1340 1430 (n.
1370 1365 1443 1430 911,

329 1459 418 1526 1900,
437 1440 815 1524 Ι983299619812998,
832 1440 1239 1522 3624-36499747-3745,
1256 1441 1442 1522 38844992

327 1533 356 1619 l?
378 1535 489 1618 49521,
506 1550 601 1615 4279,
621 1533 737 1616 4425[8
759 1532 871 1615 44931,
891 1549 985 1613 4524,
1004 1547 1099 1613 4525,
1119 1533 1213 1612 6923,
1234 1533 1327 1613 6957,
1347 1548 1442 1613 9279,

324 1626 434 1709 9632).
481 1625 582 1708 Quod
601 1628 725 1698 omnia,
744 1647 830 1708 quae
849 1627 883 1686 in
903 1625 1030 1687 mundo
1050 1624 1195 1687 naturali
1219 1637 1254 1688 et
1279 1627 1311 1687 in
1336 1625 1445 1687 tribus

325 1717 396 1800 ejus
415 1721 529 1800 regnis
548 1728 640 1792 sunt,
658 1719 950 1800 correspondeant
976 1718 1132 1780 omnibus
1152 1737 1238 1799 quae
1262 1719 1294 1780 in
1315 1717 1445 1780 mundo

325 1811 494 1893 spirituali
518 1821 684 1892 apparent
703 1809 749 1891 (n.
771 1810 860 1888 1632,
883 1808 993 1891 1881[?
1014 1809 1119 1892 1831]‚
1135 1811 1227 1890 2758,
1242 1826 1441 1891 2990-2993,

325 1918 528 1984 2997-3993,
554 1918 751 1982 3273-3227,
778 1903 869 1981 3483,
896 1901 1093 1982 3624-3649,
1116 1918 1212 1980 4944,
1231 1917 1326 1982 4955,
1346 1901 1441 1979 4116.

325 1994 418 2073 4366,
443 2012 538 2075 4939,
569 1993 659 2074 5116.
691 2008 781 2073 5377,
810 1994 901 2073 5428,
932 2009 1023 2074 5477,
1055 1994 1149 2066 8211·
1177 1993 1288 2074 9280)·
1340 1992 1443 2076 Quod

326 2087 442 2149 omnia
464 2106 551 2167 quae
575 2089 607 2148 in
632 2085 735 2148 caelis
758 2096 937 2166 apparent,
958 2087 1026 2148 sint
1046 2086 1373 2166 correspondentiae
1394 2085 1442 2167 (n.

330 2193 420 2260 7597,
450 2193 539 2258 7539,
567 2177 872 2259 1619-1625,1807,
898 2178 1101 2258 1808,1971,
1126 2179 1325 2259 1974,1677,
1349 2179 1440 2260 7989,

330 2272 420 2352 2987,
441 2287 534 2352 2299,
555 2270 648 2343 2692,
675 2268 872 2350 3223-5226,
895 2285 988 2350 3349,
1014 2283 1106 2351 3359,
1129 2268 1242 2352 3457[8
1268 2269 1364 2352 3475]
1397 2270 1442 2332 ad

326 2365 419 2445 3485,
446 2365 537 2444 3748,
561 2363 655 2445 9481,
676 2377 770 2442 9570,
790 2361 884 2442 9576,
904 2361 1014 2443 9577).
1061 2361 1113 2425 De
1137 2364 1442 2446 correspondentia

325 2477 445 2519 sensus
465 2457 603 2519 litterae
623 2454 729 2518 Verbi
760 2462 796 2516 et
827 2473 947 2516 sensus
966 2454 1151 2534 spiritualis
1174 2455 1244 2536 ejus
1264 2455 1374 2518 ubivis
1397 2454 1442 2518 ibi

325 2547 439 2613 98777777
459 2558 523 2623 957,
544 2550 586 2612 de
605 2568 672 2631 qua
691 2549 796 2610 etiam
816 2547 973 2609 videatur
991 2547 1025 2608 in
1044 2545 1207 2611 Doc‘irina
1225 2547 1342 2612 Novae
1360 2547 1441 2611 Hie·

324 2638 509 2722 rosolymae
526 2638 566 2703 de
584 2637 916 2720 1¹¹Scripturasacra
935 2636 982 2720 (n.
1004 2638 1095 2718 5-96,
1117 2637 1251 2720 27-69[?
1270 2639 1356 2722 65]).

388 2735 486 2817 378·
511 2732 586 2816 (iii.)
614 2733 711 2811 Quod
728 2733 884 2796 voluntas
902 2733 1156 2814 correspondeat
1175 2734 1279 2810 cordi,
1300 2756 1368 2798 non
1392 2737 1443 2800 ita

324 2827 416 2892 clare
433 2829 645 2909 singillatim,
663 2828 751 2890 sicut
771 2848 816 2890 ex
836 2826 1016 2890 voluntate
1036 2826 1182 2890 lustrata
1200 2829 1234 2890 777
1254 2825 1440 2904 9779877995,

325 2930 362 2983 777
380 2941 481 3001 supra
499 2917 545 3001 [n.
566 2918 640 3001 375]
661 2917 870 2992 dictumest,
888 2929 1048 2982 constare
1061 2929 1189 3000 potest.
1233 2918 1440 3002 Singillatim

324 3023 486 3077 constare
505 3022 622 3095 potest
645 3032 689 3074 ex
715 3031 767 3084 eo,
788 3011 879 3092 quod
898 3031 1019 3075 omnes
1038 3009 1235 3075 affectiones
1251 3033 1338 3094 quae
1361 3023 1441 3078 sunt

324 3107 450 3169 amoris
462 3105 626 3168 inducant
644 3103 853 3180 mutationes
870 3103 964 3166 cordi
977 3105 1089 3187 quoad
1107 3105 1345 3170 motitationes
1358 3108 1439 3188 ejus,

325 3207 362 3262 ut
386 3207 485 3280 patet
509 3219 530 3260 a
552 3197 650 3280 pulsu
673 3197 885 3271 arteriarum,
910 3217 996 3278 quae
1021 3214 1097 3258 cum
1121 3197 1223 3260 corde
1246 3197 1440 3278 synchrone

324 3302 444 3374 agunt.
486 3289 697 3354 Mutationes
721 3300 757 3353 et
782 3290 1021 3354 motitationes
1041 3287 1112 3369 ejus
1131 3290 1318 3353 secundum
1338 3289 1439 3355 affec-

324 3385 438 3447 tiones
461 3386 586 3448 amoris
616 3393 695 3446 sunt
722 3385 928 3447 innumerae.
975 3380 1059 3443 Illae
1090 3401 1175 3463 quae
1206 3403 1265 3464 per
1295 3385 1440 3465 digitum

324 3478 518 3539 sentiuntur
534 3486 612 3539 sunt
630 3478 743 3551 modo,
762 3478 852 3560 quod
872 3475 984 3558 pulset
1002 3473 1096 3536 lente
1112 3474 1167 3536 vel
1184 3475 1351 3551 celeriter,
1369 3476 1440 3540 alte

323 3567 380 3629 vel
399 3567 583 3643 humiliter,
601 3568 752 3631 molliter
769 3568 823 3631 vel
842 3569 981 3642 duriter,
999 3566 1188 3650 aequaliter
1205 3568 1260 3631 vel
1279 3569 1439 3650 inaequa-

325 3657 413 3733 liter,
431 3669 467 3720 et
486 3661 534 3721 sic
553 3680 674 3742 porr0;
706 3661 755 3723 ita
774 3659 875 3723 aliter
898 3661 930 3722 in
955 3659 1088 3722 laetitia
1105 3679 1205 3742 quam
1229 3661 1262 3722 in
1287 3661 1438 3735 tristitia,

323 3748 425 3812 aliter
447 3749 480 3811 in
505 3750 754 3833 tranquillitate
775 3753 878 3814 animi
898 3770 999 3834 quam
1023 3752 1055 3814 in
1079 3751 1263 3826 iracundia,
1283 3751 1384 3815 aliter
1406 3753 1440 3815 in

323 3841 560 3922 intrepiditate
573 3861 673 3925 quam
690 3843 724 3905 in
741 3843 875 3919 timore,
893 3842 994 3907 aliter
1008 3845 1042 3906 in
1060 3845 1186 3908 morbis
1203 3843 1322 3908 calidis
1337 3864 1440 3926 quam

323 3937 357 4001 in
377 3937 520 4020 frigidis,
540 3946 576 4002 et
599 3939 647 4002 sic
671 3960 783 4022 porro.
829 3937 1001 4020 Quoniam
1022 3941 1133 4003 cordis
1152 3950 1278 4014 motus,
1299 3941 1355 4023 qui
1378 3959 1440 4002 vo·

324 4039 445 4094 cantur
470 4031 604 4113 systole
634 4040 670 4096 et
700 4031 859 4107 diastole,
881 4033 1067 4096 secundum
1095 4029 1291 4096 affectiones
1315 4033 1442 4096 amoris

323 4119 470 4204 cujusvis
486 4123 535 4188 ita
552 4133 728 4188 mutantur
743 4134 779 4188 et
795 4127 978 4199 variantur,
992 4124 1071 4188 ideo
1087 4124 1200 4208 plures
1216 4145 1261 4189 ex
1278 4123 1439 4207 antiquis,

322 4223 361 4279 et
384 4235 429 4278 ex
448 4214 514 4279 illis
533 4215 635 4299 aliqui
654 4216 818 4292 hodierni,
836 4219 1089 4300 adscripserunt
1113 4217 1207 4281 cordi
1230 4213 1439 4292 affectiones,

322 4317 360 4370 et
390 4328 525 4391 quoque
544 4308 753 4372 domicilium
772 4309 905 4373 illarum
932 4311 978 4374 ibi
1001 4320 1210 4375 statuerunt.
1255 4308 1312 4372 Ex
1340 4309 1439 4372 eoin

322 4421 543 4467 communem
564 4423 757 4468 sermonem
777 4406 872 4468 venit
892 4404 1005 4469 dicere
1035 4424 1094 4468 797
1116 4404 1372 4486 magnanimum
1403 4413 1441 4468 et

324 4497 494 4572 timidum,
516 4519 575 4561 cor
598 4498 727 4562 laetum
752 4510 788 4563 et
812 4501 923 4572 triste,
952 4519 1011 4563 797
1034 4499 1138 4563 7779719
1167 4509 1202 4562 97
1230 4499 1360 4573 durum,
1381 4517 1442 4562 cor

323 4611 485 4672 magnum
511 4603 546 4655 et
572 4593 740 4675 pusillum,
761 4615 819 4658 cor
842 4597 1013 4677 integrum
1041 4606 1076 4658 et
1103 4593 1255 4664 frattum,
1277 4613 1336 4656 cor
1365 4612 1440 4656 car·

324 4703 425 4746 neum
446 4695 480 4747 et
501 4685 692 4767 lapideum;
723 4688 868 4769 pinguis,
889 4688 1012 4760 mollis,
1034 4689 1126 4751 mitis
1146 4688 1259 4762 corde,
1280 4686 1363 4750 dare
1382 4706 1442 4751 cor
