3418 5370
316 641 378 708 292
667 639 873 692 SAPIENTIA
896 639 1093 692 ANGELICA

315 831 424 894 genus
443 809 629 875 humanum
648 811 682 874 in
702 811 754 875 his
773 813 927 894 partibus
947 812 1038 876 orbis
1058 813 1172 878 decies
1192 813 1334 878 excedit
1353 812 1441 879 mul-

313 911 463 973 titudine
482 909 515 972 id
535 929 645 990 genus
664 908 849 972 humanum
869 911 961 992 quod
980 911 1013 974 in
1034 921 1131 994 parte
1148 911 1239 975 orbis
1256 911 1442 978 Christiani

314 1014 390 1083 est;
415 1015 450 1068 et
474 1005 507 1068 in
527 1003 592 1068 hac
612 1015 692 1068 sunt
713 1005 822 1086 pauci,
843 1006 899 1087 qui
919 1006 1122 1088 religionem
1146 1007 1180 1069 in
1204 1009 1277 1071 vita
1296 1017 1441 1092 ponunt.

315 1097 406 1184 Quid
436 1101 552 1184 itaque
579 1100 730 1163 insanius
758 1109 812 1164 est
843 1101 995 1176 credere,
1017 1122 1118 1185 quam
1142 1104 1232 1185 quod
1263 1103 1297 1166 hi
1327 1102 1440 1167 solum

314 1196 502 1270 salventur,
516 1205 553 1259 et
570 1195 620 1259 illi
636 1195 924 1274 condemnentur,
938 1207 974 1262 et
991 1198 1083 1280 quod
1096 1197 1230 1261 caelum
1248 1199 1292 1262 sit
1308 1199 1440 1264 homini

314 1312 360 1357 ex
381 1292 578 1369 nativitate,
598 1301 634 1356 et
655 1311 723 1356 non
742 1313 788 1356 ex
808 1292 904 1356 vita?
949 1291 1064 1375 Quare
1084 1292 1167 1358 dicit
1187 1293 1366 1372 Dominae,

364 1429 379 1452 ‘¹
388 1427 468 1478 Dico.
479 1427 576 1486 mobis,
587 1425 658 1490 quod
670 1426 747 1477 multi
759 1428 794 1476 ab
806 1427 912 1477 oriente
924 1437 951 1478 et
963 1427 1105 1478 occidente
1117 1429 1228 1478 venient
1240 1438 1267 1478 et
1279 1430 1441 1481 accumbent

445 1507 506 1543 cum
522 1493 685 1552 Abrahamo,
703 1493 781 1543 lsaco
801 1503 829 1542 et
849 1492 952 1558 Jacobo
976 1494 1003 1543 in
1028 1509 1113 1558 regno
1127 1494 1282 1555 caelorum
1305 1494 1353 1546 filil
1375 1508 1442 1546 vero

445 1559 523 1624 regni
535 1558 700 1623 ejicientur''
713 1559 821 1620 (Marta.
834 1557 889 1610 viii.
904 1571 942 1619 11,
957 1559 1005 1622 12).

314 1688 373 1753 [8.]
405 1683 597 1770 Quartum:
625 1683 723 1764 Quod
737 1683 848 1768 aliqui
862 1706 905 1748 ex
922 1684 1067 1750 humana
1079 1707 1201 1769 genere
1216 1708 1260 1751 ex
1272 1685 1438 1771 praedes·

313 1778 421 1846 tinato
446 1782 604 1847 damnati
626 1781 704 1857 sint,
725 1781 774 1845 sit
799 1780 951 1846 haeresis
973 1781 1128 1847 crudelis.
1173 1780 1320 1848 Crudele
1345 1783 1438 1848 enim

312 1886 368 1941 est
397 1879 548 1956 credere,
577 1877 669 1962 quod
697 1876 876 1953 Dominus,
901 1878 958 1961 qui
985 1887 1038 1942 est
1068 1879 1141 1961 ipse
1168 1877 1279 1944 Amor
1301 1889 1338 1943 et
1364 1879 1441 1961 ipsa

314 1969 562 2049 Misericordia,
579 1975 732 2057 patiatur
749 1984 786 2038 ut
810 1984 882 2036 tam
905 1975 1029 2056 ingens
1053 1973 1239 2039 multitudo
1261 1975 1439 2041 hominum

315 2075 477 2130 nascatur
500 2065 543 2130 ad
566 2066 748 2141 infernum,
773 2087 833 2129 seu
856 2065 949 2149 quod
974 2075 1028 2130 tot
1053 2067 1223 2147 myriades
1247 2068 1438 2149 myriadum

314 2173 501 2226 nascantur
519 2163 674 2227 damnati
690 2173 726 2227 et
746 2161 876 2237 devoti,
898 2162 963 2226 hoc
982 2172 1046 2236 est,
1064 2163 1156 2245 quod
1180 2172 1368 2228 nascantur
1385 2163 1439 2228 di·

313 2257 406 2322 aboli
429 2268 466 2322 et
488 2268 657 2336 satanae;
684 2267 720 2322 et
744 2259 836 2341 quod
860 2275 928 2322 non
951 2279 997 2322 ex
1021 2257 1147 2320 Divina
1173 2279 1234 2322 sua
1258 2257 1441 2341 Sapientia

313 2350 507 2432 provideat,
527 2370 570 2413 ne
594 2349 643 2414 illi
662 2350 718 2433 qui
737 2349 825 2413 bene
845 2350 966 2414 vivunt
988 2360 1024 2413 et
1043 2360 1239 2432 agnoscunt
1259 2349 1382 2424 Deum,
1402 2353 1438 2416 in

313 2446 430 2528 ignem
461 2457 497 2511 et
526 2445 716 2510 cruciatum
745 2457 926 2510 aeternum
956 2444 1189 2527 conjiciantur.
1236 2443 1301 2510 Est
1330 2467 1439 2530 usque

313 2540 482 2606 Dominus
498 2542 652 2605 omnium
668 2539 814 2605 Creator
829 2551 866 2605 et
885 2539 1057 2616 Salvator,
1075 2551 1111 2605 et
1130 2539 1208 2624 Ipse
1228 2541 1322 2606 solus
1341 2542 1438 2608 ducit

312 2653 446 2709 omnes,
466 2654 505 2697 ac
526 2633 651 2697 nullius
667 2642 814 2697 mortem
831 2631 927 2710 vult;
951 2653 1054 2716 quare
1071 2633 1208 2696 crudele
1227 2643 1281 2698 est
1297 2634 1439 2699 credere

313 2733 350 2790 et
372 2726 538 2806 cogitare,
558 2725 650 2808 quod
672 2735 773 2788 tanta
789 2724 976 2788 multitudo
999 2727 1154 2806 gentium
1174 2735 1210 2789 et
1234 2726 1438 2809 populorum

313 2817 377 2880 sub
400 2819 551 2901 auspicio
573 2829 608 2880 et
636 2817 700 2880 sub
729 2817 854 2881 intuitu
878 2817 989 2899 Ipsius
1012 2837 1057 2880 ex
1081 2817 1343 2900 praedestinato
1365 2828 1438 2886 tra·

313 2913 454 2978 deretur
469 2911 609 2977 diabolo
627 2912 662 2976 in
682 2913 856 2996 praedam.

313 3380 429 3467 Quor>
469 3383 651 3448 Doumus
689 3395 771 3447 nou
804 3397 931 3448 Possm
962 3396 1090 3449 noane
1127 3395 1285 3448 coum
1315 3395 1436 3449 nsoss

440 3478 610 3543 Dumna
647 3478 953 3554 Pnovrnsurma,
986 3493 1079 3556 Qum
1119 3492 1245 3542 nonas
1278 3490 1436 3543 coum

440 3585 552 3637 nans
594 3587 721 3637 ronan
758 3587 888 3638 nuans
925 3585 1083 3638 coum
1120 3574 1293 3638 Drvruuu
1324 3572 1435 3638 Ano·

439 3681 521 3733 nan
560 3681 663 3734 suun
701 3682 750 3732 sn
785 3683 944 3734 coum
980 3668 1157 3734 Drvnmu
1193 3667 1436 3735 Sanaurmu

439 3777 554 3840 sunu,
585 3777 652 3828 nn
682 3777 840 3830 cournn
870 3764 919 3830 ΒΕ
950 3765 1075 3830 lesura.

373 3975 471 4048 331·
498 3961 539 4026 In
566 3959 744 4044 Sapientia
760 3960 925 4044 Angelica
946 3960 987 4026 de
1010 3959 1136 4025 Divina
1161 3959 1193 4024 A
1200 3981 1289 4025 mare
1314 3969 1348 4025 et
1371 3959 1436 4025 Di·

310 4055 393 4124 vina
426 4057 604 4139 Sapientia
632 4067 811 4122 ostensum
847 4067 914 4132 est,
944 4057 1037 4140 quod
1068 4056 1238 4120 Dominus
1267 4056 1312 4121 sit
1340 4055 1436 4120 Divi-

310 4169 376 4215 nus
405 4147 517 4214 Amor
542 4159 578 4214 et
603 4149 728 4214 Divina
758 4148 945 4235 Sapientia,
969 4160 1005 4214 et
1034 4149 1125 4232 quod
1152 4148 1238 4212 haec
1269 4147 1337 4212 duo
1367 4149 1437 4212 sint

308 4241 426 4325 ipsum
451 4241 541 4306 Esse
564 4250 601 4307 et
624 4243 700 4325 ipsa
716 4240 811 4317 Vita,
831 4263 877 4306 ex
901 4241 1024 4324 quibus
1047 4260 1149 4303 omne
1174 4239 1239 4304 Est
1262 4251 1299 4304 et
1323 4238 1435 4318 Vivit;

309 4343 384 4400 tum
401 4333 507 4398 etiam
523 4342 703 4399 ostensum
719 4343 785 4408 est,
802 4333 894 4417 quod
911 4332 1022 4397 simile
1037 4332 1205 4415 procedat
1225 4332 1269 4397 ab
1286 4332 1378 4415 Ipso,
1398 4341 1435 4396 ut

309 4436 347 4491 et
366 4426 459 4510 quod
475 4426 638 4490 Divinum
654 4426 849 4491 Procedens
864 4427 910 4490 sit
930 4424 1020 4509 Ipse.
1066 4424 1163 4489 Inter
1177 4422 1238 4489 illa
1253 4444 1340 4508 quae
1356 4443 1436 4506 pro·

310 4517 451 4595 cedunt,
481 4528 536 4583 est
573 4519 698 4584 Divina
727 4517 950 4582 Providentia
978 4517 1196 4601 primarium;
1231 4515 1316 4580 haec
1345 4515 1435 4580 enim

311 4610 473 4676 continue
488 4621 544 4676 est
562 4611 596 4676 in
613 4609 691 4688 fine,
705 4619 846 4695 propter
860 4627 961 4693 quem
977 4617 1132 4674 creatum
1148 4617 1204 4674 est
1221 4607 1434 4672 universum:
