3418 5368
368 665 428 744 138
714 679 918 734 septenam
941 684 1139 738 nuoucrca

362 846 470 915 Tales
488 860 570 917 sunt
588 852 755 936 imprimis
771 856 982 934 sacerdotes,
1000 858 1057 942 qui
1076 879 1113 922 se
1133 879 1214 942 prae
1231 859 1319 940 Deo,
1337 876 1374 930 et
1394 885 1494 934 mun-

362 944 443 1007 dum
460 967 543 1030 prae
559 949 658 1013 caelo
670 960 811 1031 amant;
835 972 896 1015 seu
915 952 1007 1036 quod
1025 954 1128 1031 idem,
1145 957 1202 1039 qui
1222 969 1366 1043 propter
1382 962 1493 1029 hono·

361 1061 416 1104 res
440 1053 475 1106 et
496 1042 590 1108 lucra
610 1043 729 1108 colunt
754 1045 876 1122 Deum,
897 1057 933 1111 et
957 1069 1062 1132 usque
1081 1052 1382 1134 praedicaverunt,
1399 1059 1493 1143 quod

362 1135 514 1201 charitas
526 1149 562 1203 et
579 1139 674 1216 fides,
687 1161 789 1204 omne
803 1141 931 1205 bonurn
944 1153 981 1207 et
995 1164 1124 1220 verum,
1140 1156 1214 1211 turn
1228 1151 1341 1214 omnis
1354 1155 1490 1236 sapien·

361 1233 421 1308 tia,
441 1234 547 1298 immo
568 1237 760 1318 prudentia,
778 1239 847 1300 sint
869 1259 889 1300 a
909 1237 996 1314 Deo,
1017 1250 1054 1304 et
1074 1242 1157 1306 nihil
1178 1244 1222 1307 ab
1241 1245 1390 1313 homine.
1433 1255 1492 1318 [2.]

361 1325 546 1410 Quondam
566 1332 599 1394 in
619 1333 748 1396 mundo
765 1334 933 1414 spirituali
948 1336 1062 1399 audivi
1080 1338 1179 1402 binos
1191 1345 1391 1407 sacerdotes
1411 1363 1490 1410 curn

360 1425 509 1507 quodam
533 1425 653 1510 legato
674 1429 772 1510 regni
797 1429 1036 1512 disceptantes
1056 1432 1098 1496 de
1127 1435 1309 1517 prudentia
1326 1439 1490 1515 humana,

360 1540 441 1584 num
460 1523 506 1585 sit
532 1542 553 1586 a
580 1521 656 1586 Deo
675 1523 730 1587 vel
753 1524 797 1587 ab
821 1525 970 1591 homine.
1012 1526 1153 1592 Ardens
1172 1541 1247 1596 erat
1267 1534 1489 1618 disceptatio.

359 1613 447 1679 Tres
462 1616 510 1680 illi
520 1618 626 1681 corde
639 1619 857 1685 crediderunt
873 1623 1042 1699 similiter,
1055 1644 1178 1710 nempe
1196 1628 1288 1710 quod
1306 1631 1490 1712 prudentia

358 1710 508 1777 humana
524 1713 628 1779 saciat
644 1718 770 1791 omnia,
788 1727 824 1780 et
844 1718 970 1782 Divina
990 1719 1211 1785 Providentia
1227 1723 1330 1789 nihil:
1354 1727 1414 1790 sed
1432 1749 1489 1791 sa·

358 1810 529 1886 cerdotes‚
547 1811 604 1894 qui
623 1821 705 1875 tunc
723 1821 821 1876 erant
840 1815 874 1878 in
894 1814 971 1879 zelo
989 1814 1201 1899 theologico,
1215 1819 1378 1884 dicebant
1394 1823 1488 1905 quod

357 1905 441 1968 nihil
454 1907 647 1990 sapientiae
663 1919 698 1972 et
714 1909 919 1991 prudentiae
935 1911 980 1974 sit
997 1911 1041 1974 ab
1056 1910 1219 1991 homine,
1243 1924 1278 1978 et
1296 1935 1372 1980 cum
1391 1917 1486 2001 lega·

358 2007 414 2062 tus
433 2002 625 2084 regerebat,
645 2005 737 2088 quod
760 2006 808 2068 sic
834 2025 897 2069 nec
917 2005 1046 2090 aliquid
1066 2009 1301 2090 cogitationis,
1322 2012 1488 2078 dicebant

358 2096 449 2176 quod
478 2117 547 2160 non
572 2099 712 2182 aliquid.
757 2099 806 2164 Et
838 2101 916 2184 quia
944 2113 1145 2184 perceptum
1174 2115 1228 2167 est
1262 2105 1306 2168 ab
1339 2108 1488 2190 angelis,

357 2191 450 2274 quod
469 2200 542 2258 tres
557 2193 606 2258 illi
622 2195 657 2258 in
674 2196 776 2259 simili
792 2195 858 2259 fide
874 2206 1002 2274 essent,
1020 2195 1147 2262 distum
1165 2209 1220 2263 est
1240 2199 1359 2282 legato
1376 2206 1486 2287 regni,

358 2286 498 2354 “Indue
516 2299 635 2354 vestes
651 2292 854 2365 sacerdotis,
875 2301 911 2356 et
930 2291 1033 2355 crede
1052 2302 1089 2355 te
1108 2294 1324 2360 sacerdotem
1343 2319 1431 2376 esse,
1449 2309 1486 2364 et

356 2393 439 2450 tunc
459 2386 630 2472 loquere.”
675 2387 739 2452 Ille
758 2387 869 2452 induit
892 2397 930 2451 et
953 2388 1111 2463 credidit,
1132 2400 1169 2454 et
1192 2400 1274 2454 tunc
1298 2392 1370 2457 alte
1389 2395 1485 2458 locu·

356 2491 413 2545 tus
435 2494 491 2548 est
513 2483 606 2568 quod
630 2483 714 2547 nihil
738 2482 930 2564 sapientiae
953 2492 990 2547 et
1021 2484 1223 2566 prudentiae
1246 2508 1388 2569 usquam
1412 2491 1485 2554 dari

355 2581 467 2661 possit
482 2581 517 2643 in
533 2579 683 2656 homine,
702 2580 766 2642 nisi
782 2599 802 2642 a
819 2578 916 2657 Deo;
940 2599 980 2642 ac
997 2588 1099 2643 sueto
1116 2581 1254 2663 eloquio
1271 2587 1487 2665 argumentis

354 2675 579 2739 rationalibus
596 2675 699 2758 pleno
715 2675 749 2737 id
766 2675 930 2738 defendit.
977 2673 1023 2739 Et
1041 2687 1165 2758 postea
1182 2677 1269 2740 binis
1285 2679 1353 2742 illis
1368 2701 1484 2746 sacer·

355 2770 495 2834 dotibus
512 2773 617 2834 etiam
630 2769 759 2834 dietum
772 2781 837 2847 est,
854 2770 1014 2834 “Exuite
1026 2782 1155 2846 vestes,
1169 2791 1208 2835 ac
1223 2775 1353 2838 induite
1367 2787 1496 2851 vestes,

356 2867 589 2929 ministrorum
601 2859 833 2947 politicorum,
845 2875 881 2930 et
892 2867 1024 2931 credite
1036 2868 1127 2950 quod
1141 2867 1189 2930 illi
1202 2869 1306 2932 sitis.''
1332 2870 1379 2935 Et
1392 2873 1482 2936 lece·

354 2972 433 3025 runt
444 2963 505 3038 ita,
514 2970 550 3026 et
560 2959 689 3024 1¹¹simul
700 2970 782 3025 tunc
797 2963 1040 3045 cogitaverunt
1051 2985 1096 3027 ex
1108 2964 1262 3029 interiori
1275 2979 1367 3044 se,et
1378 2967 1484 3032 locuti

354 3079 400 3121 ex
417 3058 643 3142 argumentis,
661 3078 749 3140 quae
768 3059 861 3142 prius
876 3060 969 3122 intus
986 3059 1141 3123 foverant
1158 3080 1219 3142 pro
1236 3060 1386 3126 humana
1402 3085 1482 3146 pru·

354 3155 474 3220 dentia
486 3165 611 3219 contra
627 3153 788 3218 Divinam
803 3155 1067 3218 Providentiam.
1107 3155 1233 3219 Postea
1246 3169 1316 3221 tres
1329 3159 1389 3234 illi,
1404 3161 1484 3243 quia

354 3251 508 3316 insimili
527 3250 595 3316 fide
613 3250 760 3325 suerunt,
778 3251 880 3313 amici
899 3251 1012 3313 cordis
1032 3247 1112 3314 facti
1132 3262 1223 3328 sunt,
1242 3262 1276 3316 et
1294 3255 1385 3317 viam
1402 3275 1482 3336 pro·

354 3349 447 3429 priae
464 3347 678 3431 prudentiae,
696 3346 833 3429 quaein
851 3345 1017 3410 infernum
1035 3346 1161 3421 tendit,
1180 3348 1279 3410 simul
1300 3349 1483 3414 iniverunt.

417 3443 517 3525 198.
548 3443 658 3526 Supra
677 3452 857 3506 ostensum
878 3451 943 3513 est,
966 3442 1057 3523 quod
1083 3461 1152 3504 non
1176 3442 1290 3525 aliqua
1310 3447 1484 3527 cogitatio

353 3539 501 3603 hominis
520 3540 632 3614 detur,
654 3539 717 3601 nisi
741 3559 786 3601 ex
809 3535 969 3601 affdtione
988 3537 1102 3620 aliqua
1125 3538 1251 3600 amoris
1269 3540 1362 3603 vitae
1386 3539 1483 3622 ejus;

353 3645 389 3697 et
419 3634 510 3717 quod
538 3635 709 3716 cogitatio
737 3653 805 3697 non
835 3634 881 3697 sit
911 3633 1001 3696 aliud
1026 3651 1128 3715 quarn
1151 3632 1261 3697 forma
1280 3633 1483 3702 affetiionis.

354 3729 439 3794 Cum
459 3731 574 3813 itaque
590 3730 695 3793 homo
711 3731 806 3793 videt
823 3749 920 3792 suam
937 3729 1199 3810 cogitationem,
1217 3741 1253 3793 et
1273 3749 1341 3793 non
1361 3742 1483 3814 potest

353 3823 580 3902 afsedtionem,
600 3826 689 3889 hanc
714 3827 805 3889 enim
825 3827 944 3901 sentit,
965 3825 1119 3907 sequitur
1137 3824 1229 3908 quod
1252 3845 1297 3889 ex
1320 3827 1406 3903 visu,
1423 3828 1481 3910 qui

352 3932 406 3985 est
439 3924 472 3986 in
504 3922 719 4007 apparentia,
737 3932 870 3984 statuat
892 3920 984 4004 quod
1014 3920 1152 4003 propria
1174 3921 1359 4003 prudentia
1376 3921 1481 3987 faciat

352 4021 486 4099 omnia;
511 4031 546 4084 et
566 4039 634 4082 non
654 4041 699 4082 ex
719 4013 910 4094 affectione,
927 4037 1015 4101 quae
1031 4036 1100 4080 non
1119 4017 1154 4080 in
1170 4017 1280 4080 visum
1296 4019 1402 4095 venit,
1417 4019 1480 4083 sed

350 4115 385 4178 in
405 4136 554 4180 sensum.
599 4111 748 4179 Affectio
767 4115 858 4177 enirn
877 4135 914 4178 se
937 4111 1049 4176 solum
1070 4111 1271 4176 manifestat
1290 4133 1351 4197 per
1369 4115 1478 4196 quod·

352 4211 431 4276 dam
455 4211 642 4294 jucundum
666 4210 888 4292 cogitationis
919 4219 955 4273 et
985 4206 1113 4290 volupe
1135 4209 1412 4273 ratiocinationis
1435 4209 1481 4274 de

351 4329 415 4387 eo;
439 4317 474 4371 et
492 4317 574 4371 tunc
591 4306 656 4371 hoc
673 4307 799 4387 volupe
815 4315 851 4369 et
864 4302 1051 4386 jucundum
1067 4303 1150 4368 sacit
1168 4324 1271 4368 unum
1288 4323 1365 4367 cunr
1381 4305 1478 4388 cogi·

351 4405 484 4468 tatione
504 4402 594 4486 apud
613 4401 702 4478 illos,
720 4403 775 4486 qui
795 4400 914 4465 infide
933 4399 1090 4483 propriae
1107 4399 1310 4482 prudentiae
1332 4408 1413 4462 sunt
1431 4419 1477 4463 ex

350 4519 467 4564 amore
486 4499 536 4562 sui
555 4509 614 4562 aut
634 4517 815 4562 examore
835 4497 971 4575 mundi;
1003 4505 1039 4561 et
1067 4496 1237 4577 cogitatio
1263 4497 1297 4559 in
1325 4493 1480 4579 jucundo

351 4616 413 4658 suo
435 4596 508 4659 fluit
532 4595 620 4659 sicut
645 4596 741 4659 navis
764 4595 797 4657 in
821 4613 910 4657 vena
928 4591 1085 4668 fluminis,
1106 4592 1148 4655 ad
1174 4612 1276 4674 quam
1296 4589 1480 4657 nauclerus

351 4709 419 4752 non
439 4690 601 4766 advertit,
623 4691 682 4753 sed
703 4688 813 4752 solum
834 4689 876 4752 ad
896 4688 973 4751 vela
992 4709 1079 4769 quae
1099 4689 1277 4768 expandit.
