3448 5374
491 666 542 718 oa
566 664 702 716 n1v1uo
725 647 984 727 amorraeum
1006 659 1210 728 V·-N·4²4·
1347 659 1409 730 ²07

288 837 403 906 videre
422 837 532 925 qualis
552 847 605 902 est
625 837 776 920 sanguis,
796 855 857 919 per
875 853 977 919 quem
995 831 1113 918 pulmo
1136 832 1169 896 in
1189 840 1285 898 statu
1302 832 1412 916 respi-

286 935 430 1001 rationis
452 954 534 999 suae
557 943 706 998 tenetur.
753 933 874 998 Potest
897 931 1038 1013 sanguis
1060 937 1196 994 scatere
1214 929 1410 1006 immundis,

284 1029 395 1097 ethic
415 1050 522 1114 usque
540 1049 609 1093 non
629 1029 843 1112 dignoscitur
861 1048 882 1092 a
904 1026 1070 1108 sanguine
1090 1025 1241 1105 mundo;
1265 1034 1301 1089 et
1324 1044 1412 1109 quo·

284 1147 352 1212 que
370 1125 551 1208 respiratio
569 1123 720 1190 hominis
739 1143 832 1188 mere
851 1121 1016 1188 naturalis
1035 1120 1155 1186 similis
1174 1130 1319 1204 apparet
1337 1141 1412 1186 res·

286 1220 446 1306 pirationi
461 1217 609 1282 hominis
625 1215 829 1301 spiritualis:
850 1223 887 1280 at
903 1235 1009 1298 usque
1024 1214 1131 1299 probe
1143 1213 1360 1296 dignoscitur
1375 1215 1412 1278 in

284 1310 393 1388 caelo,
403 1311 544 1394 quisque
555 1309 646 1374 enim
658 1309 704 1374 ibi
716 1309 863 1391 respirat
876 1307 1064 1371 secundum
1077 1304 1272 1389 conjugium
1285 1306 1411 1370 amoris

284 1412 322 1469 et
338 1404 548 1487 sapientiae;
573 1421 676 1485 quare
691 1402 780 1465 sicut
795 1400 911 1482 angeli
926 1407 1184 1482 cognoscuntur
1196 1417 1241 1461 ex
1254 1397 1313 1461 illo
1325 1415 1409 1460 con·

282 1494 389 1579 jugio,
403 1497 508 1559 etiam
525 1503 783 1577 cognoscuntur
792 1513 837 1558 ex
850 1492 1099 1574 respiratione:
1124 1509 1211 1574 quae
1224 1509 1326 1553 causa
1341 1498 1408 1567 est,

285 1587 377 1672 quod
396 1587 478 1652 dum
497 1586 628 1672 aliquis,
649 1587 704 1670 qui
728 1605 797 1650 non
820 1586 854 1649 in
878 1583 939 1648 illo
958 1582 1119 1667 conjugio
1138 1591 1203 1658 est,
1220 1583 1254 1646 in
1274 1580 1409 1646 caelum

285 1681 391 1756 venit,
412 1681 446 1744 in
470 1697 637 1762 angorem
660 1675 809 1761 pectoris
828 1678 956 1752 veniat,
977 1695 1017 1740 ac
1040 1677 1155 1739 anima
1173 1673 1410 1757 respirationis

284 1772 356 1855 ejus
379 1770 529 1837 ludietur
551 1773 640 1835 sicut
663 1769 753 1852 apud
779 1768 858 1833 illos
881 1770 937 1852 qui
967 1769 1000 1831 in
1023 1787 1137 1849 agone
1160 1769 1281 1831 mortis
1304 1774 1408 1847 sunt3

285 1884 389 1947 quare
409 1865 513 1929 etiam
532 1864 739 1946 praecipites
758 1882 795 1925 se
813 1862 893 1925 inde
911 1860 1087 1941 dejiciunt,
1105 1868 1141 1923 et
1165 1879 1234 1924 non
1257 1861 1409 1942 requies·

284 1966 367 2021 cunt
387 1974 489 2041 quam
512 1974 590 2020 cum
609 1954 699 2037 apud
722 1953 802 2018 illos
821 1962 912 2028 sunt,
933 1954 989 2036 qui
1008 1953 1043 2015 in
1062 1951 1163 2016 simili
1181 1953 1408 2034 respiratione

285 2057 387 2126 sunt;
415 2057 499 2112 tunc
519 2049 609 2112 enim
628 2067 689 2130 per
701 2045 1044 2127 correspondentiam
1063 2044 1097 2108 in
1114 2044 1216 2107 simili
1228 2041 1408 2110 affectione

285 2150 322 2205 et
337 2141 418 2204 inde
434 2140 649 2222 cogitatione
661 2148 753 2202 sunt.
791 2138 849 2202 Ex
861 2137 914 2200 his
927 2145 1089 2202 constare
1105 2145 1232 2220 potest,
1246 2136 1338 2220 quod
1350 2135 1408 2219 qui

220 2261 222 2264 ·
284 2231 471 2314 spiritualis
488 2240 551 2307 est,
564 2231 636 2312 ejus
652 2231 793 2312 sanguis
805 2231 930 2313 purior,
941 2231 998 2312 qui
1014 2249 1034 2293 a
1049 2229 1252 2312 quibusdam
1265 2238 1409 2292 vocatur

283 2325 422 2406 spiritus
445 2323 613 2398 animalis,
628 2325 673 2388 sit
693 2323 749 2406 qui
772 2321 970 2405 purificatus
993 2332 1069 2399 est;
1101 2330 1137 2384 et
1156 2320 1247 2403 quod
1271 2329 1407 2386 tantum

284 2415 491 2497 purificatus,
503 2423 668 2498 quantum
684 2415 789 2479 homo
805 2416 839 2478 in
853 2414 1012 2497 conjugio
1024 2414 1152 2477 amoris
1167 2422 1203 2476 et
1216 2412 1407 2494 sapientiae

284 2519 348 2573 est.
393 2508 510 2572 Purior
527 2506 587 2572 ille
603 2509 744 2588 sanguis
760 2517 826 2582 est,
837 2509 893 2591 qui
912 2507 961 2570 illi
980 2505 1140 2589 conjugio
1157 2505 1314 2587 proxime
1330 2523 1407 2567 cor·

282 2601 471 2682 respondet
484 2622 491 2679 ;
511 2610 549 2664 et
560 2601 640 2684 quia
651 2599 710 2663 ille
726 2597 836 2662 influit
852 2601 887 2662 in
902 2599 1106 2681 sanguinem
1119 2598 1282 2680 corporis,
1292 2595 1406 2677 sequi·

284 2699 340 2756 tur
354 2693 446 2774 quod
465 2693 571 2756 etiam
590 2691 645 2756 hic
665 2691 839 2772 perillum
858 2689 1065 2773 purificetur.
1110 2687 1328 2756 Contrarium
1350 2695 1407 2753 est

283 2784 374 2866 apud
396 2783 486 2859 illos,
504 2785 594 2868 apud
613 2803 698 2867 quos
715 2803 811 2848 amor
827 2793 1074 2864 conspurcatus
1091 2783 1196 2846 estin
1212 2780 1406 2845 intellectu.

284 2872 364 2951 Sed,
379 2884 416 2940 ut
429 2873 558 2940 dictum
573 2887 639 2952 est,
652 2895 756 2940 nemo
771 2885 890 2958 potest
901 2875 969 2939 hoc
985 2895 1046 2957 per
1057 2872 1207 2956 aliquam
1223 2876 1405 2956 experien-

283 2968 369 3032 tiam
392 2989 438 3031 ex
461 2969 631 3051 sanguine
654 2968 848 3051 explorare,
866 2968 927 3031 sed
950 2975 1067 3050 potest
1090 2987 1136 3030 ex
1155 2967 1281 3031 amoris
1303 2963 1406 3030 affec·

284 3059 447 3136 tionibus,
461 3061 624 3143 quoniam
640 3059 705 3124 hae
722 3060 880 3142 sanguini
897 3059 1179 3142 correspondent.

347 3169 446 3239 424.
471 3153 576 3238 (xix.)
603 3153 700 3234 Quod
715 3176 810 3220 amor
824 3163 1061 3236 conspurcatus
1079 3152 1115 3217 in
1133 3150 1300 3216 intellectu
1316 3161 1349 3214 et
1362 3149 1405 3216 ab

282 3244 340 3310 ailo
348 3245 420 3330 fiat
441 3245 621 3322 naturalis,
641 3245 809 3311 sensualis
823 3256 856 3310 et
877 3242 1219 3327 corporeus-Amor
1239 3241 1405 3308 naturalis

282 3349 460 3422 separatus
472 3339 516 3402 ab
526 3357 643 3403 amore
653 3339 831 3422 spirituali,
840 3348 894 3403 est
904 3337 1084 3420 oppositus
1097 3337 1204 3400 amori
1217 3333 1404 3419 spirituali:

283 3439 464 3506 causaest,
478 3431 557 3514 quia
572 3451 668 3495 amor
680 3431 845 3496 naturalis
861 3439 915 3494 est
932 3448 1029 3493 amor
1043 3428 1094 3492 sui
1110 3437 1147 3493 et
1162 3447 1258 3490 amor
1274 3425 1403 3503 mundi,

283 3529 319 3586 et
338 3541 435 3586 amor
453 3522 638 3604 spiritualis
657 3533 710 3587 est
728 3541 825 3588 amor
843 3521 984 3587 Domini
1002 3531 1039 3586 et
1057 3539 1155 3585 amor
1173 3518 1321 3604 proximi
1336 3539 1343 3596 ;
1367 3525 1405 3584 et

283 3631 380 3677 amor
396 3614 446 3677 sui
462 3623 499 3678 et
518 3615 635 3680 mundi
651 3612 786 3699 spedtat
802 3614 962 3678 deorsum
978 3623 1015 3678 et
1030 3621 1239 3687 extrorsum,
1253 3620 1289 3677 et
1308 3628 1405 3674 amor

284 3706 424 3772 Domini
440 3706 574 3792 spedrat
594 3729 726 3774 sursum
742 3719 778 3774 et
798 3711 1004 3789 introrsum;
1028 3729 1133 3793 quare
1148 3705 1287 3793 quando
1307 3725 1406 3770 amor

283 3800 449 3864 naturalis
461 3812 640 3884 separatus
656 3811 710 3868 est
726 3802 771 3866 ab
786 3821 902 3868 amore
918 3800 1097 3886 spirituali,
1112 3820 1181 3865 non
1198 3808 1317 3883 potest
1332 3798 1404 3863 ele·

282 3892 355 3955 vari
367 3913 387 3954 a
403 3894 540 3975 proprio
555 3893 712 3970 hominis,
727 3894 788 3958 sed
805 3903 921 3960 manet
938 3895 970 3960 ei
984 3895 1173 3969 immersus,
1185 3901 1221 3956 et
1237 3899 1404 3976 quantum

282 3983 366 4050 illud
384 3997 489 4063 amat,
502 3988 534 4052 ei
549 3988 788 4071 agglutinatus
801 4011 809 4070 ;
832 3998 868 4055 et
885 3999 968 4054 tunc
982 3990 1009 4053 si
1025 3984 1222 4054 intellet'rus
1235 3986 1403 4062 ascendit,

283 4086 319 4141 et
342 4098 387 4141 ex
412 4078 486 4144 luce
506 4080 594 4144 caeli
612 4081 708 4146 videt
728 4082 814 4146 talia
829 4102 916 4166 quae
935 4082 1127 4164 sapientiae
1145 4087 1237 4154 sunt,
1258 4076 1404 4142 retrahit

282 4169 387 4250 illam,
402 4185 438 4238 et
451 4175 628 4259 conjungit
639 4175 732 4241 illam
744 4197 860 4242 secum
873 4179 907 4243 in
919 4197 981 4242 suo
994 4178 1141 4260 proprio,
1153 4184 1190 4239 et
1201 4176 1247 4238 ibi
1259 4174 1314 4238 vel
1327 4172 1403 4256 reji-

283 4268 330 4332 cit
350 4268 409 4332 illa
425 4290 512 4353 quae
525 4273 715 4353 sapientiae
727 4283 819 4349 sunt,
831 4273 886 4338 vel
902 4271 1061 4338 falsificat
1076 4271 1145 4348 illa,
1156 4270 1212 4335 vel
1229 4271 1327 4353 ponit
1344 4268 1407 4333 illa

284 4365 411 4427 circum
436 4387 483 4440 se,
512 4375 549 4430 ut
579 4367 738 4450 loquatur
761 4367 819 4431 illa
849 4369 893 4433 ob
919 4369 1055 4448 samam.
1103 4365 1405 4448 Quemadmodum

284 4477 379 4523 amor
399 4455 564 4524 naturalis
584 4471 700 4544 potest
720 4483 780 4544 per
797 4463 925 4544 gradus
943 4463 1140 4536 ascendere,
1162 4472 1197 4524 et
1216 4459 1286 4523 fieri
1306 4460 1404 4542 spiri·

283 4555 386 4618 tualis
402 4566 437 4620 et
452 4556 625 4633 caelestis,
637 4558 686 4622 ita
701 4577 836 4640 quoque
848 4568 965 4640 potest
981 4579 1040 4640 per
1050 4555 1175 4641 gradus
1192 4554 1405 4619 descendere

284 4661 319 4714 et
338 4649 408 4714 fieri
425 4651 592 4717 sensualis
607 4660 643 4716 et
661 4669 863 4735 corporeus,
887 4661 923 4717 et
940 4661 1077 4717 tanturn
1088 4649 1281 4729 descendit,
1294 4667 1403 4734 quan·
