3358 5384
438 707 487 755 DE
512 704 647 755 DIVINO
672 703 816 764 AMORE,
838 703 931 752 PARS
954 701 1058 751 1.—N.
1080 703 1132 768 49.
1310 703 1348 768 19

224 891 305 946 sunt
337 899 455 942 usuum
480 876 715 942 continentia:
739 895 844 959 quare
868 874 895 937 si
919 870 1253 966 spettanturlsolum
1278 871 1346 935 lor-

224 999 311 1054 mae,
332 996 400 1040 non
420 982 537 1057 potest
560 975 594 1037 in
614 981 737 1037 natura
755 971 863 1035 videri
882 969 1009 1052 aliquid
1026 969 1132 1043 vitae,
1152 969 1265 1033 minus
1284 967 1347 1030 ali·

222 1073 304 1158 quid
322 1072 447 1136 amoris
463 1079 500 1135 et
519 1069 721 1153 sapientiae,
740 1069 790 1132 ita
806 1086 875 1130 non
895 1065 1022 1148 aliquid
1046 1063 1123 1127 Dei.

223 1357 337 1440 Quor>
352 1355 516 1421 D1v1nus
532 1353 653 1418 Auon
669 1366 718 1417 nr
735 1352 880 1416 Drvnrn
893 1349 1105 1415 Snrrnurrn
1121 1363 1203 1415 uon
1219 1362 1344 1414 Possm

392 1464 535 1515 innan
554 1463 664 1528 Qunu
688 1461 776 1512 assa
799 1460 848 1511 ar
868 1459 1057 1511 sxrsrsna
1077 1459 1119 1509 IN
1138 1459 1239 1510 nnus
1259 1459 1284 1508 n
1303 1459 1347 1510 sa

389 1559 562 1612 CREATIS.

282 1746 351 1817 47.
381 1731 498 1814 Ipsum
525 1730 651 1794 amoris
676 1749 746 1795 non
770 1738 824 1793 est
847 1747 963 1792 amare
987 1747 1035 1804 se,
1056 1728 1117 1792 sed
1145 1737 1199 1791 est
1230 1747 1347 1791 amare

218 1829 315 1904 alios,
329 1847 369 1892 ac
382 1828 449 1892 illis
460 1848 521 1911 per
530 1847 683 1892 amorem
697 1825 869 1908 conjungi.
902 1825 1019 1906 Ipsum
1030 1826 1155 1888 amoris
1168 1826 1273 1888 etiam
1291 1834 1344 1888 est

218 1925 263 1988 ab
278 1923 353 1988 aliis
370 1925 487 1998 amari,
501 1925 549 1987 sic
566 1925 658 1986 enim
675 1921 903 2004 conjungitur.
938 1921 1102 1985 Essentia
1119 1922 1230 1984 omnis
1247 1941 1344 1984 amo·

218 2022 262 2085 ris
278 2021 312 2082 in
331 2017 570 2101 conjunffione
590 2019 772 2095 consistit;
796 2019 902 2081 immo
915 2019 988 2081 vita
1008 2017 1080 2098 ejus
1099 2038 1186 2099 quae
1202 2025 1346 2080 vocatur

214 2114 420 2200 jucunditas,
441 2117 645 2190 amoenitas,
660 2113 831 2187 delicium,
846 2113 1005 2188 dulcedo,
1020 2113 1211 2188 beatitudo,
1225 2113 1343 2175 lausti-

217 2220 273 2275 tas
287 2220 325 2274 et
340 2210 498 2274 felicitas.
544 2209 655 2274 Amor
671 2211 705 2273 in
723 2230 765 2273 eo
777 2209 949 2282 consistit,
964 2219 1001 2271 ut
1015 2227 1113 2272 suum
1130 2209 1174 2271 sit
1191 2207 1332 2271 alterius

215 2325 256 2369 ac
285 2315 323 2369 ut
346 2307 477 2369 sentiat
499 2305 571 2387 ejus
590 2304 778 2387 jucundum
797 2314 835 2367 ut
855 2303 1043 2385 jucundum
1067 2305 1100 2367 in
1125 2325 1173 2377 se,
1194 2303 1259 2366 hoc
1288 2313 1343 2366 est

215 2421 351 2481 amare3
384 2411 420 2465 at
445 2404 574 2467 sentire
597 2421 695 2465 suum
715 2400 902 2483 jucundum
926 2401 959 2462 in
983 2400 1106 2475 altero,
1127 2409 1162 2463 et
1183 2419 1251 2462 non
1272 2399 1342 2480 ejus

215 2498 250 2560 in
269 2517 318 2573 se,
337 2517 406 2560 non
425 2506 480 2560 est
504 2517 631 2572 amare,
648 2496 714 2560 hoc
734 2497 826 2560 enim
846 2505 900 2560 est
919 2515 1036 2559 amare
1056 2515 1104 2570 se,
1118 2494 1202 2559 illud
1222 2506 1341 2559 autem

215 2612 332 2656 amare
353 2595 558 2674 proximum.
605 2591 671 2656 Illa
689 2592 757 2656 duo
775 2592 903 2655 amoris
925 2611 1055 2674 genera
1073 2601 1154 2655 sunt
1173 2612 1192 2654 e
1211 2592 1341 2656 diame-

215 2697 270 2752 tro
299 2689 363 2752 sibi
390 2690 572 2771 opposita:
606 2697 788 2770 utrumque
819 2688 956 2770 quidem
980 2685 1179 2769 conjungit3
1215 2699 1251 2750 et
1271 2707 1341 2751 non

212 2793 368 2866 apparet,
383 2785 473 2867 quod
491 2803 606 2847 amare
620 2803 728 2860 suum,
746 2783 812 2846 hoc
829 2793 895 2858 est,
910 2803 946 2845 se
960 2783 993 2845 in
1007 2781 1130 2858 altero,
1145 2783 1320 2864 disjungat
1333 2805 1341 2862 ;

213 2898 292 2943 cum
305 2888 423 2943 tamen
439 2881 489 2943 ita
502 2879 678 2962 disjungit,
693 2889 731 2943 ut
747 2889 913 2963 quantum
927 2879 1001 2961 quis
1014 2878 1162 2942 alterum
1180 2881 1227 2943 sic
1245 2899 1341 2942 ama·

212 2976 314 3051 verit,
338 2984 474 3039 tantum
505 2985 629 3058 postea
652 2974 749 3039 illum
777 2976 857 3039 odio
888 2974 1037 3039 habeat:
1073 2974 1219 3038 solvitur
1249 2977 1340 3039 enim

212 3068 409 3154 conjunetio
427 3071 488 3136 illa
507 3092 527 3135 a
545 3091 583 3135 se
606 3072 812 3147 successive,
835 3080 872 3134 et
891 3081 973 3135 tunc
994 3091 1091 3134 amor
1114 3069 1152 3134 fit
1172 3072 1287 3135 odium
1306 3073 1341 3135 in

212 3166 314 3231 simili
331 3167 449 3250 gradu.
1126 3195 1128 3202 ·

274 3261 348 3346 48.
379 3261 463 3344 Quis
483 3282 553 3326 non
573 3262 606 3326 id
623 3271 740 3346 potest
753 3261 881 3336 videre,
895 3263 951 3345 qui
971 3271 1090 3344 potest
1106 3264 1230 3327 intueri
1247 3283 1341 3326 amo·

211 3359 257 3422 ris
277 3359 487 3422 essentiam?
527 3356 617 3440 Quid
634 3359 725 3420 enim
742 3368 795 3422 est
815 3377 931 3421 amare
947 3379 985 3422 se
1001 3358 1124 3434 solum,
1138 3368 1174 3422 et
1191 3379 1260 3422 non
1277 3359 1339 3422 ali-

210 3474 314 3538 quem
327 3465 431 3519 extra
446 3475 493 3530 se,
506 3475 527 3517 a
539 3474 607 3536 quo
619 3453 839 3517 redametur?
871 3453 949 3517 Hoc
962 3455 1078 3538 potius
1091 3465 1145 3519 est
1158 3455 1341 3519 dissolutio

210 3570 313 3633 quam
339 3548 548 3632 conjundtio.
593 3547 797 3631 Conjundtio
820 3550 946 3614 amoris
969 3560 1023 3615 est
1046 3571 1067 3614 a
1090 3551 1278 3634 reciproco
1304 3561 1341 3615 et

211 3647 424 3727 reciprocum
441 3665 510 3708 non
527 3644 628 3709 datur
640 3645 674 3709 in
691 3665 728 3709 se
748 3645 843 3709 solo:
869 3647 896 3708 si
913 3655 1055 3728 putatur
1073 3646 1157 3722 dari,
1176 3657 1229 3711 est
1249 3667 1269 3708 a
1284 3669 1339 3710 re·

210 3743 352 3823 ciproco
371 3741 597 3824 imaginativo
617 3743 651 3805 in
674 3742 760 3805 aliis.
805 3741 862 3804 Ex
882 3741 935 3805 his
952 3752 1063 3825 patet,
1081 3743 1174 3826 quod
1195 3741 1340 3808 Divinus

211 3836 324 3901 Amor
347 3857 417 3901 non
448 3837 558 3920 possit
580 3837 682 3901 aliter
705 3857 806 3921 quam
830 3859 906 3901 esse
937 3846 973 3902 et
1003 3839 1155 3903 existere
1185 3839 1219 3902 in
1250 3838 1337 3914 aliis,

211 3951 298 4014 quos
321 3942 428 4008 amet,
453 3942 489 3997 et
523 3955 543 3997 a
575 3934 696 4016 quibus
719 3943 874 4012 ametur;
907 3952 983 3996 cum
1008 3935 1098 3997 enim
1123 3933 1196 3998 tale
1219 3942 1274 3998 est
1304 3935 1338 3996 in

210 4029 304 4091 omni
338 4047 466 4104 amore,
505 4031 656 4092 maxime
697 4029 773 4104 erit,
810 4027 876 4091 hoc
914 4038 979 4105 est,
1014 4027 1156 4102 infinite,
1191 4030 1240 4093 in·
1264 4030 1339 4112 ipso

213 4121 354 4187 Amore.

271 4231 347 4300 49.
377 4216 480 4300 Quod
508 4219 620 4283 Deum
645 4220 796 4284 attinet:
828 4239 944 4284 amare
971 4231 1007 4284 et
1031 4221 1207 4303 reciproce
1230 4221 1339 4285 amari

208 4333 277 4376 non
291 4324 408 4395 potest
425 4315 497 4377 dari
515 4315 548 4376 in
564 4314 650 4388 aliis,
665 4317 699 4378 in
713 4315 833 4398 quibus
846 4325 901 4380 est
913 4315 1041 4400 aliquid
1054 4316 1187 4392 infiniti,
1202 4337 1262 4380 seu
1275 4316 1337 4380 ali·

206 4407 288 4489 quid
306 4409 478 4471 essentiae
499 4419 534 4471 et
551 4410 644 4472 vitae
660 4411 786 4473 amoris
802 4410 837 4472 in
854 4431 902 4486 se,
916 4431 976 4475 seu
995 4410 1123 4495 aliquid
1143 4410 1259 4475 Divini
1276 4432 1283 4489 ;
1308 4411 1337 4475 si

207 4503 299 4566 enim
315 4502 443 4585 aliquid
457 4501 590 4579 infiniti,
605 4524 665 4567 seu
681 4507 854 4568 essentiae
870 4515 905 4568 et
919 4507 1012 4570 vitae
1025 4507 1150 4570 amoris
1163 4507 1197 4569 in
1210 4527 1259 4582 se,
1269 4505 1336 4570 hoc

207 4604 275 4672 est,
299 4598 426 4681 aliquid
451 4598 577 4674 Divini‚
598 4609 692 4664 esset
722 4602 755 4664 in
786 4600 862 4674 illis,
889 4612 970 4664 tunc
998 4621 1068 4664 non
1091 4620 1266 4666 amaretur
1292 4601 1337 4664 ab

206 4689 294 4768 aliis,
311 4693 372 4756 sed
392 4703 525 4757 amaret
544 4714 601 4774 se;
625 4695 794 4758 infinitum
815 4698 904 4759 enim
926 4719 986 4760 seu
1006 4697 1166 4760 Divinum
1187 4707 1240 4761 est
1261 4696 1335 4758 uni·
