3418 5370
492 689 1082 742 nnu1v1unaaov1naua1n.-1v.
1105 679 1175 758 328.
1332 681 1395 763 287

265 884 330 948 per
351 882 448 929 esum
472 883 517 926 ex
541 863 664 926 arbore
687 861 866 940 scientiae,
886 863 948 927 sed
972 862 1065 946 quod
1089 863 1282 930 successive
1306 864 1397 930 deri·

266 971 368 1026 vetur
387 971 422 1024 et
446 959 722 1042 transplantetur
744 979 764 1022 a
786 959 987 1042 parentibus
1010 960 1044 1022 in
1069 958 1195 1042 proles,
1218 972 1255 1026 et
1278 961 1326 1026 sic
1350 983 1397 1026 ex

263 1057 440 1121 continuis
456 1055 678 1119 incrementis
694 1055 916 1136 ingravescat
933 1055 966 1117 in
983 1055 1277 1136 generationibus,
1295 1077 1399 1142 supra

263 1149 397 1218 dictum
427 1160 462 1215 et
490 1161 669 1215 ostensum
699 1160 763 1215 est.
812 1148 898 1215 Cum
922 1149 1050 1214 malum
1078 1151 1160 1215 inde
1184 1152 1397 1234 ingravescit

263 1246 359 1331 apud
382 1245 521 1320 multos,
542 1255 623 1308 tunc
647 1265 668 1308 a
690 1265 727 1308 se
751 1245 920 1329 dispergit
945 1243 1073 1307 malum
1097 1245 1131 1308 in
1155 1243 1290 1328 plures;
1316 1266 1396 1311 nam

264 1341 301 1407 in
324 1343 418 1406 ornni
441 1340 534 1406 malo
556 1350 611 1406 est
635 1339 743 1405 libido
765 1342 965 1416 seducendi,
985 1343 1018 1405 in
1042 1341 1248 1423 quibusdam
1271 1343 1396 1406 ardens

263 1459 313 1504 ex
332 1439 381 1502 ira
400 1447 522 1502 contra
540 1437 680 1512 bonum,
698 1437 778 1500 inde
795 1436 997 1520 contagium
1013 1436 1105 1500 mali.
1151 1435 1229 1500 Hoc
1247 1457 1324 1501 cum
1344 1439 1396 1501 in-

264 1535 357 1600 vasit
377 1532 563 1617 praesules,
583 1533 822 1597 moderatores
844 1544 881 1598 et
903 1533 1156 1614 antesignanos
1180 1532 1213 1596 in
1237 1534 1397 1610 ecclesia,

263 1627 306 1696 fit
329 1630 451 1712 religio
473 1649 645 1712 perversa,
665 1649 705 1693 ac
730 1630 843 1693 media
866 1629 1071 1704 sanationis,
1091 1649 1179 1711 quae
1202 1639 1283 1693 sunt
1303 1651 1396 1709 vera,

264 1743 329 1809 per
350 1723 609 1790 faisificationes
632 1722 716 1789 fiunt
740 1733 913 1808 corrupta.
958 1723 1015 1787 Ex
1045 1724 1099 1788 his
1122 1744 1212 1789 nunc
1236 1736 1295 1789 est
1318 1746 1397 1790 suc·

263 1821 401 1886 cessiva
420 1821 573 1884 vastatio
596 1820 677 1884 boni
700 1829 736 1884 et
760 1819 934 1884 desolatio
956 1819 1028 1883 veri
1058 1819 1093 1883 in
1116 1819 1270 1885 ecclesia
1292 1842 1398 1906 usque

263 1916 313 1981 ad
331 1917 667 1980 consummationem
691 1913 772 1997 ejus.
817 1922 876 1981 [8.]
907 1913 1102 1997 Quartum:
1129 1914 1229 1994 Quod
1250 1938 1354 2000 usque
1374 1938 1398 1983 a

264 2010 409 2075 Domino
418 2011 650 2093 provideatur,
668 2021 706 2074 ut
722 2010 863 2095 quisque
879 2011 1018 2075 salvari
1025 2010 1147 2092 possit.
1194 2012 1399 2078 Providetur

262 2127 289 2172 a
308 2106 470 2183 Domino,
490 2115 526 2170 ut
549 2107 659 2171 ubivis
679 2108 724 2171 sit
744 2107 877 2190 religio,
898 2117 934 2171 et
957 2107 991 2170 in
1015 2108 1206 2191 unaquavis
1229 2109 1398 2192 religione

262 2202 336 2268 sint
368 2203 436 2268 duo
457 2203 657 2267 essentialia
680 2202 815 2279 salutis,
840 2223 928 2286 quae
952 2212 1042 2280 sunt,
1067 2224 1260 2286 agnoscere
1284 2204 1397 2269 Deum

263 2308 305 2365 ct
335 2320 404 2364 non
433 2298 546 2364 facere
576 2298 705 2363 malum
732 2300 813 2383 quia
842 2309 896 2364 est
927 2307 1051 2364 contra
1079 2299 1200 2364 Deum.
1247 2299 1398 2384 Reliqua

263 2415 355 2480 quae
379 2405 460 2460 sunt
483 2391 683 2458 intellectus
705 2403 741 2458 et
765 2395 845 2458 inde
865 2393 1101 2476 cogitationis,
1121 2415 1209 2478 quae
1228 2405 1399 2460 vocantur

265 2489 357 2568 fidei,
381 2491 607 2574 providentur
629 2491 736 2553 cuivis
765 2490 954 2553 secundum
984 2491 1093 2553 vitam
1122 2489 1205 2571 ejus,
1230 2508 1310 2553 nam
1337 2489 1398 2554 illa

264 2597 348 2650 sunt
368 2587 562 2651 accessoria
581 2587 696 2664 vitae;
720 2595 757 2649 et
780 2586 807 2648 si
827 2585 1050 2668 praecedunt,
1071 2605 1177 2668 usque
1198 2605 1267 2648 non
1287 2587 1395 2650 vitam

265 2683 360 2766 prius
379 2682 562 2765 accipiunt.
609 2681 811 2746 Providetur
830 2681 948 2756 etiam,
968 2679 1061 2763 quod
1081 2700 1202 2744 omnes
1221 2682 1278 2764 qui
1297 2682 1397 2746 vixe-

265 2786 348 2843 runt
366 2777 466 2853 bene,
483 2787 520 2841 et
539 2788 757 2860 agnoverunt
776 2777 900 2850 Deum,
918 2787 997 2860 post
1016 2787 1164 2840 mortem
1181 2777 1399 2842 instruantur

264 2874 313 2938 ab
330 2873 475 2957 angelis,
496 2883 531 2937 et
555 2883 636 2936 tunc
657 2872 706 2936 illi
726 2873 783 2956 qui
806 2873 840 2936 in
863 2873 953 2937 binis
972 2872 1040 2936 illis
1056 2872 1300 2936 essentialibus
1318 2873 1399 2938 reli·

264 2971 381 3052 gionis
410 2971 443 3033 in
473 2970 603 3033 mundo
625 2969 771 3045 luerunt,
796 2990 879 3033 vera
906 2969 1087 3044 ecclesiae,
1108 2969 1222 3053 qualia
1252 2980 1333 3035 sunt
1363 2971 1398 3034 in

268 3063 398 3141 Verbo,
416 3075 615 3148 acceptant,
633 3074 671 3130 et
690 3065 877 3128 Dominum
895 3085 957 3148 pro
974 3065 1051 3129 Deo
1067 3065 1154 3129 caeli
1171 3075 1207 3128 et
1227 3066 1398 3132 ecclesiae

264 3169 484 3244 agnoscunt:
510 3170 545 3224 et
567 3160 633 3224 hoc
658 3161 827 3244 recipiunt
846 3159 979 3232 facilius
998 3180 1101 3242 quarn
1121 3157 1321 3234 Christiani,
1341 3163 1399 3244 qui

265 3257 382 3322 ideam
399 3258 441 3321 de
459 3256 623 3321 Humano
639 3257 778 3321 Domini
794 3265 957 3338 separato
972 3276 993 3320 a
1010 3255 1136 3319 Divino
1153 3255 1264 3336 Ipsius
1280 3276 1398 3320 secum

264 3373 288 3418 e
307 3354 436 3417 mundo
466 3353 631 3418 tulerunt.
678 3352 856 3417 Provisum
886 3353 994 3417 etiam
1024 3361 1078 3415 est
1109 3372 1130 3414 a
1165 3351 1328 3427 Domino,
1359 3363 1397 3417 ut

264 3450 468 3533 omnesqui
499 3451 691 3515 moriuntur
712 3448 873 3523 infantes,
898 3449 1091 3530 ubicunque
1114 3449 1188 3511 nati
1212 3457 1304 3522 sunt,
1329 3447 1398 3512 sal·

266 3555 403 3609 ventur.
449 3545 508 3610 lm]
542 3545 652 3609 Datur
671 3545 777 3609 etiarn
797 3544 904 3608 cuivis
923 3543 1054 3606 homini
1072 3553 1153 3625 post
1170 3553 1319 3608 mortem
1338 3563 1398 3608 co·

269 3643 325 3724 pia
339 3641 547 3705 emendandi
561 3641 680 3716 vitam,
696 3642 723 3704 si
739 3639 925 3723 possibile;
944 3641 1160 3704 instruuntur
1176 3650 1211 3703 et
1228 3640 1400 3704 ducuntur

265 3757 290 3800 a
314 3736 465 3800 Domino
488 3756 547 3818 per
570 3736 737 3819 angelos3
765 3745 801 3800 et
825 3736 905 3819 quia
928 3745 1011 3800 tunc
1030 3736 1144 3799 sciunt
1168 3736 1260 3818 quod
1279 3737 1399 3800 vivant

266 3842 350 3915 post
370 3843 526 3906 mortem,
547 3843 582 3895 et
607 3833 699 3914 quod
719 3830 854 3895 caelum
877 3841 913 3895 et
937 3830 1104 3893 infernum
1129 3832 1210 3906 sint,
1232 3831 1399 3914 principio

267 3929 438 4008 recipiunt
452 3949 551 4004 vera;
576 3928 637 3991 sed
654 3927 702 3991 illi
719 3928 776 4009 qui
792 3947 861 3991 non
877 3937 1095 4008 agnoverunt
1112 3925 1235 3999 Deum,
1249 3935 1286 3989 et
1302 3926 1398 4008 luge·

269 4039 349 4088 runt
367 4023 457 4085 mala
474 4033 511 4086 ut
531 4033 677 4104 peccata
694 4024 727 4086 in
745 4023 884 4098 mundo,
903 4022 996 4086 brevi
1014 4031 1094 4103 post
1110 4021 1290 4085 fastidiunt
1306 4042 1398 4095 vera,

264 4139 310 4183 ac
330 4119 517 4194 recedunt;
545 4129 579 4182 et
598 4119 648 4183 illi
667 4119 723 4202 qui
743 4128 959 4200 agnoverunt
979 4117 1038 4181 illa
1057 4138 1115 4181 ore
1134 4129 1170 4182 et
1194 4137 1263 4182 non
1283 4117 1398 4192 corde,

267 4224 350 4278 sunt
372 4217 461 4280 sicut
488 4216 641 4297 virgines
668 4214 808 4290 stultae,
835 4235 922 4297 quae
954 4213 1133 4294 lampades
1161 4213 1338 4277 habebant
1362 4222 1398 4277 et

271 4331 339 4374 non
358 4311 483 4388 oleum,
504 4332 543 4375 ac
565 4312 738 4394 petierunt
758 4310 872 4374 oleum
895 4310 940 4373 ab
962 4309 1047 4383 aliis,
1068 4319 1104 4372 et
1127 4331 1263 4393 quoque
1282 4309 1398 4373 abive-

270 4416 350 4469 runt
367 4419 403 4471 et
419 4419 576 4471 emerunt
593 4417 628 4471 et
646 4419 763 4470 tamen
782 4427 850 4470 non
867 4407 899 4468 in
918 4406 1056 4487 nuptias
1072 4405 1292 4469 intromissae
1309 4415 1397 4468 sunt.

272 4499 523 4585 “Lampades”
542 4501 738 4585 significant
763 4521 843 4564 vera
866 4499 955 4576 fidei,
977 4509 1012 4563 et
1035 4499 1206 4563 “oleum’'
1226 4498 1399 4582 significat

269 4595 400 4661 bonum
423 4598 614 4662 charitatis.
660 4596 717 4659 Ex
741 4596 793 4660 his
817 4606 978 4659 constare
1002 4604 1132 4677 potest,
1158 4594 1250 4677 quod
1275 4595 1400 4659 Divina

208 4711 214 4724 ·
271 4689 494 4759 Providentia
507 4694 562 4770 sit',
578 4702 614 4757 ut
628 4694 769 4776 quisque
782 4691 905 4754 salvari
918 4691 1037 4774 possit,
1050 4699 1085 4754 et
1101 4691 1193 4773 quod
1209 4691 1283 4775 ipse
1296 4692 1402 4757 homo
