3418 5368
505 669 556 718 os
581 667 719 719 mvuua
738 667 1093 719 novissmam-rr.
1110 667 1181 734 2²4
1354 657 1412 742 ¹⁶5

277 862 395 910 eorum
419 842 482 907 luit
506 840 726 916 diabolicum,
751 862 791 905 ac
816 852 1000 905 externum
1030 841 1119 905 sicut
1143 839 1317 908 Divinum.
1366 843 1413 908 Hi

275 951 357 1006 sunt
381 939 438 1022 qui
462 937 703 1018 intelliguntur
725 957 787 1019 per
809 937 968 1000 diabolos
998 939 1054 1020 qui
1084 958 1122 1002 se
1153 938 1238 1002 lucis
1267 939 1413 1022 angelos

275 1035 426 1112 iaciunt;
458 1044 493 1096 et
513 1053 573 1114 per
593 1031 688 1094 illum
708 1033 763 1114 qui
787 1033 820 1094 in
845 1033 949 1095 domo
971 1033 1167 1114 nuptiarum
1188 1053 1258 1098 non
1278 1035 1341 1098 fuit
1360 1036 1411 1099 in·

275 1130 380 1195 dutus
396 1139 500 1202 ,veste
524 1128 732 1209 nuptiarum,
753 1146 794 1191 ac
818 1123 946 1209 ejedtus
970 1128 1004 1189 in
1030 1128 1192 1192 tenebras
1217 1133 1412 1196 exteriores

278 1223 417 1308 (Marta.
438 1223 524 1286 xxii.
548 1221 674 1306 11-13).

339 1335 433 1404 224·
465 1318 551 1402 Quis
575 1338 643 1382 non
667 1319 785 1384 videre
809 1327 933 1401 potest,
960 1320 1051 1403 quod
1085 1319 1260 1385 internum
1291 1323 1338 1385 sit
1364 1342 1411 1387 ex

276 1436 345 1500 quo
364 1428 546 1479 externum
566 1415 700 1489 existit,
722 1425 974 1497 consequenter
994 1416 1086 1498 quod
1107 1427 1292 1480 externum
1312 1437 1409 1482 suam

275 1513 464 1576 essentiam
487 1510 616 1575 habeat
639 1510 684 1573 ab
706 1509 866 1574 interno?
912 1509 959 1572 Et
990 1511 1064 1593 quis
1097 1531 1166 1575 non
1191 1513 1256 1575 scit
1279 1513 1322 1574 ab
1345 1534 1408 1576 ex·

274 1607 454 1692 perientia,
485 1606 576 1691 quod
607 1615 791 1669 externum
824 1606 934 1688 possit
969 1606 1071 1670 aliter
1106 1627 1273 1691 apparere
1306 1626 1408 1690 quam

274 1703 463 1768 secundum
487 1702 674 1766 essentiam
698 1699 769 1783 ejus
799 1702 843 1765 ab
871 1701 1032 1764 interno?
1079 1700 1157 1766 Hoc
1183 1704 1273 1766 enim
1297 1703 1406 1766 mani·

271 1794 363 1865 feste
395 1808 539 1880 apparet
570 1799 660 1880 apud
693 1796 903 1881 hypocritas,
928 1796 1137 1873 adulatores,
1163 1798 1404 1863 simulatores:

274 1902 312 1958 et
330 1894 422 1978 quod
441 1892 546 1957 homo
565 1893 676 1977 possit
700 1894 837 1956 mentiri
857 1913 1024 1977 personas
1044 1913 1113 1957 non
1132 1915 1212 1958 suas
1231 1896 1265 1958 in
1285 1905 1404 1960 exter·

274 1989 339 2066 nis,
358 2008 380 2053 a
402 1988 578 2053 comoedis
610 1996 647 2052 et
677 1988 800 2064 mimis,
825 1988 861 2052 hi
883 1990 975 2052 enim
1008 1989 1121 2053 sciunt
1145 2000 1404 2071 repraesentare

271 2105 385 2167 reges,
415 2086 651 2166 imperatores,
675 2085 780 2148 immo
813 2084 969 2165 angelos,
1001 2105 1099 2160 sono,
1126 2083 1276 2166 loquela,
1306 2087 1403 2166 facie,

272 2191 387 2262 gestu,
411 2181 501 2244 sicut
523 2179 573 2243 illi
596 2178 728 2259 forent;
762 2197 840 2242 cum
864 2188 982 2243 tamen
1007 2200 1076 2243 non
1100 2191 1180 2245 sunt
1210 2183 1274 2244 nisi
1300 2204 1403 2266 quam

271 2275 405 2340 harioli.
451 2274 528 2340 Hoc
562 2296 697 2359 quoque
730 2272 859 2339 dictum
889 2285 955 2351 est,
986 2277 1066 2359 quia
1098 2275 1205 2340 homo
1244 2279 1405 2344 similiter

270 2380 391 2453 potest
410 2370 663 2453 sycophantam
683 2391 798 2454 agere,
819 2382 891 2434 tam
914 2373 948 2434 in
969 2371 1126 2435 civilibus
1145 2381 1181 2436 et
1201 2373 1400 2454 moralibus,

270 2486 375 2551 quam
410 2467 445 2530 in
480 2464 737 2549 spiritualibus;
778 2475 815 2531 et
848 2486 982 2549 quoque
1019 2468 1135 2543 scitur,
1170 2468 1264 2550 quod
1300 2469 1402 2534 multi

269 2572 389 2646 agant.
439 2567 497 2629 [2.]
528 2562 614 2626 Cum
646 2563 763 2646 itaque
796 2563 969 2627 internum
999 2563 1033 2626 in
1064 2585 1124 2628 sua
1157 2565 1312 2629 essentia
1345 2575 1402 2632 est

268 2657 446 2734 infernale,
466 2665 503 2722 et
521 2668 706 2722 externum
724 2658 759 2721 in
778 2677 839 2721 sua
861 2657 969 2721 forma
988 2669 1132 2742 apparet
1153 2659 1343 2742 spirituale,
1363 2670 1400 2726 et

268 2763 389 2820 tamen
418 2764 605 2819 externum
632 2754 738 2818 trahit
764 2755 953 2817 essentiam
984 2773 1081 2817 suam
1109 2755 1154 2819 ab
1184 2755 1333 2832 interno,
1361 2765 1400 2823 ut

268 2849 398 2916 dictum
414 2860 479 2928 est,
493 2851 665 2934 quaeritur
681 2849 820 2914 ubinam
836 2850 989 2914 essentia
1004 2849 1064 2914 illa
1079 2852 1113 2915 in
1130 2863 1280 2917 externo
1296 2852 1397 2920 latet.

267 2945 350 3010 Non
369 2959 514 3030 apparet
532 2947 567 3011 in
585 2956 699 3029 gestu,
720 2966 783 3011 nec
802 2947 838 3010 in
857 2966 955 3022 sono,
977 2966 1040 3010 nec
1057 2947 1090 3011 in
1112 2947 1260 3031 loquela,
1281 2969 1344 3013 nec
1363 2951 1398 3016 in

266 3042 365 3118 facie,
382 3044 442 3107 sed
460 3065 565 3126 usque
581 3043 670 3108 latet
688 3044 827 3107 interius
843 3043 877 3106 in
895 3053 1043 3126 quatuor
1060 3043 1138 3107 illis.
1184 3042 1287 3124 Quod
1307 3045 1397 3110 inte·

265 3140 337 3204 rius
362 3139 396 3203 in
423 3138 491 3203 illis
514 3139 636 3216 lateat,
661 3146 760 3222 patet
788 3138 970 3202 manifeste
993 3139 1037 3202 ab
1055 3138 1177 3202 iisdem
1205 3139 1239 3201 in
1267 3141 1398 3208 mundo

265 3234 458 3320 spirituali;
483 3253 560 3298 cum
579 3235 670 3298 enim
689 3233 795 3298 homo
813 3255 832 3296 e
852 3234 981 3296 mundo
1005 3232 1154 3296 naturali
1177 3233 1210 3298 in
1231 3237 1396 3301 mundum

264 3330 481 3418 spiritualem
499 3330 606 3406 venit,
626 3328 718 3414 quod
738 3326 776 3393 fit
795 3346 872 3392 cum
892 3329 1046 3400 moritur,
1068 3337 1150 3392 tunc
1171 3340 1319 3394 externa
1335 3351 1398 3396 sua

265 3448 344 3495 cum
368 3446 511 3510 corpore
527 3425 701 3508 relinquit,
720 3445 760 3489 ac
784 3425 919 3489 interna
939 3443 1011 3498 sua,
1029 3444 1117 3507 quae
1136 3425 1170 3488 in
1190 3427 1311 3508 spiritu
1334 3447 1396 3492 suo

264 3524 473 3600 recondidit,
489 3523 616 3585 retinet
631 3541 639 3600 ;
663 3529 698 3585 et
714 3530 797 3584 tunc
814 3521 842 3584 si
858 3521 1029 3584 internum
1045 3517 1117 3601 ejus
1135 3520 1199 3585 suit
1218 3521 1394 3601 infernale,

264 3628 411 3705 apparet
425 3617 484 3682 ille
499 3617 590 3680 sicut
605 3615 774 3692 diabolus,
791 3615 901 3698 qualis
917 3616 1023 3679 etiam
1040 3614 1150 3680 fuerat
1166 3616 1280 3699 quoad
1298 3619 1395 3700 spiri·

265 3727 340 3784 tum
358 3733 468 3790 suum,
485 3732 563 3777 cum
582 3711 671 3776 vixit
689 3713 723 3776 in
743 3711 880 3775 mundo.
926 3707 1010 3792 Quis
1030 3730 1099 3774 non
1118 3713 1287 3794 agnoscit,
1304 3714 1397 3796 quod

265 3813 379 3880 omnis
408 3811 514 3874 homo
544 3809 715 3891 relinquat
748 3816 895 3871 externa
925 3825 1003 3870 cum
1034 3826 1188 3889 corpore,
1217 3827 1257 3871 ac
1291 3808 1396 3876 intret

266 3911 301 3975 in
317 3909 455 3972 interna
474 3924 550 3969 cum
567 3904 604 3967 fit
619 3901 779 3986 spiritus?
826 3907 883 3968 [3.]
916 3899 981 3965 His
999 3900 1158 3982 adjiciam
1175 3903 1281 3966 etiam
1297 3903 1395 3980 haec,

266 4004 359 4089 quod
378 4004 413 4067 in
433 4001 562 4066 mundo
581 3998 749 4083 spirituali
765 3998 810 4063 sit
830 3997 1100 4062 communicatio
1122 3993 1340 4062 affectionum
1359 4008 1396 4065 et

265 4100 347 4166 inde
374 4097 636 4180 cogitationum,
668 4117 713 4160 ex
737 4115 805 4180 quo
831 4105 886 4161 est
911 4096 1002 4180 quod
1029 4114 1131 4158 nemo
1163 4094 1273 4176 possit
1303 4093 1397 4178 loqui

267 4196 367 4262 aliter
385 4211 487 4277 quam
511 4201 614 4275 prout
637 4193 793 4274 cogitat;
821 4201 894 4257 tum
919 4191 1024 4255 etiam
1050 4190 1141 4273 quod
1166 4191 1397 4273 unusquisque

266 4291 313 4358 ibi
333 4300 445 4354 mutet
463 4288 597 4363 faciem,
614 4297 649 4352 et
667 4285 727 4351 fiat
747 4287 865 4352 similis
884 4309 965 4353 suae
985 4283 1167 4362 affectioni,
1186 4285 1234 4350 sic
1254 4295 1292 4350 ut
1311 4306 1396 4369 quo·

267 4407 334 4474 que
353 4406 399 4450 ex
417 4386 504 4451 lacie
519 4394 684 4467 appareat
700 4384 809 4466 qualis
825 4394 891 4448 est.
937 4382 1047 4447 Datur
1063 4383 1270 4465 quandoque
1285 4379 1397 4464 hypo·

267 4484 362 4550 critis
381 4481 474 4564 loqui
493 4480 595 4546 aliter
617 4499 720 4564 quam
740 4482 909 4564 cogitant,
930 4479 991 4544 sed
1012 4499 1117 4543 sonus
1141 4479 1299 4562 loquelae
1319 4479 1397 4544 illo·

267 4599 341 4644 rum
358 4579 497 4642 auditur
511 4597 649 4660 prorsus
661 4576 792 4641 discors
805 4595 882 4640 cum
895 4573 1112 4639 interioribus
1124 4575 1398 4656 cogitationibus

265 4673 415 4748 illorum,
435 4683 472 4737 et
491 4694 536 4736 ex
561 4671 797 4736 discordantia
820 4672 1080 4750 dignoscuntur.
1126 4667 1211 4734 Inde
1235 4681 1397 4737 constare
