3358 5384
449 667 499 715 ΒΕ
523 664 659 716 n1v1no
683 665 829 729 anona,
851 665 945 716 nans
968 665 1090 717 11.-u.
1105 653 1156 734 87.
1329 667 1368 736 35

237 836 429 923 ,spiritualis
443 836 534 900 sitin
548 857 609 901 sua
621 837 773 901 essentia
785 835 865 901 talis
882 844 919 900 ut
932 857 977 900 ex
994 834 1054 900 illo
1067 835 1162 901 calor
1174 845 1209 901 et
1226 836 1286 901 lux
1299 839 1369 922 spi-

243 932 374 996 ritualis
395 933 505 1014 possit
524 932 686 1007 existere,
707 943 742 996 et
763 931 853 1015 quod
871 931 924 996 sol
943 931 1061 995 mundi
1085 929 1252 996 naturalis
1272 933 1370 997 sitin

242 1047 303 1090 sua
321 1029 472 1090 essentia
489 1027 568 1090 talis
585 1037 622 1090 ut
639 1048 684 1089 ex
704 1027 764 1090 illo
782 1026 876 1091 calor
893 1024 1058 1090 naturalis
1075 1028 1186 1111 possit
1205 1028 1370 1094 existere.

242 1120 354 1185 Omne
374 1120 561 1202 spirituale,
581 1120 673 1203 quod
693 1142 729 1185 se
749 1121 852 1186 refert
876 1120 919 1184 ad
942 1121 1071 1184 bonum
1091 1131 1127 1186 et
1150 1141 1279 1197 verum,
1298 1142 1367 1187 non

238 1215 378 1280 ‚aliunde
389 1226 506 1299 potest
518 1218 652 1292 exoriri,
665 1235 766 1299 quarn
778 1238 823 1280 ex
837 1217 964 1280 Divino
976 1216 1107 1282 Amore
1117 1227 1153 1281 et
1167 1217 1292 1280 Divina
1305 1215 1367 1282 Sa·

241 1312 389 1395 pientia;
414 1312 659 1376 omnebonum
676 1313 766 1376 enim
780 1322 833 1376 est
858 1313 994 1387 amoris,
1010 1322 1045 1375 et
1063 1333 1164 1376 omne
1178 1332 1295 1376 verum
1312 1323 1366 1378 est

240 1408 450 1488 sapientiae:
475 1407 567 1489 quod
581 1426 650 1470 non
667 1406 816 1481 aliunde,
830 1409 941 1470 omnis
958 1408 1095 1488 sapiens
1109 1417 1226 1489 potest
1238 1408 1365 1472 videre.

303 1501 375 1586 83·
406 1499 508 1583 Quod
526 1499 585 1566 Sol
602 1502 688 1564 alius
705 1522 806 1584 quarn
824 1502 874 1566 sol
892 1503 1010 1566 mundi
1027 1502 1191 1566 naturalis
1207 1504 1263 1576 sit,
1284 1502 1367 1566 hac·

239 1607 341 1662 tenus
368 1597 526 1679 ignotum
556 1597 630 1661 suit.
683 1596 795 1660 Causa
823 1607 889 1672 est,
915 1599 993 1680 quia
1016 1598 1194 1680 spirituale
1218 1597 1367 1662 hominis

239 1693 376 1757 transiit
395 1701 532 1755 tantum
551 1692 586 1755 in
603 1691 759 1755 naturale
783 1690 865 1773 ejus,
886 1702 923 1755 ut
948 1713 1016 1756 non
1041 1695 1144 1756 sciret
1168 1692 1248 1776 quid
1268 1695 1366 1776 spiri·

237 1787 346 1862 -tuale,
363 1789 412 1850 ita
428 1807 491 1850 nec
509 1787 600 1869 quod
618 1785 804 1869 spiritualis
821 1788 978 1863 munduS,
996 1789 1029 1850 in
1047 1808 1114 1870 quo
1130 1797 1210 1851 sunt
1227 1789 1366 1870 spiritus

238 1894 275 1948 et
287 1883 411 1966 angeli,
425 1882 512 1946 alius
528 1902 567 1945 ac
582 1881 736 1945 diversus
753 1902 773 1946 a
790 1883 918 1946 mundo
935 1883 1094 1960 naturali,
1112 1885 1222 1948 detur,
1269 1883 1363 1966 Quo·

239 1980 331 2043 niam
350 1979 496 2042 mundus
516 1977 699 2061 spiritualis
722 1977 813 2061 apud
832 1977 910 2041 illos
929 1979 986 2062 qui
1009 1980 1044 2043 in
1068 1980 1197 2044 mundo
1216 1979 1366 2044 naturali

238 2086 331 2148 sunt,
351 2075 384 2137 in
409 2084 545 2138 tantum
576 2073 677 2138 latuit
701 2072 938 2150 absconditus,
958 2073 1037 2139 ideo
1060 2075 1190 2158 placuit
1214 2074 1366 2139 Domino

238 2170 368 2253 aperire
394 2171 504 2232 visum
538 2169 677 2250 spiritus
704 2170 783 2244 mei,
803 2179 841 2232 ut
864 2168 1019 2234 viderem
1045 2169 1106 2234 illa
1135 2190 1223 2254 quae
1246 2172 1280 2235 in
1303 2170 1364 2235 illo

239 2265 368 2328 mundo
391 2273 482 2339 sunt,
503 2264 592 2326 sicut
616 2265 718 2327 video
741 2263 801 2327 illa
825 2264 970 2347 quaein
994 2264 1123 2328 mundo
1146 2265 1307 2342 naturali,
1328 2275 1365 2331 et

237 2361 316 2424 dein
351 2358 448 2422 illurn
477 2359 643 2422 mundum
671 2356 942 2435 ¹¹¹describerem,
967 2359 1059 2443 quod
1089 2356 1216 2424 factum
1246 2371 1301 2426 est
1330 2363 1365 2425 in

238 2476 340 2538 opere
362 2454 415 2517 De
439 2451 539 2518 Caelo
559 2463 592 2517 et
613 2453 764 2534 Inferna,
784 2454 819 2518 in
842 2475 910 2536 quo
933 2456 967 2517 in
998 2474 1066 2519 uno
1089 2455 1235 2519 articulo
1258 2457 1364 2520 etiam

237 2548 351 2615 adium
375 2559 429 2613 est
453 2550 497 2612 de
520 2547 601 2613 Sole
625 2548 716 2613 illius
738 2549 877 2614 mundi:
908 2551 999 2614 visus
1022 2551 1113 2614 enim
1138 2550 1220 2614 mihi
1242 2560 1307 2626 est,
1327 2562 1365 2617 et

237 2646 395 2728 apparuit
424 2644 526 2708 simili
549 2643 801 2729 magnitudine,
822 2665 889 2729 qua
911 2645 966 2709 sol
988 2646 1107 2710 mundi
1131 2647 1308 2724 naturalis,
1329 2657 1366 2714 et

237 2760 372 2824 quoque
395 2739 553 2804 similiter
570 2740 660 2804 sicut
676 2740 808 2821 igneus,
829 2740 891 2805 sed
914 2741 1060 2805 rutilans
1084 2742 1216 2824 magis:
1247 2753 1283 2808 et
1300 2763 1363 2808 no·

236 2848 309 2902 tum
334 2835 415 2899 mihi
439 2833 566 2900 sedtum
588 2845 654 2910 est,
672 2835 765 2919 quod
788 2837 984 2902 universum
1008 2837 1143 2902 caelum
1167 2839 1363 2921 angelicum

234 2935 299 2997 sub
315 2931 375 2994 illo
392 2930 473 2996 Sole
492 2932 557 3008 sit;
581 2930 741 3014 quodque
760 2930 876 3015 angeli
891 2933 986 2997 tertii
1004 2933 1092 2998 caeli
1107 2933 1250 2999 videant
1266 2935 1362 3000 illum

231 3028 372 3114 jugiter,
392 3027 507 3110 angeli
534 3027 675 3092 secundi
700 3028 787 3092 caeli
809 3029 956 3111 saepius
977 3038 1013 3094 et
1037 3030 1152 3112 angeli
1179 3031 1278 3114 primi
1301 3053 1362 3097 seu

235 3127 347 3189 ultimi
371 3124 457 3188 caeli
480 3123 674 3206 aliquoties.
721 3119 825 3205 Quod
852 3125 964 3188 omnis
987 3124 1082 3190 calor
1103 3134 1140 3190 et
1163 3127 1276 3191 omnis
1300 3126 1361 3192 lux

234 3219 325 3302 apud
342 3219 430 3292 illos,
451 3227 525 3281 turn
548 3219 664 3280 omnia
687 3239 774 3301 quae
797 3219 831 3282 in
855 3219 916 3283 illo
938 3220 1068 3284 mundo
1091 3231 1272 3305 apparent,
1290 3223 1361 3288 sint

232 3335 279 3378 ex
297 3315 357 3378 illo
376 3313 469 3388 Sole,
490 3314 662 3377 videbitur
680 3315 714 3377 in
734 3316 966 3397 sequentibus.

299 3410 373 3475 86.
403 3409 462 3474 Sol
487 3408 545 3472 ille
565 3429 634 3473 non
654 3419 709 3473 est
730 3410 808 3492 Ipse
833 3411 1013 3486 Dominus,
1034 3411 1096 3475 sed
1118 3431 1165 3476 ex
1188 3410 1359 3496 Domino;

233 3515 288 3570 est
307 3506 451 3569 Divinus
471 3505 582 3569 Amor
598 3515 635 3570 et
651 3505 778 3588 Divina
800 3504 976 3589 Sapientia
994 3507 1197 3589 procedens,
1218 3529 1306 3593 quae
1322 3519 1361 3576 ut

232 3599 294 3667 Sol
311 3604 344 3664 in
361 3601 421 3663 illo
440 3600 568 3664 mundo
584 3611 772 3683 apparent:
797 3610 834 3666 et
850 3603 930 3684 quia
947 3601 1059 3666 Amor
1074 3611 1111 3666 et
1129 3599 1307 3686 Sapientia
1325 3606 1360 3670 in

235 3695 386 3760 Domino
403 3699 507 3759 unu'm
523 3706 603 3760 sunt
622 3695 721 3778 (utin
739 3697 851 3761 Prima
868 3697 970 3762 Parte
984 3706 1165 3762 ostensum
1182 3697 1265 3784 est),
1276 3700 1360 3766 dici·

234 3801 290 3855 tur
314 3792 405 3874 quod
429 3789 489 3856 Sol
513 3791 571 3856 ille
595 3794 640 3856 sit
662 3792 807 3857 Divinus
830 3792 962 3872 Am0r;
996 3792 1123 3857 Divina
1145 3795 1237 3859 enim
1261 3794 1359 3879 Sapi-

235 3888 332 3951 entia
350 3897 404 3950 est
421 3887 535 3950 Divini
555 3886 707 3964 Amoris,
728 3889 778 3951 ita
797 3909 932 3972 quoque
950 3887 1010 3952 illa
1028 3897 1083 3953 est
1103 3887 1223 3952 Amor.

298 3981 366 4064 87.
397 3980 499 4064 Quod
531 3981 591 4047 Sol
615 3982 672 4047 ille
696 3993 862 4067 appareat
885 4003 1001 4048 coram
1025 3981 1133 4048 oculis
1157 3985 1359 4067 angelorum

234 4079 323 4143 sicut
347 4080 480 4159 igneus,
502 4088 555 4142 est
585 4080 663 4162 quia
687 4098 783 4142 amor
805 4088 841 4142 et
864 4080 954 4161 ignis
977 4079 1041 4144 sibi
1065 4081 1358 4163 correspondent;

230 4174 343 4237 oculis
374 4175 465 4236 enim
496 4177 564 4238 suis
595 4195 664 4238 non
699 4183 845 4257 possunt
872 4176 988 4239 videre
1015 4195 1179 4249 amorem,
1205 4178 1265 4240 sed
1297 4197 1359 4259 pro

233 4289 350 4334 amore
363 4270 397 4333 id
414 4270 504 4353 quod
522 4271 551 4334 ei
569 4271 827 4354 correspondet.
864 4269 930 4335 Est
946 4273 1037 4335 enim
1050 4272 1184 4355 angelis
1195 4293 1302 4356 aeque
1318 4294 1358 4338 ac

234 4365 429 4430 hominibus
453 4367 625 4430 internum
650 4376 685 4430 et
709 4376 914 4444 externum;
938 4367 1111 4431 internum
1128 4387 1245 4431 eorum
1265 4369 1359 4451 quod

233 4463 369 4543 cogitat
386 4472 422 4526 et
440 4464 541 4546 sapit,
556 4483 595 4526 ac
613 4462 704 4546 quod
720 4462 797 4527 vult
812 4471 850 4528 et
865 4472 971 4538 amat,
986 4473 1022 4528 et
1038 4472 1222 4538 externum
1239 4484 1358 4528 eorum

233 4569 290 4622 est
309 4559 398 4641 quod
418 4560 534 4634 sentit,
554 4559 659 4635 videt,
681 4558 831 4643 loquitur
849 4570 884 4625 et
904 4561 997 4642 agit3
1021 4570 1057 4624 et
1077 4561 1191 4624 omnia
1211 4571 1359 4625 externa

237 4672 353 4717 eorum
377 4665 458 4719 sunt
481 4655 809 4738 correspondentiae
828 4657 1051 4736 internorum,
1071 4658 1131 4722 sed
1156 4675 1358 4739 correspon-
