3268 5380
367 692 428 772 ¹³6
723 699 924 750 sumnum
947 697 1140 749 suosmet

368 869 570 932 substantiis
593 880 628 932 et
653 869 805 932 materiis
829 877 1007 944 terrarum,
1032 877 1130 951 patet
1153 867 1346 943 manifeste,
1366 889 1414 932 ex
1436 891 1488 946 eo,

366 963 460 1045 quod
471 965 603 1028 semina
617 963 728 1026 omnis
740 963 878 1044 generis
895 963 1009 1028 medio
1021 962 1136 1026 calore
1150 981 1255 1044 usque
1266 965 1311 1026 ad
1327 963 1486 1028 intimum

366 1079 485 1122 eorum
517 1069 650 1140 aperta,
674 1059 955 1139 impraegnentur
976 1078 997 1120 a
1018 1057 1221 1121 substantiis
1244 1057 1486 1134 subtilissimis,

365 1175 454 1237 quae
471 1174 539 1217 non
556 1164 700 1234 possunt
716 1172 819 1235 quarn
836 1161 874 1215 ut
890 1172 935 1216 ex
952 1153 1082 1235 origine
1098 1152 1265 1233 spirituali
1281 1155 1363 1228 sint,
1377 1164 1415 1217 et
1432 1174 1488 1235 per
1591 1224 1592 1238 2

365 1249 401 1312 id
415 1250 448 1312 in
462 1249 619 1329 potentia
630 1246 860 1329 conjungendi
872 1266 909 1310 se
922 1246 1005 1322 usui,
1019 1268 1065 1310 ex
1078 1266 1145 1329 quo
1158 1246 1347 1328 prolificum
1360 1268 1486 1324 eorum,
1591 1257 1592 1270 ¹

364 1355 404 1408 et
422 1357 504 1408 tunc
524 1365 583 1426 per
603 1341 880 1424 conjunttionem
900 1361 976 1406 curn
1000 1342 1153 1406 materiis
1170 1363 1216 1407 ex
1234 1344 1368 1425 origine
1387 1354 1486 1406 natu-

365 1439 439 1514 tali,
460 1440 647 1522 producere
667 1457 787 1501 usuum
805 1437 942 1512 formas,
962 1446 999 1501 et
1017 1436 1095 1501 illas
1114 1438 1193 1501 dein
1212 1439 1300 1501 sicut
1321 1457 1370 1500 ex
1389 1449 1487 1502 utero

364 1536 538 1608 emittere,
557 1545 594 1596 ut
612 1535 717 1597 etiam
736 1533 770 1597 in
790 1531 901 1596 lucem
920 1532 1072 1608 veniant,
1090 1543 1126 1596 et
1149 1533 1198 1596 sic
1216 1535 1435 1614 egerminent
1453 1542 1487 1598 et

364 1640 534 1694 crescant.
580 1627 735 1694 Conatus
758 1626 816 1692 ille
839 1636 893 1690 est
916 1637 1039 1710 postea
1057 1629 1239 1691 continuus
1263 1649 1281 1690 e
1305 1629 1406 1690 terris
1430 1649 1488 1710 per

364 1725 515 1788 radicem
533 1744 638 1806 usque
654 1723 698 1786 ad
716 1723 837 1787 ultima
853 1734 888 1787 et
907 1723 950 1786 ab
966 1723 1096 1786 ultimis
1116 1723 1159 1786 ad
1179 1725 1297 1806 prima,
1314 1725 1349 1787 in
1366 1725 1486 1804 quibus

363 1817 438 1899 ipse
455 1839 535 1880 usus
551 1829 604 1882 est
621 1820 655 1881 in
671 1838 732 1882 sua
745 1818 886 1900 origine.
932 1816 986 1882 Ita
999 1829 1180 1882 transeunt
1194 1839 1272 1880 usus
1288 1819 1321 1879 in
1338 1818 1485 1898 formas3

363 1924 402 1976 et
424 1913 552 1976 t'ormae
576 1934 621 1976 ex
644 1934 717 1988 usu,
737 1914 793 1996 qui
816 1922 869 1975 est
893 1914 980 1975 sicut
1000 1915 1124 1990 anima,
1145 1915 1178 1975 in
1202 1915 1446 1994 progressione
1466 1933 1486 1976 a

364 2008 481 2090 primis
498 2008 542 2070 ad
559 2007 680 2071 ultima
695 2017 732 2071 et
750 2008 794 2070 ab
810 2006 939 2070 ultimis
958 2008 1000 2070 ad
1019 2010 1137 2089 prima,
1155 2007 1296 2070 trahunt
1316 2016 1354 2070 ut
1372 2011 1486 2072 omnia

363 2113 401 2166 et
432 2102 566 2184 singula
593 2123 707 2166 earum
739 2103 807 2166 sint
837 2101 976 2182 alicujus
1000 2124 1087 2165 usus.
1134 2102 1268 2166 Dicitur
1290 2104 1382 2184 quod
1407 2123 1485 2166 usus

364 2199 410 2262 sit
432 2199 520 2262 sicut
544 2199 668 2271 anima,
692 2198 769 2279 quia
792 2197 900 2261 forma
922 2196 992 2278 ejus
1015 2209 1068 2262 est
1091 2199 1178 2262 sicut
1202 2217 1334 2279 corpus.
1382 2197 1482 2280 Quod

364 2304 511 2356 conatus
541 2292 653 2356 adhuc
681 2293 822 2355 interior
851 2293 906 2366 sit,
931 2293 987 2374 qui
1016 2302 1069 2356 est
1100 2303 1244 2356 conatus
1274 2293 1483 2372 producendi

364 2409 443 2451 usus
460 2409 519 2470 per
536 2389 825 2470 egerminationes
841 2407 902 2467 pro
918 2407 1025 2470 regno
1041 2387 1189 2464 animali,
1203 2389 1308 2451 etiam
1321 2391 1481 2471 sequitur,

364 2503 444 2546 nam
471 2482 631 2546 animalia
661 2484 772 2546 omnis
799 2483 936 2563 generis
966 2504 1010 2545 ex
1039 2482 1106 2545 illis
1133 2484 1334 2546 nutriuntur.
1382 2481 1482 2564 Quod

362 2599 497 2661 quoque
515 2578 654 2641 intimus
679 2579 710 2639 in
734 2577 801 2640 illis
821 2587 966 2641 conatus
990 2579 1045 2652 sit,
1066 2579 1121 2660 qui
1144 2590 1198 2642 est
1222 2589 1368 2641 conatus
1386 2599 1481 2643 usum

363 2673 561 2753 praestandi
581 2672 729 2736 humano
748 2673 876 2754 generi,
891 2675 995 2736 etiarn
1014 2675 1173 2756 sequitur.
1220 2673 1317 2737 Haec
1335 2695 1480 2756 sequun-

361 2777 418 2830 tur
433 2788 478 2830 ex
495 2787 557 2831 eo:
584 2766 635 2851 (i.)
661 2766 764 2850 Quod
781 2766 901 2831 ultima
917 2769 997 2844 sint,
1015 2789 1055 2832 ac
1074 2769 1107 2832 in
1128 2768 1255 2831 ultimis
1271 2781 1351 2833 sunt
1369 2771 1482 2834 omnia

362 2862 475 2944 priora
493 2862 593 2925 simul
612 2863 645 2925 in
665 2883 727 2926 suo
745 2863 1078 2939 ordine,secundum
1098 2863 1157 2926 illa
1180 2885 1266 2946 quae
1286 2884 1387 2945 supra
1404 2886 1480 2947 pas-

361 2957 425 3020 sim
442 2965 582 3020 ostensa
597 2967 688 3021 sunt.
733 2956 793 3042 (2.)
819 2955 920 3039 Quod
934 2959 1106 3041 utriusque
1120 2959 1254 3040 generis
1271 2961 1397 3040 gradus
1414 2961 1482 3025 sint

361 3051 394 3114 in
414 3051 565 3115 omnium
585 3053 746 3116 maximis
765 3064 799 3116 et
820 3053 976 3126 minimis,
999 3060 1035 3115 ut
1053 3073 1153 3135 supra
1174 3052 1221 3136 (n.
1242 3053 1404 3136 222-229)
1425 3075 1480 3118 os-

360 3158 498 3211 tensum
521 3160 598 3227 est;
629 3146 786 3212 similiter
815 3149 850 3211 in
880 3158 1007 3212 conatu
1031 3149 1100 3212 illo.
1148 3147 1209 3232 (3.)
1235 3148 1337 3229 Quod
1361 3169 1480 3214 omnes

360 3263 440 3308 usus
461 3265 482 3307 a
506 3243 656 3308 Domino
679 3244 911 3326 producantur
934 3265 979 3306 ex
1004 3243 1142 3317 ultimis,
1163 3265 1266 3326 quare
1291 3246 1326 3307 in
1350 3245 1480 3308 ultimis

358 3339 424 3403 erit
444 3351 588 3404 conatus
606 3340 650 3403 ad
669 3338 757 3402 illos.
1352 3409 1356 3414 ,

422 3447 515 3516 311·
544 3433 613 3502 Sed
630 3454 734 3518 usque
750 3453 870 3497 omnes
889 3433 937 3496 illi
957 3444 1102 3497 conatus
1118 3454 1186 3496 non
1206 3445 1286 3498 sunt
1304 3436 1383 3510 vivi,
1400 3445 1481 3501 sunt

357 3530 450 3593 enim
474 3539 617 3594 conatus
646 3531 765 3593 virium
792 3529 987 3592 ultimarum
1011 3531 1113 3604 vitae,
1133 3530 1254 3612 quibus
1282 3531 1407 3594 viribus
1434 3553 1480 3596 ex

358 3627 432 3687 vita
461 3645 506 3686 ex
536 3645 602 3707 qua
629 3635 721 3699 sunt,
742 3625 883 3686 tandem
911 3625 999 3687 inest
1020 3626 1111 3687 nisus
1142 3646 1201 3706 per
1225 3626 1338 3689 media
1361 3627 1482 3692 oblata

358 3719 524 3782 redeundi
554 3720 598 3783 ad
628 3738 724 3781 suam
749 3720 927 3800 originem.
973 3719 1252 3801 Atmosphaerae
1286 3722 1320 3784 in
1349 3722 1481 3786 ultimis

358 3813 445 3876 fiunt
466 3813 554 3876 tales
569 3814 669 3887 vires,
690 3814 849 3895 aquibus
868 3814 1083 3878 substantiae
1107 3827 1142 3879 et
1166 3817 1340 3894 materiae,
1361 3817 1482 3900 quales

357 3911 392 3973 in
413 3909 512 3972 terris
530 3917 620 3984 sunt,
641 3904 823 3972 abluantur
845 3909 1033 3984 informas,
1054 3920 1090 3973 et
1109 3913 1330 3976 continentur
1352 3914 1387 3975 in
1409 3913 1479 3978 sor·

357 4005 423 4069 mis
453 4015 525 4068 tam
554 4005 645 4069 intra
666 4023 768 4087 quarn
791 4012 903 4067 extra.
949 4004 1045 4069 Haec
1069 4004 1219 4087 pluribus
1238 4008 1478 4073 demonstrare

356 4122 425 4166 non
444 4111 558 4177 vacat,
578 4101 657 4184 quia
675 4098 780 4182 ampli
799 4101 912 4184 operis
930 4112 994 4165 est.

418 4212 512 4280 312.
542 4197 652 4261 Prima
664 4192 843 4277 produitio
860 4216 878 4260 e
895 4197 994 4260 terris
1007 4195 1084 4272 illis,
1099 4198 1179 4260 dum
1192 4197 1303 4263 adhuc
1315 4208 1477 4264 recentes

353 4293 498 4366 suerunt,
519 4304 554 4356 et
584 4293 618 4355 in
648 4311 709 4354 sua
735 4289 968 4372 simplicitate,
992 4292 1053 4355 luit
1081 4289 1261 4373 productio
1282 4293 1476 4373 seminumg

353 4401 500 4451 conatus
520 4387 647 4469 primus
666 4387 698 4448 in
717 4385 785 4449 illis
806 4406 874 4448 non
894 4386 1008 4468 potuit
1028 4385 1114 4449 alius
1132 4407 1218 4451 esse.

417 4497 513 4563 313.
545 4478 608 4563 (ii.)
642 4478 738 4558 Quod
763 4480 798 4542 in
827 4479 977 4545 omnibus
990 4482 1119 4562 formis
1143 4501 1261 4546 usuum
1286 4479 1334 4544 sit
1357 4479 1477 4565 aliqua

351 4577 464 4656 imago
490 4575 866 4638 cummis-Formae
893 4596 1011 4639 usuum
1039 4587 1117 4640 sunt
1145 4576 1288 4658 triplicis
1315 4577 1476 4658 generis:

352 4670 481 4733 formae
500 4687 618 4732 usuum
635 4669 731 4750 regni
747 4669 939 4748 mineralls;
966 4670 1094 4735 formae
1114 4691 1233 4734 usuum
1252 4671 1347 4753 regni
1366 4692 1476 4754 vege·
