3434 5364
528 635 578 685 DE
601 635 739 686 DIVINA
762 633 1118 688 anomalum—N.
1140 636 1188 706 17.
1382 639 1420 708 13

290 809 389 887 vivit,
407 818 528 893 potest
546 809 581 874 in
600 809 694 875 bono
713 830 790 874 esse
809 817 846 875 et
869 807 969 874 simul
993 808 1027 873 in
1049 808 1148 887 ialso,
1168 817 1244 875 tum
1266 807 1302 874 in
1325 808 1419 876 malo

290 925 370 970 esse
385 915 422 971 et
438 905 538 970 simul
557 907 591 970 in
607 927 701 981 vero,
714 907 820 969 immo
835 906 869 969 in
887 905 978 969 malo
995 924 1071 970 esse
1087 916 1123 970 et
1139 905 1242 970 simul
1260 906 1296 969 in
1311 905 1417 982 bono,

291 1001 341 1066 ita
363 1002 454 1066 sicut
477 1001 611 1084 duplus,
632 1011 669 1066 et
692 1001 779 1065 haec
803 1001 927 1065 divisio
945 1001 1093 1066 destruit
1112 1002 1298 1084 imaginem
1322 1001 1418 1067 illam

290 1106 327 1162 et
351 1097 399 1162 sic
423 1097 608 1174 hominem,
629 1099 708 1162 ideo
732 1097 858 1163 Divina
877 1097 1100 1162 Providentia
1119 1097 1259 1163 Domini
1282 1095 1418 1182 spectat

289 1193 324 1257 in
347 1194 506 1258 omnibus
529 1204 565 1258 et
588 1193 735 1276 singulis
758 1193 838 1269 suis,
856 1202 895 1258 ut
918 1193 1004 1258 haec
1028 1193 1152 1257 divisio
1175 1214 1244 1257 non
1268 1195 1323 1258 sit.
1368 1193 1418 1259 Et

289 1289 374 1372 quia.
387 1288 465 1372 pius
484 1288 648 1353 conducit
667 1289 809 1364 homini,
830 1298 867 1352 ut
894 1288 929 1353 in
953 1287 1046 1353 malo
1069 1299 1106 1353 et
1128 1289 1229 1353 simul
1247 1288 1335 1354 saiso
1358 1290 1416 1365 sit,

289 1402 391 1465 quam
411 1393 449 1448 ut
472 1385 507 1448 in
530 1385 623 1449 bono
645 1394 681 1449 et
704 1383 805 1449 simul
824 1383 928 1462 malo,
947 1385 1027 1448 ideo
1045 1384 1216 1448 Dominus
1234 1384 1320 1448 illud
1338 1383 1416 1468 per*

289 1479 410 1555 mittit,
432 1499 501 1544 non
524 1481 613 1545 sicut
636 1477 769 1555 volens,
790 1480 853 1544 5εά
882 1480 972 1545 sicut
1002 1499 1071 1543 non
1099 1491 1226 1562 potens
1254 1479 1417 1544 resistere

288 1584 430 1657 propter
458 1573 574 1651 finem,
598 1574 655 1659 qui
682 1585 737 1640 est
767 1574 927 1640 salvatio.
974 1574 1077 1657 Quod
1107 1574 1214 1639 homo
1239 1577 1351 1660 possit
1380 1576 1415 1640 in

288 1669 380 1734 malo
398 1679 435 1735 et
457 1670 558 1735 simul
577 1691 660 1735 vero
678 1691 766 1746 esse,
783 1681 820 1736 et
837 1672 932 1754 quod
951 1671 1122 1735 Dominus
1137 1691 1207 1735 non
1227 1673 1337 1754 possit
1360 1692 1414 1737 re·

286 1765 410 1830 sistere
436 1776 579 1850 propter
611 1764 713 1831 finem
748 1767 805 1851 qui
838 1776 893 1832 est
927 1767 1086 1843 salvatio,
1110 1777 1164 1832 est
1195 1769 1311 1844 ca'usa,
1336 1767 1416 1852 quia

285 1858 484 1926 intellettus
503 1860 652 1926 hominis
671 1870 789 1945 potest
813 1861 942 1927 elevari
964 1863 998 1926 in
1022 1861 1134 1926 lucem
1154 1863 1357 1944 sapientiae,
1377 1872 1414 1928 et

285 1954 403 2021 videre
419 1977 511 2033 vera,
524 1956 581 2022 vel
592 1977 784 2039 agnoscere
799 1957 860 2022 illa
875 1958 957 2022 dum
969 1959 1077 2034 audit,
1091 1978 1207 2023 amore
1218 1957 1290 2041 ejus
1300 1978 1414 2024 rema·

285 2061 392 2116 nente
408 2051 514 2132 infra;
537 2054 586 2116 sic
603 2055 695 2117 enim
707 2063 827 2136 potest
844 2053 951 2118 homo
964 2051 1144 2119 intellectu
1159 2075 1235 2118 esse
1251 2055 1285 2118 in
1302 2053 1414 2134 caelo,

284 2146 347 2210 sed
370 2165 487 2212 amore
514 2149 549 2212 in
578 2146 734 2228 iniern0;
767 2167 807 2213 ac
835 2149 917 2213 taiis
946 2170 1024 2212 esse
1053 2169 1123 2213 non
1149 2159 1270 2233 potest
1293 2151 1415 2233 negari

283 2241 425 2319 homini,
455 2244 534 2326 quia
560 2263 630 2308 non
659 2245 691 2308 ei
720 2243 798 2310 tolli
828 2253 975 2328 possunt
1004 2246 1107 2310 binae
1129 2245 1327 2322 facultates,
1352 2267 1413 2329 per

283 2357 368 2420 quas
387 2348 442 2402 est
461 2337 577 2414 homo,
595 2347 631 2403 et
650 2339 874 2422 distinguitur
892 2361 912 2404 a
930 2340 1064 2418 bestiis,
1080 2351 1116 2405 et
1134 2361 1195 2424 per
1214 2361 1298 2425 quas
1315 2342 1414 2407 u‘nice

282 2434 480 2516 regenerari
500 2434 604 2498 etsie
624 2434 750 2499 salvari
771 2445 902 2519 potest,
923 2457 1011 2519 quae
1035 2445 1116 2500 sunt
1132 2436 1351 2502 rationalitas
1375 2447 1411 2503 et

282 2526 446 2606 libertas;
470 2547 552 2593 nam
568 2550 628 2613 per
647 2529 725 2594 illas
742 2540 859 2612 potest
876 2530 982 2595 homo
998 2551 1103 2613 agere
1115 2533 1303 2596 secundum
1320 2533 1411 2615 sapi·

282 2627 424 2700 entiam,
435 2634 471 2690 et
485 2646 620 2711 quoque
633 2646 737 2708 agere
748 2627 937 2691 secundum
948 2647 1101 2691 amorem
1115 2649 1184 2692 non
1197 2630 1412 2712 sapientiae;

282 2729 318 2783 et
338 2731 457 2802 potest
480 2741 526 2785 ex
549 2721 720 2805 sapientia
744 2742 846 2805 supra
866 2723 982 2786 videre
1005 2743 1159 2787 amorem
1181 2723 1279 2799 infra,
1300 2736 1336 2789 et
1360 2725 1411 2792 sic

281 2816 525 2897 cogitationes,
550 2816 778 2892 intentiones,
803 2813 1012 2892 affettiones,
1037 2817 1087 2881 ita
1117 2818 1209 2882 mala
1242 2827 1278 2883 et
1311 2817 1409 2898 salsa,

281 2918 354 2974 tum
377 2909 469 2974 bona
492 2919 529 2975 et
552 2931 634 2975 vera
653 2911 746 2976 vitae
773 2921 809 2976 et
833 2907 1010 2977 doetrinae
1033 2934 1134 2994 suae;
1169 2915 1242 2978 sine
1265 2934 1409 2998 quorum

280 3007 482 3087 cognitione
504 3015 540 3071 et
564 3007 741 3089 agnitione
765 3008 800 3070 in
824 3028 871 3081 se,
893 3027 962 3071 non
983 3018 1103 3092 potest
1123 3010 1309 3074 reformari.
1355 3009 1409 3076 De

280 3099 367 3163 binis
389 3101 442 3164 his
461 3099 686 3165 facultatibus
705 3121 808 3184 supra
827 3099 956 3166 dietum
975 3113 1041 3180 est,
1067 3115 1103 3169 et
1126 3105 1160 3168 in
1185 3107 1410 3189 sequentibus

279 3194 375 3277 plura
391 3196 539 3259 dicenda
556 3207 649 3261 sunt.
697 3196 793 3260 Haec
814 3218 917 3261 causa
937 3207 991 3262 est
1011 3200 1102 3282 quod
1122 3200 1227 3263 homo
1243 3201 1353 3283 possit
1373 3201 1409 3266 in

279 3291 372 3355 bono
394 3301 431 3357 et
455 3291 556 3355 simui
580 3313 664 3356 vero
686 3313 774 3370 esse,
795 3302 869 3358 tum
893 3293 927 3356 in
951 3294 1045 3358 malo
1069 3306 1104 3359 et
1128 3295 1228 3358 simui
1251 3293 1350 3372 saiso,
1370 3305 1409 3363 et

279 3409 413 3471 quoque
428 3387 463 3451 in
479 3387 621 3451 alternis
637 3407 764 3452 eorum.

289 3501 292 3508 ·
342 3493 406 3561 17.
437 3478 553 3541 Homo
584 3481 617 3541 in
647 3476 925 3559 conjunctionem
949 3499 1008 3542 seu
1031 3482 1192 3544 unionem
1217 3501 1317 3546 unam
1341 3492 1401 3548 aut

279 3572 432 3649 alteram,
458 3573 523 3636 hoc
555 3582 617 3648 est,
642 3573 724 3635 boni
754 3582 790 3636 et
821 3574 903 3648 veri,
927 3583 986 3637 aut
1018 3574 1100 3637 mali
1127 3585 1163 3640 et
1186 3576 1272 3652 falsi,
1297 3598 1402 3661 aegre

168 3695 173 3703 ·
278 3678 396 3753 potest
415 3669 531 3732 venire
554 3669 587 3731 in
608 3668 736 3731 mundo
748 3689 756 3746 ;
791 3687 871 3731 nam
892 3669 1052 3750 quamdiu
1072 3671 1117 3734 ibi
1136 3673 1230 3747 vivit,
1251 3673 1284 3736 in
1307 3684 1402 3737 statu

277 3764 532 3829 reformationis
562 3783 620 3825 seu
650 3763 924 3846 regenerationis
958 3773 1115 3845 tenetur;
1149 3767 1209 3830 sed
1236 3769 1269 3830 in
1297 3788 1400 3833 unum

278 3870 337 3924 aut
353 3860 498 3924 alterum
511 3859 605 3923 venit
623 3859 854 3922 omnishomo
871 3870 950 3942 post
967 3871 1125 3937 mortem,
1140 3865 1217 3945 quia
1233 3873 1314 3927 tunc
1332 3885 1400 3928 non

278 3955 422 4039 amplius
437 3954 612 4018 reformari
630 3966 666 4018 et
684 3957 877 4036 regenerari
894 3964 1032 4037 potest3
1056 3967 1173 4021 manet
1193 3967 1274 4021 tunc
1292 3958 1403 4042 qualis

277 4052 404 4116 civita
433 4050 562 4114 mundo
592 4048 714 4124 fuerat,
739 4049 804 4112 hoc
837 4061 901 4125 est,
926 4051 1036 4133 qualis
1059 4053 1090 4116 ei
1111 4073 1207 4117 amor
1229 4074 1400 4135 regnans:

276 4166 380 4230 quare
404 4147 431 4208 si
450 4147 520 4208 vita
543 4146 668 4208 amoris
693 4145 825 4208 malici
846 4145 964 4221 suerat,
985 4147 1135 4211 aufertur
1157 4169 1259 4212 omne
1283 4171 1401 4212 verum

237 4271 238 4274 ¹
276 4242 369 4325 quod
384 4240 448 4304 sibi
464 4262 510 4303 ex
527 4241 705 4321 magistro,
723 4240 993 4322 praedicatione,
1010 4251 1069 4305 aut
1086 4242 1205 4307 Verbo
1221 4246 1257 4307 in
1273 4243 1401 4309 mundo

223 4400 228 4408 ,
276 4337 513 4420 comparavit;
538 4358 605 4420 quo
622 4335 742 4400 ablato
760 4337 893 4412 imbuit,
914 4339 1002 4402 sicut
1021 4340 1167 4421 spongia
1186 4361 1320 4423 aquam,
1337 4340 1400 4404 fal-

276 4451 353 4499 sum
382 4432 474 4496 malo
506 4454 567 4496 suo
598 4433 835 4510 concordans;
873 4443 909 4496 et
931 4435 1103 4512 vicissim;
1140 4437 1168 4498 si
1191 4445 1304 4500 autern
1329 4438 1402 4502 vita

275 4529 401 4594 amoris
425 4529 504 4591 boni
528 4529 557 4591 ei
580 4529 702 4604 fuerat,
727 4539 922 4592 removetur
945 4550 1046 4593 omne
1070 4531 1203 4606 falsum,
1225 4533 1315 4614 quod
1340 4553 1402 4615 per

275 4626 429 4690 auditum
453 4636 489 4688 et
514 4644 573 4707 per
592 4622 775 4688 lectionem
799 4624 831 4686 in
853 4627 980 4688 mundo
999 4628 1138 4703 tulerat,
1157 4639 1192 4692 et
1217 4651 1285 4692 non
1310 4632 1399 4712 apud
