3344 5402
289 659 310 722 6
648 671 851 723 sarnanum
874 673 1071 726 nucumcn

289 845 355 928 qui,
376 865 396 906 a
420 842 630 925 sapientibus
654 862 758 924 usque
781 844 825 906 ad
848 843 1032 926 simplices,
1050 864 1118 908 non
1142 844 1243 909 aliter
1267 847 1310 910 de
1334 847 1412 912 Deo

289 960 390 1022 quam
408 950 444 1003 ut
465 940 508 1003 de
526 938 687 1015 Homine,
705 940 964 1020 cogitaverunt;
989 949 1025 1004 et
1042 941 1185 1004 tandem
1202 961 1279 1005 cum
1296 941 1412 1025 plures

289 1037 373 1098 deos
397 1044 584 1117 coeperunt
608 1034 733 1111 colere,
758 1044 795 1099 ut
818 1035 969 1100 Athenis
992 1045 1029 1099 et
1060 1035 1204 1113 Romae,
1229 1037 1409 1103 coluerunt

288 1151 407 1194 omnes
432 1143 467 1194 ut
491 1132 658 1194 homines.
704 1129 801 1194 Haec
819 1131 981 1195 illustrari
1000 1140 1145 1213 possunt
1162 1153 1223 1216 per
1245 1133 1330 1198 haec
1354 1155 1409 1198 se·

286 1228 438 1309 quentia,
459 1228 501 1290 de
521 1228 641 1308 quibus
661 1229 694 1290 in
714 1227 863 1310 quodam
882 1227 1048 1310 opusculo
1067 1228 1180 1312 prius:

340 1409 461 1471 Gentes,
478 1409 624 1479 imprimis
638 1405 781 1470 Alrican'i,
797 1410 848 1480 qui
864 1427 956 1464 unum
974 1409 1072 1466 Deum
1087 1409 1262 1467 Creatorem
1277 1412 1408 1467 universi

285 1491 454 1552 agnoscunt
469 1491 501 1534 et
516 1481 628 1543 colunt,
642 1482 739 1536 ideam
756 1481 896 1536 Hominis
914 1482 953 1535 de
973 1481 1040 1536 Deo
1055 1483 1183 1546 habent;
1206 1483 1309 1538 dicunt
1327 1486 1408 1554 quod

286 1569 376 1605 nemo
395 1553 483 1606 aliam
503 1553 541 1606 de
562 1551 628 1607 Deo
648 1552 745 1622 possit
763 1553 881 1607 habere.
919 1553 995 1608 Cum
1011 1554 1138 1608 audiunt
1153 1555 1234 1625 quod
1252 1556 1351 1624 plures
1370 1557 1410 1609 de

288 1621 353 1677 Deo
371 1623 493 1677 foveant
508 1624 604 1677 ideam
620 1623 698 1678 sicut
718 1625 882 1680 nubeculae
899 1623 926 1676 in
945 1625 1052 1687 medio,
1066 1635 1215 1695 quaerunt
1229 1627 1350 1680 ubinam
1365 1626 1408 1679 illi

285 1705 371 1756 sunt;
391 1705 421 1748 et
433 1710 502 1748 cum
513 1694 623 1748 dicitur
632 1695 713 1765 quod
725 1694 786 1748 sint
800 1695 877 1748 inter
886 1693 1083 1757 Christianos,
1095 1706 1206 1767 negant
1216 1697 1297 1766 quod
1309 1696 1409 1752 dabile

285 1765 333 1818 sit.
371 1764 429 1819 Sed
444 1766 651 1834 respondetur,
664 1767 746 1836 quod
762 1766 800 1819 sit
818 1766 875 1819 illis
891 1765 961 1819 talis
977 1767 1045 1820 idea
1062 1783 1098 1820 ex
1117 1783 1162 1829 eo,
1177 1768 1259 1836 quod
1275 1766 1356 1821 Deus
1377 1769 1407 1822 in

285 1835 387 1890 Verbo
406 1838 525 1891 dicatur
540 1837 720 1906 “Spiritus''
736 1848 767 1892 et
787 1838 824 1891 de
843 1837 948 1906 spiritu
969 1853 1029 1890 non
1048 1838 1136 1892 aliter
1153 1839 1297 1920 cogitant,
1316 1855 1407 1908 quam

285 1907 361 1962 sicut
375 1908 413 1961 de
426 1908 571 1977 particula
584 1907 685 1969 nubis:
706 1925 766 1962 non
780 1909 910 1962 scientes
923 1908 1004 1978 quod
1018 1909 1117 1962 omnis
1130 1907 1251 1979 spiritus
1264 1919 1296 1964 et
1308 1910 1408 1965 omnis

284 1977 408 2048 angelus
421 1979 460 2034 sit
474 1978 574 2033 homo.
612 1978 654 2033 At
667 1995 761 2049 usque
769 1979 957 2048 exploratum
971 1987 1025 2038 est.
1035 1996 1106 2032 num
1115 1979 1279 2050 spiritualis
1288 1981 1406 2034 illorum

286 2049 352 2103 idea
371 2050 409 2104 sit
428 2050 534 2104 similis
550 2050 634 2103 ideae
650 2050 768 2103 illorum
785 2050 920 2110 naturali,
936 2060 967 2104 et
982 2061 1168 2119 compertum
1185 2052 1327 2120 estquod
1345 2067 1405 2105 non

284 2120 390 2174 similis
403 2121 442 2176 sit
458 2122 537 2191 apud
552 2121 619 2175 illos
634 2121 685 2190 qui
703 2119 867 2175 Dominum
885 2137 938 2189 pro
955 2119 1021 2175 Deo
1034 2121 1107 2174 caeli
1124 2131 1155 2174 et
1170 2132 1267 2176 terrae
1282 2122 1407 2176 imerius

283 2201 459 2262 agnoscunt.
497 2190 608 2245 Audivi
621 2192 771 2261 quendam
785 2192 990 2274 presbyterum
1003 2206 1040 2244 ex
1056 2190 1234 2247 Christianis
1247 2191 1407 2256 dicentem,

284 2262 364 2332 quod
376 2277 465 2316 nemo
475 2262 570 2332 possit
580 2261 688 2316 habere
702 2262 798 2316 ideam
812 2261 912 2316 Divmi
928 2261 1061 2316 Humani
1073 2280 1080 2326 ;
1099 2273 1130 2317 et
1142 2263 1204 2316 vidi
1216 2263 1297 2317 illum
1310 2275 1406 2317 trans·

283 2334 378 2387 latum
391 2334 428 2387 ad
442 2333 537 2387 varias
550 2333 670 2394 Gentes,
684 2333 850 2387 successive
867 2334 904 2387 ad
922 2332 1078 2388 interiores
1093 2343 1125 2387 et
1141 2333 1305 2395 interiores,
1319 2344 1349 2388 et
1367 2335 1406 2388 ab

285 2404 343 2457 illis
357 2404 394 2458 ad
411 2405 510 2458 caelos
525 2420 635 2465 earum,
651 2414 681 2458 et
697 2405 818 2457 tandem
835 2404 872 2458 ad
889 2405 1004 2458 caelum
1021 2403 1240 2468 Christianum:
1261 2414 1292 2459 et
1308 2405 1406 2460 ubivis
1447 2427 1454 2438 ·

285 2475 355 2530 data
367 2485 413 2529 est
423 2475 658 2529 communicatio
668 2475 871 2544 perceptionis
881 2474 1032 2529 interioris
1044 2491 1149 2529 eorum
1163 2476 1201 2529 de
1217 2474 1289 2536 Deo,
1299 2486 1330 2529 et
1342 2479 1406 2530 ani-

284 2546 447 2600 madvertit
459 2547 541 2615 quod
563 2563 624 2600 non
645 2547 703 2600 alia
722 2546 779 2600 illis
802 2545 869 2600 idea
890 2544 945 2600 Dei
966 2555 1044 2600 esset
1060 2562 1149 2616 quam
1167 2546 1234 2600 idea
1254 2545 1404 2609 Hominis,

283 2633 360 2687 quae
370 2618 474 2672 eadem
485 2627 531 2672 est
543 2632 612 2672 cum
627 2617 694 2671 idea
707 2616 810 2671 Divini
825 2615 967 2671 Humani.
1006 2617 1029 2686 [(
1038 2617 1102 2671 Vid.
1113 2617 1178 2672 Con.
1188 2619 1223 2671 de
1240 2617 1300 2673 Ult.
1314 2617 1405 2690 Judi·

282 2690 333 2750 cio,
346 2704 375 2742 n·
389 2687 455 2756 74·)l

346 2921 410 2970 12·
441 2905 578 2971 Plebeia
600 2907 678 2971 idea
701 2910 734 2971 in
760 2906 1023 2973 Christianismo
1046 2906 1090 2970 de
1116 2905 1193 2969 Deo
1215 2915 1269 2969 est
1293 2916 1330 2969 ut
1360 2908 1405 2971 de

285 3001 445 3075 Homine,
460 3004 538 3083 quia
555 3001 648 3065 Deus
664 3013 809 3066 vocatur
825 3002 975 3066 Persona
991 3004 1024 3065 in
1042 3000 1208 3066 Dodirina
1223 3000 1405 3064 Trinitatis

283 3099 544 3162 Athanasiana:
569 3099 680 3180 atqui
700 3118 801 3180 supra
820 3097 958 3180 plebem
977 3100 1126 3180 sapiunt,
1147 3097 1195 3160 illi
1216 3097 1325 3160 Deum
1349 3098 1402 3159 in-

281 3193 450 3258 visibilem
470 3195 719 3275 pronuntiant;
746 3195 837 3275 quod
862 3192 900 3256 fit
923 3195 1001 3274 quia
1020 3213 1088 3256 non
1112 3191 1405 3275 comprehendere

282 3300 439 3375 possunt,
457 3289 631 3371 quomodo
648 3289 741 3352 Deus
759 3299 796 3351 ut
817 3287 933 3351 Homo
950 3308 1065 3351 creare
1083 3290 1253 3369 potuisset
1269 3287 1404 3352 caelum

281 3396 318 3450 et
337 3396 475 3459 terram,
490 3395 563 3448 tum
580 3384 722 3465 implere
739 3385 932 3446 universum
947 3383 1141 3464 praesentia
1157 3404 1227 3457 sua,
1242 3393 1278 3447 et
1295 3383 1403 3465 plura,

281 3502 368 3565 quae
388 3501 457 3544 non
477 3481 600 3543 cadere
620 3489 764 3560 possunt
785 3481 819 3542 in
838 3477 1063 3552 intellectum,
1085 3481 1246 3560 quamdiu
1265 3481 1404 3560 ignora·

281 3587 337 3640 tur
352 3577 442 3659 quod
461 3575 621 3638 Divinum
639 3595 707 3638 non
725 3577 769 3638 sit
788 3577 822 3637 in
839 3575 962 3656 spatio.
1008 3573 1062 3637 Illi
1082 3583 1199 3636 autem
1218 3575 1274 3656 qui
1291 3574 1403 3638 solum

282 3671 468 3736 Dominum
484 3672 624 3746 adeunt,
639 3671 800 3734 Divinum
818 3668 1016 3733 Humanum
1033 3669 1203 3750 cogitant,
1223 3669 1272 3733 ita
1291 3669 1403 3736 Deum

281 3776 320 3831 ut
340 3766 537 3831 Hominem.

344 3890 410 3956 13·
444 3870 573 3953 Quanti
590 3875 735 3938 interest
745 3871 872 3954 justam
886 3871 997 3936 ideam
1009 3870 1074 3934 Dei
1090 3870 1228 3950 habere,
1243 3882 1404 3937 constare

280 3979 399 4052 potest
423 3990 469 4032 ex
499 3991 552 4045 eo,
573 3971 664 4052 quod
684 3970 761 4033 idea
780 3969 845 4032 Dei
875 3969 978 4032 iaciat
1001 3969 1158 4032 intimum
1179 3968 1405 4050 cogitationis

279 4064 370 4148 apud
395 4085 515 4129 omnes
537 4067 656 4149 quibus
676 4075 730 4128 est
761 4064 894 4146 religio,
915 4066 1029 4128 omnia
1048 4066 1139 4128 enim
1163 4064 1339 4146 religionis
1366 4071 1404 4126 et

280 4161 396 4224 omnia
414 4161 527 4223 cultus
547 4158 707 4242 spectant
727 4158 858 4222 Deum:
886 4169 922 4222 et
951 4160 1031 4242 quia
1051 4158 1144 4222 Deus
1165 4157 1404 4222 universaliter

237 4257 245 4276 ⁶
280 4265 317 4320 et
346 4257 565 4336 singulariter
594 4266 647 4319 est
675 4258 708 4317 in
739 4256 896 4319 omnibus
916 4255 1091 4338 religionis
1115 4264 1151 4318 et
1175 4254 1299 4328 cultus,
1323 4253 1403 4316 ideo

280 4353 343 4415 nisi
360 4351 452 4433 justa
471 4353 548 4416 idea
567 4350 632 4414 Dei
651 4353 707 4425 sit,
727 4371 794 4414 non
815 4359 931 4432 potest
950 4350 1218 4415 communicatio
1235 4348 1306 4412 dari
1323 4365 1401 4412 cum

280 4446 394 4511 caelis.
441 4447 528 4510 Inde
551 4457 615 4521 est,
636 4448 727 4530 quod
748 4448 959 4531 unaquaevis
983 4467 1069 4529 gens
1093 4448 1126 4509 in
1151 4445 1280 4509 mundo
1304 4445 1402 4526 spiri-

279 4541 365 4607 tuali
384 4546 547 4607 sortiatur
562 4543 676 4607 locum
693 4545 880 4608 secundum
897 4543 1008 4607 ideam
1026 4543 1089 4605 Dei
1106 4552 1143 4606 ut
1160 4541 1320 4605 Hominis
1335 4561 1343 4618 ;
1367 4540 1402 4604 in

279 4638 345 4701 hoc
366 4639 456 4702 enim
477 4647 531 4703 est
550 4639 628 4702 idea
647 4639 797 4716 Domini,
819 4649 855 4703 et
882 4657 951 4702 non
980 4639 1014 4702 in
1034 4638 1109 4701 alia.
1157 4635 1258 4716 Quod
1287 4646 1402 4700 status
