3448 5374
327 676 385 743 172
676 677 878 731 snmsnrm
901 681 1096 734 nncsurcn

320 847 494 929 quoddam
519 849 694 930 spirituale
716 861 914 933 separatum
944 875 964 917 a
993 855 1141 920 naturali
1161 857 1379 940 injucundum
1410 863 1445 926 ei

319 939 402 1001 suit:
427 941 505 1003 ideo
525 960 592 1004 non
613 943 726 1023 potuit
746 944 847 1007 aliter
865 965 910 1008 ex
931 947 1077 1010 naturali
1094 969 1156 1013 suo
1175 969 1291 1014 amore
1310 961 1346 1018 et
1370 951 1442 1035 ejus

318 1025 468 1107 iucundo
484 1035 649 1116 cogitare,
667 1054 769 1117 quam
788 1037 880 1119 quod
899 1039 1075 1121 spirituale
1091 1052 1185 1104 esset
1205 1043 1319 1124 purius
1337 1055 1440 1108 natu·

319 1123 402 1199 rale,
427 1144 467 1188 ac
495 1128 803 1209 correspondentia
826 1139 920 1194 esset
943 1130 1082 1214 aliquod
1107 1132 1249 1196 influens
1272 1155 1333 1217 per
1356 1157 1442 1201 con·

320 1217 464 1279 tinuum.
510 1216 623 1282 Immo
642 1239 734 1284 mere
755 1222 921 1286 naturalis
943 1223 1048 1288 homo
1069 1243 1136 1287 non
1158 1235 1276 1307 potest
1301 1248 1438 1311 separa-

319 1317 393 1370 tum
409 1310 488 1392 quid
508 1331 528 1374 a
547 1311 692 1376 naturali
713 1313 887 1395 cogitare;
911 1315 975 1378 hoc
992 1314 1041 1378 illi
1057 1326 1111 1380 est
1131 1317 1283 1381 nihilum.
1328 1317 1440 1385 Causa

319 1402 410 1481 quod
433 1401 492 1465 illa
511 1423 581 1465 non
601 1405 672 1466 visa
691 1413 726 1468 et
745 1405 825 1468 inde
844 1415 928 1469 nota
946 1404 1111 1471 hactenus
1127 1407 1260 1486 suerint,
1280 1419 1335 1475 est
1354 1431 1438 1494 quo·

318 1512 383 1574 que
407 1495 498 1577 quod
521 1497 636 1558 omnia
656 1496 841 1579 religionis,
863 1518 950 1580 quae
974 1509 1142 1563 vocantur
1165 1502 1365 1584 spiritualia,
1385 1523 1437 1567 re·

319 1588 488 1651 moverint
519 1609 537 1652 e
566 1587 753 1671 conspectu
772 1588 921 1654 hominis
943 1610 1005 1672 per
1032 1593 1268 1674 dogmaticum
1298 1595 1332 1656 in
1359 1603 1439 1658 toto

317 1675 515 1744 Christiano
538 1681 631 1757 orbe,
657 1683 748 1764 quod
775 1681 988 1765 theologica,
1014 1703 1101 1765 quae
1131 1693 1211 1748 sunt
1238 1686 1437 1766 spiritualia,

316 1791 405 1853 quae
424 1770 578 1836 Concilia
601 1782 637 1836 et
660 1773 798 1856 quidam
818 1775 1039 1856 antesignani
1060 1775 1313 1852 concluserunt,
1333 1798 1438 1843 caece

316 1865 490 1928 credenda
509 1867 589 1939 sint,
610 1866 699 1947 quia,
720 1874 756 1928 ut
781 1866 908 1940 dicunt,
928 1865 1144 1930 intellectum
1165 1871 1436 1950 transcendunt;

316 1956 397 2020 inde
423 1957 561 2040 quidam
588 1965 796 2039 putaverunt
819 1957 996 2040 spirituale
1025 1978 1102 2022 esse
1131 1961 1219 2024 sicut
1249 1963 1321 2024 avis
1350 1982 1438 2044 quae

315 2048 412 2113 volat
432 2069 533 2130 supra
551 2067 664 2111 aerem
684 2049 717 2112 in
738 2048 890 2124 aethere,
908 2069 976 2132 quo
994 2050 1113 2114 oculus
1129 2053 1201 2115 visu
1221 2071 1288 2115 non
1305 2054 1436 2135 pertin·

315 2141 369 2224 git
384 2161 391 2218 ;
416 2160 492 2204 cum
504 2148 619 2203 tamen
633 2150 686 2204 est
700 2142 786 2204 sicut
800 2141 872 2203 avis
884 2141 1107 2222 paradisiaca,
1121 2163 1207 2225 quae
1220 2145 1316 2207 volat
1331 2164 1437 2228 prope

314 2232 462 2308 oculum,
483 2243 520 2296 et
542 2232 692 2316 pulchris
711 2234 780 2296 suis
798 2232 862 2295 alis
881 2235 997 2314 tangit
1020 2233 1185 2316 pupillam
1205 2235 1286 2317 ejus,
1307 2245 1343 2300 et
1361 2237 1437 2301 vult

314 2325 440 2389 videri:
465 2346 525 2408 per
543 2326 652 2388 visum
673 2323 763 2389 oculi
782 2324 988 2406 intelligitur
1007 2327 1098 2389 visus
1121 2325 1377 2391 intellectualis.

377 2430 475 2502 375.
505 2415 820 2499 Correspondentia
842 2416 1033 2481 voluntatis
1064 2428 1101 2481 et
1132 2417 1328 2483 intellectus
1358 2439 1435 2484 cum

313 2510 420 2572 corde
447 2520 483 2573 et
512 2510 675 2592 pulmone
698 2527 767 2572 non
794 2517 910 2592 potest
934 2509 1025 2573 nude
1046 2509 1252 2585 confirmari,
1272 2511 1338 2574 hoc
1368 2521 1434 2586 est,

314 2601 426 2665 solum
445 2622 505 2684 per
524 2601 717 2676 rationalia,
737 2601 797 2664 sed
817 2609 936 2683 potest
955 2621 1016 2683 per
1034 2599 1182 2666 effecius.
1227 2601 1305 2666 Hoc
1325 2603 1436 2668 simile

312 2701 369 2757 est
392 2693 481 2757 sicut
505 2704 559 2757 est
583 2711 659 2756 cum
682 2711 792 2757 rerum
811 2693 943 2771 causis;
975 2694 1040 2757 hae
1062 2695 1199 2775 quidem
1219 2695 1436 2760 rationaliter

314 2794 461 2868 possunt
480 2785 597 2860 videri,
618 2785 678 2848 sed
697 2804 766 2848 non
787 2783 878 2850 clare
897 2785 960 2849 nisi
979 2805 1039 2867 per
1058 2783 1219 2864 effectum
1243 2796 1324 2849 sunt
1343 2789 1434 2851 enim

312 2897 441 2942 causae
462 2875 594 2952 inillis,
614 2884 651 2940 et
671 2897 708 2940 se
727 2896 787 2960 per
805 2875 883 2941 illos
903 2872 1015 2941 [¹¹dant
1034 2878 1220 2940 videndas:
1253 2897 1351 2942 mens
1370 2899 1432 2943 nec

316 2970 408 3054 prius
432 2989 470 3032 se
499 2969 542 3032 de
567 2969 678 3032 causis
701 2967 892 3032 confirmat.
937 2966 1088 3033 Effec‘tus
1110 2968 1208 3050 hujus
1231 2989 1434 3052 correspon-

314 3061 456 3126 dentiae
474 3062 508 3124 in
527 3060 751 3143 sequentibus
769 3061 958 3124 tradentur.
1002 3059 1071 3125 Sed
1095 3081 1138 3125 ne
1156 3059 1277 3144 aliquis
1295 3061 1339 3124 de
1357 3081 1433 3126 cor·

315 3153 562 3237 respondentia
591 3151 655 3216 hac
678 3151 840 3216 illabatur
865 3152 900 3216 in
927 3152 1022 3216 ideas
1041 3173 1086 3217 ex
1112 3150 1364 3234 hypothesibus
1390 3154 1433 3217 de

314 3247 429 3310 anima
444 3253 577 3327 captas,
594 3243 752 3326 perlegat
771 3244 862 3326 prius
878 3243 937 3308 illa
952 3265 1038 3327 quae
1054 3245 1088 3309 in
1104 3243 1335 3327 praecedente
1351 3245 1433 3308 arti·

314 3338 391 3403 culo
409 3347 549 3402 ostensa
572 3345 671 3400 sunt:
703 3345 752 3412 ut,
774 3335 876 3420 (quae
899 3356 932 3399 n.
951 3335 1022 3418 363,
1045 3334 1134 3420 364,)
1159 3334 1260 3418 Quod
1283 3355 1380 3399 amor
1398 3345 1434 3400 et

314 3430 495 3514 sapientia,
519 3437 555 3494 et
584 3428 665 3494 inde
683 3427 846 3492 voluntas
875 3436 911 3492 et
941 3424 1140 3492 intellectus
1168 3427 1296 3491 faciant
1325 3429 1432 3510 ipsam

314 3523 423 3585 vitam
442 3521 613 3585 hominis:
639 3518 687 3605 (n.
705 3519 793 3605 365,)
814 3517 916 3603 Quod
933 3521 1006 3583 vita
1023 3519 1171 3583 hominis
1191 3521 1235 3582 sit
1255 3521 1289 3582 in
1309 3521 1431 3601 princi-

313 3615 378 3697 piis
405 3614 439 3676 in
463 3612 621 3686 cerebris,
645 3621 682 3676 et
711 3611 745 3675 in
775 3613 988 3695 principiatis
1014 3612 1049 3675 in
1079 3631 1243 3694 corpore:
1269 3608 1317 3695 (n.
1343 3607 1432 3692 366,)

314 3703 418 3786 Quod
437 3704 545 3788 qualis
560 3705 630 3766 vita
648 3711 703 3767 est
725 3704 759 3767 in
782 3703 965 3787 principiis,
986 3703 1067 3768 talis
1095 3704 1139 3767 sit
1164 3705 1197 3766 in
1227 3711 1304 3767 toto
1332 3711 1367 3764 et
1397 3700 1432 3764 in

310 3795 467 3880 qualibet
491 3803 608 3879 parte:
638 3796 686 3878 (n.
706 3793 794 3879 367,)
818 3792 921 3876 Quod
943 3796 1016 3859 vita
1029 3814 1100 3882 ,per
1122 3795 1287 3878 principia
1306 3793 1366 3856 illa
1387 3793 1432 3856 sit

311 3908 360 3952 ex
382 3887 535 3970 qualibet
559 3887 713 3969 partein
736 3896 824 3962 toto,
843 3896 879 3951 et
906 3907 952 3950 ex
977 3896 1057 3951 toto
1084 3887 1119 3951 in
1138 3886 1292 3970 qualibet
1311 3893 1431 3967 parte:
1451 3889 1455 3898 '

315 3978 364 4064 (n.
385 3977 474 4063 368,)
493 3979 594 4062 Quod
613 3979 723 4064 qualis
742 3989 797 4042 est
814 3998 921 4055 amor,
938 3978 1018 4042 talis
1036 3979 1081 4042 sit
1100 3977 1281 4061 sapientia,
1299 3987 1335 4040 et
1354 3975 1432 4038 inde

312 4071 394 4137 talis
413 4073 459 4136 sit
477 4071 592 4136 homo.

375 4167 476 4250 376·
510 4165 575 4230 Hic
603 4165 874 4231 confirmationis
900 4167 1015 4248 gratia
1040 4165 1122 4229 licet
1153 4162 1272 4228 afferre
1295 4181 1432 4242 reprae-

312 4263 546 4327 sentationem
555 4263 880 4344 correspondentiae
892 4261 1084 4325 voluntatis
1096 4269 1132 4324 et
1146 4255 1343 4323 intellectus
1355 4273 1432 4319 cum

313 4357 418 4422 corde
440 4367 477 4421 et
501 4357 662 4440 pulmone
678 4358 787 4420 visam
809 4357 843 4420 in
864 4356 962 4420 caelo
980 4356 1071 4437 apud
1087 4354 1243 4437 angelos.
1290 4352 1432 4416 Forma·

313 4455 400 4518 baut
427 4452 476 4516 illi
503 4473 564 4535 per
589 4452 778 4516 mirabilem
806 4460 842 4515 et
872 4451 975 4515 nullis
1001 4451 1144 4515 vocibus
1170 4448 1439 4531 expressibilem

313 4549 500 4612 fluxionem
524 4550 557 4612 in
581 4568 696 4630 gyros,
713 4549 822 4611 instar
840 4549 954 4611 cordis
976 4557 1011 4611 et
1035 4547 1145 4610 instar
1163 4545 1333 4628 pulmonis
1355 4562 1436 4608 cum

314 4643 473 4707 omnibus
491 4645 709 4708 contexturis
728 4643 945 4707 interioribus
964 4662 1051 4726 quae
1070 4643 1103 4704 in
1123 4641 1202 4715 illis,
1220 4650 1256 4704 et
1272 4649 1353 4703 tunc
1378 4659 1438 4702 se·
