3418 5368
336 625 398 694 1³4
686 615 894 669 suranna
916 615 1114 671 unomen

332 802 426 870 cunt,
447 801 484 858 at
512 789 597 857 fides
627 799 775 856 externa
806 785 896 873 apud
923 787 1013 868 illos,
1033 789 1090 875 qui
1113 789 1226 858 Deum
1248 813 1320 858 non
1343 793 1459 874 corde,

332 900 505 973 utcunque
525 909 595 963 ore,
615 893 820 970 agnoscunt.

396 999 490 1066 192.
522 981 660 1048 Didium
692 992 756 1060 est,
789 983 881 1067 quod
915 1004 984 1048 non
1018 985 1128 1068 possit
1157 983 1293 1070 aliquis,
1323 987 1381 1071 qui
1413 1005 1460 1052 ex

331 1081 534 1167 apparentia
568 1081 601 1144 in
633 1078 700 1143 fide
733 1087 796 1156 est,
831 1079 923 1164 quod
952 1079 1103 1144 humana
1135 1082 1320 1166 prudentia
1354 1082 1460 1147 iaciat

332 1181 458 1254 omnia,
483 1177 641 1242 convinci
665 1177 728 1240 nisi
752 1196 813 1260 per
835 1176 987 1241 rationes
1009 1175 1143 1241 altioris
1165 1177 1348 1262 indaginis,
1372 1199 1461 1262 quae

331 1295 377 1338 ex
397 1275 509 1340 causis
528 1273 761 1337 desumendae
782 1282 872 1336 sunt.
920 1271 1034 1354 Quare
1054 1282 1091 1336 ut
1110 1273 1263 1338 rationes
1282 1295 1328 1337 ex
1347 1275 1461 1338 causis

215 1367 223 1380 ’
331 1370 537 1454 desumptae
555 1379 699 1454 pateant
719 1387 835 1432 coram
855 1365 1046 1444 intellediu
1063 1369 1097 1432 in
1117 1389 1179 1432 suo
1196 1369 1317 1432 ordine
1331 1370 1458 1434 sisten-

330 1467 397 1534 dae
415 1476 507 1545 sunt,
528 1467 584 1549 qui
604 1465 658 1528 hic
678 1465 743 1528 erit
758 1485 811 1526 :-

509 1600 553 1670 (i.)
580 1599 667 1670 Quod
679 1613 775 1654 amnes
789 1601 978 1670 cogitatianes
991 1597 1119 1654 hominis
1132 1604 1195 1654 sint
1212 1617 1249 1654 ex
1263 1601 1461 1671 affeliirmibus

649 1673 759 1724 amoris
776 1671 857 1724 vr'tae
872 1671 943 1742 ejus,
959 1675 986 1723 et
1004 1670 1082 1739 qnod
1091 1674 1218 1740 prorsus
1231 1671 1331 1725 nullae
1346 1675 1459 1744 cagi'ta·

649 1746 739 1796 tiones
748 1744 817 1804 sini,
829 1757 880 1796 nec
894 1741 968 1794 dari
969 1745 1091 1810 possint,
1108 1741 1212 1810 absque
1221 1741 1292 1797 illis.

496 1813 551 1884 (ii.)
579 1813 665 1884 Quod
669 1813 950 1883 offelli'oneramoris
961 1814 1043 1866 vitae
1051 1811 1181 1868 hominis
1191 1816 1255 1882 ,sint
1264 1814 1323 1867 soli
1331 1813 1460 1868 Domitio

489 1954 555 2024 (iii.)
582 1891 839 2026 Quoiociisiaranes
858 1955 969 2008 amart's
986 1955 1069 2008 vitae
1084 1953 1211 2009 hominis
1225 1974 1243 2009 a
1260 1956 1388 2010 Domino
1399 1959 1459 2028 per

650 2027 795 2078 Divinam
807 2027 908 2096 Ipsius
918 2026 1145 2080 Providentiam
1155 2027 1313 2088 ducantur,
1325 2033 1354 2082 et
1368 2023 1460 2082 santa!

649 2104 720 2151 tunc
730 2099 920 2168 cogitatianes
929 2113 968 2151 ex
978 2099 1081 2166 qur'bus
1087 2098 1253 2166 prudentia
1264 2097 1405 2154 humana.

490 2168 553 2238 (iv.)
581 2169 667 2238 Quod
673 2169 817 2222 Dominus
811 2173 881 2292 [per
893 2169 1042 2222 Divinam
1052 2185 1137 2222 suam
1143 2168 1369 2223 Providentiam
1380 2185 1454 2225 cant·

642 2243 736 2310 ponat
754 2240 812 2308 affe
837 2242 915 2293 tanes
930 2241 1020 2293 totius
1033 2241 1155 2310 generis
1171 2239 1301 2294 humani
1317 2243 1351 2292 in
1365 2254 1458 2294 nnaut

641 2313 785 2382 sormam,
801 2315 927 2378 quaeest
938 2311 1091 2365 Humana.

498 2384 552 2452 (v.)
578 2383 664 2454 Quod
679 2383 747 2435 ande
759 2381 876 2468 ειιιεὶιιυιΙ
885 2389 913 2435 et
928 2383 1095 2468 infernum,
1106 2398 1182 2452 quae
1195 2389 1265 2436 sunt
1278 2397 1316 2436 ex
1324 2381 1457 2438 humano

491 2524 555 2596 (vi.)
582 2453 1183 2595 Quoiiiiii'ui'siiiinsiizieiriiitetsolam
1218 2523 1388 2578 rudentium
1399 2522 1456 2580 ku·

648 2613 767 2648 monam
792 2602 983 2666 agnoverunt,
995 2598 1121 2667 saciant
1146 2597 1180 2649 in
1197 2612 1323 2658 arnum
1351 2601 1380 2650 et
1403 2593 1460 2664 qui

648 2667 742 2720 Deum
757 2671 786 2719 et
804 2667 950 2720 Divinam
970 2667 1069 2736 Ipsius
1086 2667 1312 2720 Providentiam
1331 2682 1455 2738 agnove-

647 2744 728 2800 runt,
733 2739 860 2808 faciant
875 2737 994 2792 caelum.

481 2808 554 2878 (vii.)
580 2808 667 2878 Quod
677 2812 775 2862 amnia
791 2809 862 2862 haec
876 2825 932 2862 nan
943 2809 1021 2876 fieri
1026 2811 1149 2879 possint,
1165 2811 1229 2862 nisi
1243 2811 1390 2878 appareat
1406 2806 1457 2863 ha·

647 2882 725 2932 maai
734 2879 812 2948 quod
820 2895 897 2932 exse
908 2883 1014 2951 cogitet
1025 2885 1053 2933 ei
1066 2896 1104 2933 ex
1113 2895 1144 2934 se
1153 2880 1298 2949 disponat.

391 3029 490 3099 193·
528 3011 579 3097 (i.)
618 3011 714 3090 Quod
746 3033 857 3077 omnes
888 3013 1107 3094 cogitatianes
1135 3011 1280 3076 hominis
1312 3013 1385 3076 sint
1413 3033 1459 3076 ex

327 3110 560 3196 affec‘h'onibus
583 3109 711 3173 amoris
734 3109 824 3172 vitae
845 3109 924 3192 ey'us,
945 3119 977 3172 et
999 3107 1089 3191 quod
1107 3107 1218 3171 nullae
1238 3108 1456 3190 cogitatianes

327 3207 407 3283 sint,
428 3227 484 3270 nec
505 3205 589 3270 dari
602 3204 748 3286 possint,
768 3203 893 3285 absque
922 3201 1141 3285 illis-Quid
1168 3222 1265 3266 arnor
1288 3203 1394 3279 vitae,
1416 3212 1455 3268 et

328 3303 407 3385 quid
425 3299 623 3365 affet'tiones
638 3310 674 3363 et
690 3301 770 3362 inde
787 3299 1033 3380 cogitationes,
1050 3306 1087 3361 et
1103 3319 1149 3363 ex
1165 3298 1219 3362 his
1236 3299 1458 3361 sensationes

327 3408 364 3462 et
395 3395 560 3471 astiones,
589 3417 675 3478 quae
708 3397 742 3459 in
773 3414 917 3477 corpore
950 3395 1119 3468 existunt,
1150 3395 1185 3458 in
1212 3415 1274 3458 sua
1302 3395 1457 3459 essentia

328 3504 421 3568 sunt,
446 3513 549 3574 supra
571 3493 605 3554 in
628 3490 692 3554 hac
717 3488 964 3566 transaftione,
989 3501 1025 3554 et
1055 3512 1190 3574 quoque
1220 3491 1254 3555 in
1285 3489 1344 3554 ilia
1366 3512 1456 3575 quae

327 3597 472 3651 vocatur
498 3585 675 3667 Sapientia
703 3585 868 3667 Angelica
894 3587 935 3650 de
957 3585 1082 3649 Divino
1110 3587 1237 3650 Amore
1262 3597 1295 3651 et
1326 3585 1456 3650 Divina

328 3681 514 3763 Sapientia,
532 3683 565 3744 in
584 3683 700 3762 specie
719 3683 753 3744 in
775 3682 874 3746 Parte
895 3681 966 3764 ejus
987 3682 1099 3745 Prima
1116 3693 1153 3746 et
1173 3680 1315 3764 Quinta,
1333 3693 1454 3748 osten·

326 3798 401 3842 sum
422 3787 487 3841 est.
533 3776 631 3840 Nunc
649 3777 729 3860 quia
747 3778 825 3843 inde
845 3789 926 3842 sunt
945 3799 1079 3855 causae,
1100 3799 1146 3842 ex
1165 3780 1286 3862 quibus
1305 3779 1454 3862 pruden-

327 3875 376 3938 tia
392 3873 543 3937 humana
562 3882 599 3936 ut
619 3870 757 3937 effestus
775 3874 922 3956 profluit,
944 3895 1124 3939 necessum
1144 3885 1210 3952 est,
1228 3884 1265 3939 ut
1284 3875 1455 3957 aliquado

326 3969 395 4033 illis
414 3969 468 4032 hic
488 3990 622 4053 quoque
641 3969 876 4034 adducantur:
906 3991 986 4034 nam
1005 3991 1093 4054 quae
1112 3970 1194 4035 alibi
1212 3971 1343 4053 scripta
1360 3980 1454 4046 sunt,

327 4087 396 4130 non
416 4074 562 4148 possunt
586 4085 662 4130 curn
687 4066 754 4130 illis
778 4089 866 4150 quae
888 4068 1081 4132 scribuntur
1104 4077 1184 4150 post
1206 4067 1277 4141 illa,
1297 4068 1346 4130 ita
1368 4086 1453 4130 con·

325 4165 420 4227 tinue
449 4158 551 4240 nedti,
583 4163 670 4227 sicut
702 4165 729 4228 si
760 4165 881 4228 eadem
911 4175 1118 4229 revocantur
1150 4174 1186 4228 et
1216 4172 1391 4247 ponuntur
1418 4161 1452 4225 in

326 4255 523 4340 conspettu.
567 4265 623 4324 [2.]
657 4260 695 4322 In
715 4261 779 4324 bac
797 4256 1030 4325 transactione
1050 4259 1211 4335 antehac,
1229 4269 1265 4322 et
1284 4259 1318 4321 in
1334 4278 1453 4341 supra·

326 4363 520 4420 memorata
538 4355 589 4419 De
607 4355 731 4419 Divino
749 4355 876 4419 Amore
896 4367 928 4421 et
949 4355 1078 4421 Divina
1102 4354 1287 4437 Sapientia,
1308 4354 1454 4418 demon·

326 4460 474 4514 stratum
493 4461 559 4527 est,
580 4452 672 4534 quod
688 4453 722 4515 in
743 4451 894 4516 Domino
912 4453 957 4516 sit
978 4451 1121 4515 Divinus
1139 4449 1251 4515 Amor
1269 4459 1305 4516 et
1328 4449 1455 4513 Divina

326 4543 515 4627 Sapientia,
534 4556 571 4612 et
590 4547 681 4630 quod
701 4547 760 4611 illa
779 4548 846 4611 duo
864 4549 933 4612 sint
952 4549 1027 4630 ipsa
1043 4546 1137 4622 Vita,
1155 4557 1191 4611 et
1211 4546 1302 4630 quod
1322 4544 1455 4610 exiliis

327 4639 460 4704 duobus
491 4643 560 4706 sint
591 4641 721 4706 homini
752 4644 915 4707 voluntas
946 4654 982 4708 et
1012 4639 1222 4721 intelledtus,
1252 4663 1298 4707 ex
1329 4641 1457 4704 Divino
