3426 5382
307 674 369 737 114
657 667 860 718 summum
886 667 1081 722 suosmet

303 845 425 909 vident
444 845 478 907 in
499 863 560 908 sua
580 841 655 906 luce
676 851 747 906 tam
768 844 872 920 clare,
893 845 979 909 sicut
1003 845 1108 909 homo
1131 847 1280 911 interdiu
1300 849 1333 912 in
1354 871 1444 928 sua:

302 962 409 1006 causa
428 949 493 1016 est,
513 939 593 1023 quia
607 939 700 1003 visus
720 939 811 1002 oculi
827 941 978 1004 omnium
996 941 1164 1005 formatus
1180 953 1234 1007 est
1251 943 1296 1007 ad
1316 966 1437 1026 recep·

304 1040 435 1103 tionem
464 1036 549 1100 lucis
572 1036 605 1100 in
631 1055 698 1120 qua
721 1045 798 1114 est;
821 1036 870 1100 ita
890 1039 980 1100 visus
1004 1038 1093 1102 oculi
1117 1039 1319 1124 angelorum
1349 1045 1437 1105 caeli

303 1135 348 1199 ad
368 1135 605 1218 receptionem
626 1131 710 1194 lucis
734 1133 767 1196 in
787 1153 854 1214 qua
872 1141 949 1211 est;
974 1143 1010 1198 et
1030 1135 1122 1198 visus
1145 1137 1236 1200 oculi
1256 1139 1435 1220 spirituum

303 1231 425 1297 inferni
448 1230 491 1294 ad
519 1229 755 1312 receptionem
784 1248 864 1292 suae
889 1228 983 1304 lucis,
1009 1239 1063 1294 est
1087 1235 1321 1314 comparative
1346 1236 1436 1296 sicut

302 1347 381 1392 cum
406 1325 540 1391 noctuis
562 1335 598 1389 et
621 1322 934 1409 vespertilionibus,
957 1345 1044 1408 quae
1069 1323 1175 1390 noctu
1201 1326 1266 1410 [et]
1291 1351 1436 1411 vespere

302 1425 425 1487 vident
444 1433 516 1486 tam
533 1422 624 1486 clare
643 1416 788 1502 objecta,
807 1429 972 1503 tanquam
993 1421 1050 1485 diu
1066 1422 1187 1486 vident
1207 1423 1268 1486 illa
1284 1424 1435 1506 reliquae

301 1541 386 1584 aves
400 1540 407 1582 :
432 1518 522 1584 oculi
535 1519 627 1582 enim
640 1515 774 1580 illarum
788 1516 830 1578 ad
849 1517 1081 1599 receptionem
1095 1537 1177 1582 suae
1194 1518 1278 1582 lucis
1297 1519 1435 1583 formati

301 1625 394 1679 sunt.
427 1613 495 1678 Sed
509 1613 692 1678 discrimen
702 1613 793 1676 inter
805 1611 899 1675 luces
909 1611 988 1675 illas
1002 1623 1145 1696 apparet
1158 1613 1337 1697 perspicue
1354 1616 1433 1687 illis,

301 1709 360 1792 qui
376 1708 422 1773 ab
438 1728 504 1772 una
521 1707 596 1771 luce
608 1708 642 1770 in
658 1705 805 1771 alteram
821 1704 1002 1789 spedtant;
1028 1718 1065 1771 ut
1085 1708 1166 1771 dum
1183 1709 1328 1792 angelus
1344 1711 1433 1772 caeli

301 1803 440 1887 spectat
454 1805 486 1868 in
505 1803 685 1878 infernum,
699 1823 768 1866 non
781 1802 876 1866 videt
896 1803 960 1866 nisi
979 1823 1081 1885 quam
1098 1821 1228 1868 mnam
1246 1804 1429 1886 caliginem

303 1902 370 1980 ibi;
394 1912 431 1965 et
454 1920 530 1964 cum
555 1901 696 1982 spiritus
718 1899 840 1964 inferni
863 1897 998 1981 spectat
1021 1900 1055 1963 in
1079 1900 1223 1975 caelum,
1250 1921 1317 1963 non
1337 1903 1434 1963 videt

303 1999 367 2061 nisi
386 2015 488 2080 quam
505 1995 687 2078 caliginem
704 1995 760 2059 ibi.
805 1993 917 2060 Causa
933 2005 999 2072 est,
1017 1997 1096 2078 quia
1112 1998 1282 2079 sapientia
1302 1999 1432 2060 caeles-

302 2095 350 2157 tis
369 2103 423 2156 est
447 2092 515 2156 illis
533 2091 590 2174 qui
608 2091 642 2153 in
663 2091 797 2155 inierno
813 2100 892 2155 sunt
910 2101 947 2156 ut
966 2090 1094 2174 caligo,
1109 2111 1149 2156 ac
1169 2092 1319 2156 vicissim
1340 2094 1431 2155 insa-

300 2190 360 2252 nia
379 2187 552 2252 infernalis
571 2197 625 2250 est
643 2186 711 2250 illis
729 2189 785 2271 qui
804 2189 838 2251 in
858 2186 957 2252 caelo
975 2196 1066 2262 sunt,
1083 2197 1121 2251 ut
1139 2187 1265 2270 caligo.
1307 2187 1362 2250 Ex
1380 2189 1434 2250 his

298 2294 466 2348 constare
485 2291 604 2366 potest
620 2283 712 2367 quod
732 2283 841 2366 qualis
860 2283 989 2347 homini
1005 2280 1201 2347 intelledtus
1220 2293 1286 2359 est,
1304 2285 1384 2346 talis
1401 2285 1434 2348 ei

302 2379 363 2443 lux
384 2381 430 2444 sit
446 2401 453 2458 ;
477 2389 514 2444 et
533 2380 624 2461 quod
644 2379 786 2462 quisque
804 2381 837 2443 in
854 2399 950 2442 suam
971 2378 1083 2443 lucem
1102 2378 1220 2443 veniat
1239 2389 1319 2462 post
1341 2399 1432 2442 mor-

297 2487 387 2552 tem,
408 2495 476 2540 non
502 2476 592 2539 enim
612 2475 707 2539 videt
730 2476 763 2536 in
784 2475 873 2552 alia3
898 2485 934 2538 et
958 2476 992 2538 in
1016 2475 1145 2538 mundo
1167 2474 1347 2557 spirituali,
1374 2476 1430 2537 ubi

296 2593 423 2637 omnes
442 2571 637 2654 spirituales
654 2579 732 2633 sunt
750 2572 855 2633 etiam
876 2571 989 2652 quoad
1006 2589 1162 2655 corpora,
1175 2570 1266 2634 oculi
1282 2571 1431 2634 omnium

300 2667 438 2732 formati
455 2677 534 2730 sunt
551 2666 594 2729 ad
608 2666 793 2729 videndum
809 2687 856 2730 ex
872 2685 932 2729 sua
949 2664 1035 2730 luce.
1081 2665 1195 2730 Amor
1210 2667 1302 2730 vitae
1320 2667 1429 2748 cujus-

297 2765 353 2827 vis
371 2764 453 2827 iacit
470 2762 534 2826 sibi
550 2758 778 2838 intellettum,
794 2771 831 2827 et
848 2763 896 2826 sic
913 2782 1050 2846 quoque
1066 2761 1200 2842 lucem;
1224 2783 1320 2826 amor
1339 2765 1431 2828 enim

297 2869 355 2923 est
379 2861 467 2924 sicut
491 2859 580 2941 ignis
603 2859 708 2933 vitae,
732 2879 778 2923 ex
800 2878 870 2941 quo
885 2858 946 2921 lux
965 2859 1069 2922 vitae.

365 2954 464 3021 168.
495 2951 667 3036 Quoniam
684 2955 784 3038 pauci
800 2955 912 3019 sciunt
930 2953 1058 3036 aliquid
1075 2953 1119 3017 de
1134 2951 1378 3029 illustratione,
1396 2957 1431 3018 in

298 3071 368 3134 qua
387 3047 584 3115 intellectus
600 3049 749 3114 hominis
765 3060 820 3114 est
838 3050 895 3134 qui
914 3049 1059 3114 docetur
1074 3071 1095 3112 a
1111 3047 1274 3127 Domino,
1291 3050 1370 3114 ideo
1386 3053 1431 3114 de

300 3145 361 3210 illa
379 3146 507 3230 aliquid
527 3145 671 3211 dicetur.
718 3145 784 3210 Est
808 3144 996 3210 illustratio
1015 3166 1035 3209 a
1054 3142 1207 3210 Domino
1229 3146 1370 3209 interior
1393 3157 1430 3210 et

299 3242 464 3318 exterior,
482 3251 518 3306 et
536 3253 591 3306 est
610 3242 796 3306 illustratio
814 3241 859 3304 ab
874 3241 1013 3304 homine
1032 3242 1139 3304 etiam
1157 3242 1299 3305 interior
1314 3251 1350 3305 et
1365 3262 1429 3305 ex-

299 3340 415 3403 terior.
461 3338 656 3404 illustratio
678 3339 820 3403 interior
842 3358 863 3401 a
887 3336 1038 3401 Domino
1056 3345 1122 3410 est,
1147 3336 1238 3421 quod
1258 3337 1363 3401 homo
1382 3359 1428 3400 ex

298 3436 410 3518 prima
432 3435 609 3498 auditione
632 3435 798 3517 percipiat
827 3452 907 3497 num
930 3450 1048 3496 verum
1076 3433 1121 3495 sit
1140 3430 1196 3495 vel
1220 3452 1289 3496 non
1311 3455 1428 3496 verum

298 3530 392 3613 quod
416 3530 560 3609 dicitur;
584 3529 773 3594 illustratio
794 3529 946 3593 exterior
968 3537 1023 3592 est
1045 3527 1125 3591 inde
1147 3528 1182 3591 in
1205 3530 1429 3610 cogitatione.

301 3624 494 3689 illustratio
511 3626 653 3690 interior
671 3626 718 3689 ab
735 3625 887 3700 homine,
907 3634 962 3688 est
981 3645 1027 3688 ex
1046 3623 1122 3687 sola
1145 3623 1428 3703 confirmatione;

300 3730 336 3785 et
355 3719 541 3786 illustratio
556 3722 710 3786 exterior
728 3722 773 3785 ab
790 3721 930 3785 homine
948 3729 1003 3785 est
1020 3741 1067 3783 ex
1085 3717 1161 3784 sola
1179 3721 1343 3783 scientia:
1368 3723 1429 3784 sed

299 3817 344 3880 de
360 3815 506 3898 singulis
521 3816 659 3900 aliquid.
702 3829 760 3892 [2.]
787 3815 895 3880 Homo
910 3813 1090 3880 rationalis
1105 3835 1148 3878 ex
1163 3813 1320 3878 interiori
1332 3815 1429 3879 illus-

296 3911 444 3976 tratione
461 3933 483 3976 a
504 3912 646 3976 Domino
674 3911 768 3976 illico
796 3913 954 3996 percipit,
979 3930 1056 3975 cum
1088 3909 1197 3986 audit,
1217 3909 1314 3993 plura
1345 3933 1425 3975 num

296 4029 380 4074 vera
403 4017 485 4072 sunt
503 4007 559 4073 vel
587 4029 656 4073 non
680 4030 770 4073 vera.
816 4006 893 4074 Sint
920 4029 983 4092 pro
1009 4005 1175 4090 exemplo
1202 4005 1299 4077 haec.
1326 4007 1429 4087 Quod

295 4125 396 4169 amor
414 4105 460 4170 sit
475 4105 548 4170 vita
564 4103 655 4180 fidei,
672 4125 731 4169 seu
747 4105 839 4190 quod
858 4103 944 4169 fides
961 4105 1056 4168 vivat
1076 4123 1122 4167 ex
1139 4121 1265 4168 amore.
1313 4102 1431 4166 Homo

296 4223 345 4266 ex
360 4203 525 4267 interiore
541 4201 773 4268 illustratione
789 4204 895 4268 etiam
913 4203 1056 4287 percipit
1067 4200 1145 4277 hoc,
1159 4199 1251 4283 quod
1269 4201 1429 4282 quicquid

296 4297 404 4363 homo
426 4308 533 4374 amat,
552 4298 586 4362 id
605 4298 701 4375 velit,
721 4309 757 4364 et
776 4300 868 4383 quod
887 4300 962 4364 vult
986 4298 1019 4361 id
1042 4297 1157 4372 iaciat,
1178 4305 1215 4359 et
1235 4294 1314 4358 inde
1338 4295 1430 4376 quod

297 4412 414 4458 amare
429 4395 475 4459 sit
494 4394 625 4458 iacere:
651 4407 724 4460 tum
744 4396 850 4459 etiam
869 4395 947 4470 hoc,
968 4393 1058 4477 quod
1078 4390 1237 4475 quicquid
1257 4388 1364 4453 homo
1384 4412 1430 4451 eu

292 4475 415 4553 'amore
431 4491 553 4566 credit,
569 4492 635 4555 hoc
649 4511 783 4576 quoque
796 4491 880 4555 velit
893 4500 930 4555 et
941 4487 1056 4564 saciat,
1071 4498 1107 4552 et
1123 4487 1203 4551 inde
1221 4487 1312 4568 quod
1327 4483 1432 4549 fidem

296 4581 426 4650 habere
449 4587 555 4650 etiam
579 4587 624 4650 sit
648 4586 780 4651 iacere:
810 4597 846 4652 ut
874 4596 921 4664 et,
949 4584 1041 4669 quod
1069 4583 1192 4665 impius
1221 4601 1288 4645 non
1320 4582 1435 4663 possit

298 4699 453 4746 amorem
475 4680 550 4757 Dei,
568 4683 619 4746 ita
638 4701 701 4747 nec
722 4681 824 4747 fidem
845 4681 909 4746 Dei
928 4679 1066 4746 habere.
1113 4677 1233 4744 Homo
1251 4677 1439 4743 rationalis
