3418 5370
569 705 620 757 ns
643 707 781 760 omma
804 705 1161 764 momorum-u.
1182 700 1254 782 296.
1415 724 1478 790 243

341 880 512 957 abusum3
536 886 573 942 at
597 899 702 961 usque
725 879 816 963 apud
840 880 971 947 multos
990 892 1148 948 remanet
1167 881 1357 966 jucundum
1376 890 1472 972 cogi·

343 974 443 1038 tandi
465 982 502 1038 et
529 971 693 1057 loquendi
720 973 790 1048 illa,
816 983 852 1038 et
875 976 903 1039 si
927 996 997 1040 non
1021 977 1109 1060 plue,
1134 999 1241 1062 usque
1266 979 1372 1046 libido
1395 992 1475 1047 tan·

345 1070 460 1152 gendi.
506 1080 563 1144 [8.]
594 1067 663 1132 Sed
688 1071 849 1146 nescitur,
874 1072 967 1153 quod
990 1071 1056 1136 hoc
1081 1073 1161 1138 inde
1186 1077 1242 1152 sit,
1267 1078 1359 1162 quod
1379 1099 1416 1144 se
1439 1081 1475 1144 in

344 1167 532 1230 societates
554 1165 739 1229 infernales
764 1166 908 1230 interius
931 1187 972 1233 ac
996 1168 1150 1245 interius,
1176 1180 1250 1236 tum
1274 1176 1475 1256 profundius

344 1272 381 1325 et
400 1262 596 1345 profundius
621 1262 754 1336 inferat,
775 1263 864 1325 sicut
888 1283 934 1326 ex
953 1263 1138 1329 voluntate
1157 1278 1194 1331 et
1213 1270 1315 1333 simul
1337 1272 1474 1355 cogita-

345 1359 440 1423 tione
468 1359 656 1423 committit
684 1357 796 1420 mala:
823 1359 852 1422 si
878 1359 983 1422 modo
1010 1359 1045 1424 in
1073 1364 1288 1445 cogitatione
1315 1378 1406 1442 sunt,
1435 1377 1473 1431 et

345 1474 413 1518 non
432 1457 465 1518 in
484 1455 677 1531 voluntate,
699 1455 853 1519 nondum
876 1465 931 1520 est
954 1477 1033 1520 cum
1056 1458 1149 1523 malo
1173 1459 1206 1524 in
1226 1463 1397 1527 societate
1420 1465 1474 1527 in·

343 1549 473 1626 fernali,
498 1551 560 1614 sed
584 1562 667 1616 tunc
695 1553 803 1614 intrat
823 1552 961 1634 quando
980 1555 1087 1617 etiarn
1113 1566 1194 1619 sunt
1217 1557 1251 1620 in
1268 1559 1474 1640 voluntate;

345 1646 373 1708 si
395 1657 478 1710 tunc
507 1646 614 1710 etiam
642 1648 777 1728 cogitat
805 1647 959 1730 quodid
986 1647 1116 1714 malum
1150 1652 1196 1715 sit
1223 1663 1343 1718 contra
1373 1675 1470 1736 prae-

344 1751 448 1824 cepta
470 1742 639 1826 decalogi,
665 1750 702 1806 et
727 1741 813 1805 haec
843 1742 926 1807 facit
950 1743 1087 1821 Divina,
1112 1753 1195 1810 tunc
1222 1768 1269 1811 ex
1295 1751 1472 1832 proposito

343 1839 532 1902 committit
551 1839 647 1915 illud,
664 1849 701 1901 et
718 1859 779 1920 per
797 1838 832 1902 id
852 1859 888 1902 se
908 1838 1064 1904 demittit
1083 1842 1261 1924 profunde,
1279 1865 1297 1908 e
1314 1865 1382 1928 quo
1402 1867 1471 1909 non

344 1933 442 1997 educi
462 1944 581 2016 potest
600 1935 665 1998 nisi
684 1954 745 2016 per
763 1933 934 1999 actualem
954 1937 1216 2017 paenitentiam.
1263 1953 1320 2015 [6.]
1352 1939 1472 2004 Scien-

344 2029 424 2092 dum
448 2041 511 2104 est,
537 2030 628 2112 quod
656 2030 769 2093 omnis
792 2028 897 2094 homo
923 2031 1038 2113 quoad
1061 2032 1220 2114 spiritum
1244 2055 1340 2097 suum
1369 2037 1413 2101 sit
1436 2039 1471 2100 in

344 2126 472 2188 mundo
490 2125 658 2208 spirituali
681 2127 715 2189 in
734 2126 883 2209 quadam
906 2127 1077 2191 societate
1100 2127 1158 2204 ibi,
1178 2129 1289 2192 malus
1307 2129 1413 2196 homo
1436 2133 1471 2196 in

343 2222 513 2284 societate
536 2221 704 2297 infernali,
730 2232 766 2284 et
792 2221 903 2285 bonus
925 2221 1033 2285 homo
1054 2223 1089 2285 in
1113 2225 1283 2290 societate
1313 2227 1472 2303 caelesti,

342 2328 486 2398 apparet
502 2320 608 2381 etiam
625 2317 831 2399 quandoque
850 2316 907 2392 ibi,
924 2317 1005 2380 dum
1021 2318 1055 2380 in
1071 2317 1146 2382 alta
1162 2321 1388 2385 meditatione
1404 2334 1472 2389 est.

343 2411 443 2488 Tum,
468 2413 560 2496 quod
583 2411 672 2476 sicut
700 2431 805 2474 sonus
832 2429 910 2474 cum
938 2410 1078 2494 loquela
1103 2433 1141 2476 se
1165 2414 1405 2482 circumfundit
1434 2421 1471 2484 in

341 2527 420 2572 aere
443 2509 476 2571 in
501 2509 629 2571 mundo
648 2505 808 2581 naturali,
828 2506 878 2569 ita
895 2504 1030 2569 affeftio
1050 2527 1128 2572 cum
1147 2511 1362 2590 cogitatione
1382 2533 1419 2576 se
1434 2516 1470 2578 in

340 2603 529 2667 societates
557 2602 807 2666 circumfundat
838 2601 872 2664 in
902 2602 1033 2665 mundo
1060 2604 1250 2685 spirituali;
1282 2616 1336 2671 est
1362 2611 1471 2674 etiam

341 2698 660 2781 correspondentia,
681 2717 761 2761 nam
779 2693 915 2760 affectio
933 2699 1183 2780 correspondet
1202 2720 1301 2776 sono,
1319 2712 1356 2767 et
1372 2706 1470 2787 cogi·

341 2794 430 2857 tatio
453 2792 622 2876 loquelae.
679 2796 736 2858 [7·]
767 2789 945 2854 Tertium:
980 2791 1080 2870 Quod
1095 2793 1226 2857 Divina
1245 2795 1473 2864 Providentia

340 2912 412 2954 cum
430 2889 530 2953 malis
545 2889 593 2953 sit
609 2889 764 2952 continua
782 2888 869 2953 mali
883 2890 1079 2970 permissio,
1098 2891 1138 2955 ob
1151 2893 1259 2977 finem
1274 2905 1312 2958 ut
1329 2896 1378 2959 sit
1393 2919 1469 2960 con·

339 2986 434 3050 tinua
460 2984 771 3066 abdallae—Quod
799 2985 925 3049 Divina
947 2985 1167 3052 Providentia
1187 2991 1279 3072 apud
1309 2991 1471 3058 homines

338 3082 448 3145 malos
467 3081 512 3144 sit
531 3081 696 3145 continua
712 3081 901 3163 permissio,
918 3091 972 3144 est
990 3085 1071 3165 quia
1089 3105 1134 3147 ex
1154 3085 1227 3148 vita
1246 3085 1381 3151 illorum
1397 3110 1469 3153 non

336 3176 429 3241 aliud
457 3177 591 3258 prodire
619 3185 737 3259 potest
763 3197 865 3259 quam
892 3177 1041 3257 malum3
1075 3177 1181 3242 homo
1210 3182 1301 3244 enim
1330 3184 1402 3246 sive
1432 3185 1468 3248 in

337 3272 431 3336 bono
449 3283 515 3348 est,
534 3273 606 3336 sive
625 3273 659 3335 in
679 3271 782 3347 malo,
803 3293 873 3335 non
893 3283 1013 3355 potest
1036 3273 1070 3336 in
1091 3286 1238 3357 utroque
1256 3276 1356 3340 simul
1377 3299 1468 3356 esse,

337 3389 402 3433 nec
419 3390 479 3451 per
495 3369 587 3432 vices
604 3368 669 3431 nisi
688 3368 733 3432 sit
752 3370 908 3449 tepidus3
933 3378 970 3431 et
989 3369 1117 3432 malum
1136 3371 1231 3433 vitae
1250 3370 1284 3434 in
1303 3371 1467 3438 volunta·

336 3476 409 3530 tem
437 3474 473 3527 et
498 3485 557 3547 per
583 3463 677 3527 illam
704 3465 739 3528 in
766 3465 1020 3546 cogitationem
1047 3485 1117 3528 non
1146 3467 1319 3530 inducitur
1345 3488 1365 3531 a
1391 3469 1468 3533 Do·

338 3563 440 3636 mino,
472 3561 533 3624 sed
563 3560 735 3624 inducitur
757 3559 801 3624 ab
827 3559 988 3638 homine;
1012 3569 1048 3623 et
1072 3560 1139 3624 hoc
1168 3561 1292 3626 dicitur
1320 3567 1467 3641 permis·

336 3660 398 3722 sio.
444 3660 503 3721 [8.]
530 3655 629 3719 Nunc
646 3657 724 3738 quia
741 3656 857 3719 omnia
872 3676 959 3737 quae
975 3654 1082 3720 homo
1098 3656 1208 3722 malus
1223 3657 1298 3722 vult
1314 3669 1351 3722 et
1368 3663 1466 3743 cogi·

337 3764 391 3819 tat
410 3761 490 3816 sunt
510 3752 754 3835 permissionis,
776 3753 949 3835 quaeritur
964 3753 1046 3835 quid
1065 3763 1149 3817 tunc
1168 3753 1214 3816 ibi
1233 3753 1358 3819 Divina
1380 3756 1462 3821 Pro-

335 3849 490 3915 videntia
521 3856 583 3923 est,
617 3869 703 3931 quae
739 3848 864 3910 dicitur
893 3848 927 3910 in
958 3847 1238 3929 singularissimis
1268 3871 1345 3914 esse
1372 3853 1463 3935 apud

337 3945 596 4028 unumquemvis
616 3944 803 4019 hominem,
827 3954 900 4008 tam
923 3943 1052 4007 malum
1076 3965 1179 4027 quam
1203 3944 1342 4010 bonum.
1393 3945 1463 4012 Sed

334 4043 395 4106 illa
418 4042 577 4106 consistit
602 4042 636 4104 in
656 4063 708 4117 eo,
726 4041 819 4124 quod
843 4040 1006 4105 continue
1026 4040 1208 4123 permittat
1228 4041 1273 4103 ob
1292 4040 1405 4119 finem,
1425 4053 1462 4108 et

335 4140 427 4223 quod
446 4139 626 4222 permittat
646 4139 732 4203 talia
750 4159 838 4223 quae
856 4137 932 4202 finis
951 4146 1043 4212 sunt,
1064 4145 1100 4201 et
1117 4156 1186 4200 non
1204 4136 1292 4217 alia;
1315 4149 1351 4202 et
1371 4141 1462 4222 quod

335 4236 428 4300 mala
457 4259 544 4320 quae
574 4258 620 4301 ex
654 4237 878 4320 permissione
911 4235 1095 4316 prodeunt,
1127 4233 1291 4298 continue
1324 4233 1462 4311 lustret,

335 4345 484 4418 separet,
509 4333 676 4419 purificet,
701 4342 737 4397 et
769 4353 838 4398 non
861 4331 1106 4396 convenientia
1131 4329 1309 4405 amandet,
1337 4339 1373 4393 et
1402 4350 1464 4412 per

334 4433 475 4514 ignotas
500 4435 573 4497 vias
598 4441 777 4498 exoneret.
831 4429 928 4493 Haec
957 4427 1041 4491 fiunt
1067 4427 1232 4509 imprimis
1257 4425 1291 4488 in
1314 4424 1465 4490 hominis

336 4529 498 4597 interiore
514 4529 706 4604 voluntate,
724 4537 760 4590 et
777 4547 823 4591 ex
842 4525 908 4589 hac
925 4525 958 4586 in
975 4524 1134 4587 interiore
1151 4523 1222 4604 ejus
1239 4522 1463 4605 cogitatione.

336 4625 462 4690 Divina
479 4625 699 4691 Providentia
716 4625 818 4686 etiam
839 4624 1004 4684 continua
1020 4629 1074 4682 est
1095 4619 1127 4682 in
1148 4640 1200 4694 eo,
1219 4621 1309 4703 quod
1330 4619 1463 4703 prospi-

330 4725 403 4787 ciat
421 4743 464 4786 ne
489 4719 708 4785 amandanda
725 4729 759 4780 et
778 4714 999 4779 exonerando
1013 4735 1127 4776 rursus
1145 4714 1360 4778 avoluntate
1377 4710 1465 4776 reci-
