3358 5384
461 665 513 717 DE
536 667 673 719 DIVINO
696 668 842 732 AMORE,
863 671 957 722 PARS
979 672 1084 724 1.-N.
1101 677 1155 742 43.
1330 679 1368 748 17

242 833 406 899 eludente
430 835 606 918 despatio
629 858 674 902 ex
694 839 918 916 intermediis,
939 841 1059 907 velex
1083 845 1311 910 diminutione
1330 856 1367 912 et

242 930 322 995 inde
351 931 594 997 obscuratione
624 931 759 1014 objefti,
781 935 874 1016 eujus
899 937 1016 1019 imago
1046 939 1176 1004 sistitur
1206 941 1298 1005 intus
1332 943 1367 1006 in

243 1025 344 1090 oculo
366 1027 555 1091 seeundum
578 1027 742 1110 angulum
771 1030 989 1096 incidentiae.
1036 1033 1120 1097 Inde
1144 1045 1252 1117 patet,
1275 1038 1366 1118 quod

241 1122 333 1184 visus
356 1141 426 1185 non
450 1131 557 1187 exeat
579 1123 623 1186 ab
646 1124 749 1189 oeulo
771 1125 816 1189 ad
839 1125 1022 1208 objectum,
1043 1129 1103 1192 sed
1130 1132 1220 1212 quod
1251 1133 1368 1215 imago

242 1213 366 1297 obiecti
389 1219 495 1282 intret
519 1218 666 1293 oculum,
691 1230 727 1284 et
749 1219 877 1286 afficiat
903 1223 1134 1288 substantiam
1161 1236 1198 1291 et
1222 1226 1366 1292 formam

242 1311 332 1394 ejus:
366 1313 478 1378 simile
501 1315 592 1377 enim
617 1325 671 1380 est
699 1335 776 1379 eum
800 1318 875 1380 visu
898 1320 1189 1399 quemadmodum
1213 1331 1267 1386 est
1289 1342 1366 1386 cum

242 1407 361 1472 auditu
374 1430 383 1487 ;
413 1410 551 1473 auditus
575 1428 637 1474 nec
661 1410 736 1474 exit
759 1411 803 1474 ab
825 1431 906 1476 aure
930 1413 973 1476 ad
997 1415 1208 1496 captandum
1232 1436 1366 1493 sonum,

240 1503 301 1567 sed
321 1523 425 1567 sonus
448 1505 554 1569 intrat
579 1525 706 1581 aurem,
724 1515 761 1570 et
785 1505 901 1571 afficit.
946 1507 1003 1571 Ex
1027 1507 1079 1572 his
1103 1521 1266 1574 constare
1285 1521 1366 1594 pot-

240 1609 306 1674 est,
327 1599 419 1681 quod
448 1597 583 1664 afseftio
606 1601 824 1666 substantiae
848 1611 884 1666 et
906 1601 1047 1679 formae,
1069 1625 1156 1686 quae
1178 1604 1262 1668 facit
1285 1626 1365 1670 sen·

239 1713 326 1769 sum,
347 1715 415 1757 non
435 1696 480 1759 sit
499 1705 697 1777 separatum
722 1697 802 1780 quid
821 1718 852 1760 a¹
864 1695 1028 1779 subjefto,
1050 1699 1111 1762 sed
1131 1698 1242 1763 solum
1261 1699 1367 1766 faeiat

240 1791 469 1855 mutationem
492 1792 526 1855 in
550 1792 622 1868 illo,
643 1789 796 1873 subjecto
819 1804 1021 1858 remanente
1045 1793 1198 1877 subjecto
1222 1807 1303 1860 tune
1328 1806 1366 1862 ut

239 1887 341 1970 prius,
362 1897 398 1952 et
418 1897 553 1970 postea.
599 1888 685 1953 Inde
701 1890 855 1972 sequitur
871 1891 963 1972 quod
979 1892 1081 1966 visus,
1096 1891 1241 1966 auditus,
1259 1891 1365 1956 olfac·

240 1993 305 2058 tus,
326 1991 449 2065 gustus
468 1992 505 2048 et
528 1980 654 2060 taaus,
674 2004 744 2048 non
767 1987 813 2049 sit
836 1985 974 2068 aliquod
994 1986 1138 2051 volatile
1158 1985 1300 2050 effluens
1319 2009 1366 2052 ex

238 2077 374 2142 illorum
391 2079 540 2160 organis,
561 2080 623 2143 sed
640 2080 731 2162 quod
750 2081 820 2144 sint
840 2101 971 2163 organa
990 2083 1024 2147 in
1041 2103 1102 2146 sua
1118 2083 1313 2147 substantia
1330 2093 1366 2148 et

238 2173 346 2237 forma
365 2170 534 2256 spectata,
552 2195 640 2258 quae
659 2175 739 2238 dum
759 2174 952 2240 afficiuntur
970 2176 1009 2240 fit
1028 2197 1160 2240 sensus.

300 2281 368 2349 42·
399 2267 517 2333 Simile
534 2279 588 2334 est
607 2289 684 2333 cum
700 2288 817 2335 amore
834 2281 870 2335 et
886 2273 1066 2354 sapientia,
1084 2291 1162 2336 cum
1179 2272 1253 2336 sola
1270 2272 1365 2337 diffe-

237 2364 359 2438 rentia,
374 2364 465 2446 quod
478 2364 695 2429 substantiae
711 2375 747 2430 et
758 2364 900 2440 formae,
914 2387 1002 2449 quae
1018 2378 1097 2432 sunt
1114 2387 1210 2431 amor
1222 2378 1257 2433 et
1274 2371 1365 2452 sapi·

238 2459 343 2536 entia,
358 2479 427 2523 non
444 2469 587 2524 exstent
603 2480 718 2524 eoram
735 2461 853 2537 oculis,
868 2463 956 2526 sieut
973 2482 1104 2544 organa
1123 2482 1282 2526 sensuum
1300 2484 1364 2527 ex·

238 2565 433 2619 ternorum:
454 2555 515 2619 sed
530 2576 635 2638 usque
649 2576 750 2620 nemo
767 2577 895 2640 negare
912 2566 1041 2640 potest,
1056 2559 1137 2640 quin
1147 2558 1366 2623 substantiae

237 2660 274 2716 et
302 2651 432 2716 formae
460 2653 531 2716 sint
556 2651 618 2715 illa
647 2654 838 2734 sapientiae
869 2664 906 2717 et
936 2654 1061 2717 amoris
1085 2675 1172 2736 quae
1195 2663 1366 2718 vocantur

237 2748 482 2829 cogitationes,
500 2749 742 2830 perceptiones
762 2759 796 2813 et
816 2747 1026 2826 affectiones,
1043 2759 1079 2814 et
1096 2751 1187 2832 quod
1208 2770 1277 2830 non
1294 2752 1363 2814 sint

237 2844 332 2907 entia
350 2842 507 2907 volatilia
525 2853 562 2906 et
585 2843 727 2907 fluentia
749 2865 794 2908 ex
818 2845 936 2920 nihilo,
956 2854 1017 2908 aut
1040 2842 1216 2908 abstracta
1239 2866 1259 2908 a
1281 2847 1365 2910 reali

236 2949 273 3003 et
291 2936 417 3002 actuali
440 2939 638 3003 substantia
656 2948 692 3003 et
711 2939 830 3015 forma,
850 2960 938 3021 quae
958 2937 1128 3026 subjecta„
1167 2939 1255 3004 Sunt
1272 2943 1363 3004 enim

236 3035 270 3099 in
290 3035 432 3099 cerebro
455 3034 722 3099 innumerabiles
739 3036 954 3099 substantiae
978 3045 1014 3100 et
1037 3036 1176 3109 formae,
1194 3037 1228 3098 in
1242 3037 1365 3118 quibus

236 3133 348 3196 omnis
382 3133 524 3195 interior
554 3153 685 3205 sensus,
715 3133 770 3213 qui
802 3153 839 3195 se
869 3132 972 3196 refert
1005 3132 1049 3195 ad
1080 3129 1297 3195 intelleetum
1327 3142 1364 3197 et

235 3228 465 3301 voluntatem,
485 3227 624 3291 residet.
677 3225 779 3308 Quod
797 3246 917 3291 omnes
936 3224 1145 3302 affectiones,
1166 3228 1364 3309 perceptio·

235 3344 297 3389 nes
316 3334 353 3388 et
372 3324 607 3406 cogitationes
626 3324 671 3387 ibi
695 3343 764 3386 non
789 3324 858 3386 sint
875 3323 1002 3386 halitus
1026 3343 1070 3387 ex
1095 3323 1172 3398 illis,
1190 3323 1251 3386 sed
1270 3322 1363 3404 quod

236 3421 305 3484 sint
321 3417 548 3484 aftualiteret
565 3418 704 3482 realiter
716 3415 879 3500 subjetta,
891 3438 978 3501 quae
995 3417 1078 3481 nihil
1095 3438 1115 3479 a
1132 3437 1168 3480 se
1185 3419 1361 3492 emittunt,

235 3515 297 3579 sed
321 3515 426 3578 modo
450 3517 661 3579 mutationes
689 3514 838 3577 subeunt
867 3513 1057 3576 seeundum
1079 3510 1246 3575 alluentia
1274 3532 1363 3595 quae

235 3608 400 3686 afficiunt,
415 3631 460 3673 ex
476 3605 680 3692 supradietis
697 3610 739 3672 de
756 3608 913 3672 sensibus
930 3607 1084 3671 externis
1101 3616 1263 3670 constare
1282 3615 1361 3689 pot·

236 3714 300 3769 est.
347 3705 400 3768 De
419 3705 628 3768 alluentibus
647 3726 733 3787 quae
753 3703 919 3778 afficiunt,
939 3703 1096 3767 dicentur
1115 3702 1211 3784 plura
1229 3702 1325 3765 infra.

299 3813 371 3882 43·
405 3800 461 3863 Ex
478 3801 531 3864 his
550 3802 695 3882 primum
712 3810 830 3881 potest
848 3800 966 3874 videri,
980 3799 1071 3880 quod
1089 3799 1234 3862 Divinus
1249 3796 1363 3862 Amor

236 3905 273 3960 et
296 3896 422 3959 Divina
451 3893 629 3978 Sapientia
651 3896 685 3958 in
709 3915 746 3958 se
770 3896 838 3958 sint
862 3895 1056 3960 substantia
1079 3903 1115 3958 et
1138 3893 1257 3966 forma,
1282 3902 1362 3956 sunt

229 3983 328 4055 ‘enim
347 3993 460 4074 ipsum
479 3990 567 4054 Esse
588 4002 623 4055 et
641 3991 828 4068 Existere;
853 3999 889 4053 et
908 3990 972 4052 nisi
991 3989 1104 4054 forent
1124 3987 1195 4053 tale
1214 3986 1302 4050 Esse
1326 3997 1363 4051 et

237 4086 401 4155 Existere
420 4089 508 4150 sicut
527 4097 608 4151 sunt
625 4087 821 4150 substantia
840 4094 876 4148 et
898 4084 1018 4161 forma,
1038 4084 1151 4149 forent
1175 4082 1281 4147 modo
1301 4102 1363 4146 ens

236 4182 390 4260 rationis,
408 4182 501 4267 quod
517 4183 551 4245 in
571 4202 607 4245 se
627 4202 696 4245 non
716 4190 770 4245 est
790 4179 929 4264 aliquid.
