3358 5384
437 679 490 732 nn
511 679 651 734 nrvmo
673 681 821 748 anons,
840 684 936 738 rans
958 686 1078 741 11.—n.
1099 674 1169 758 146.
1321 693 1362 768 57

244 850 325 937 quia
339 848 454 918 lucem
470 852 661 937 sapientiae
670 866 850 938 spernunt.
887 856 1035 925 Possunt
1051 881 1089 927 se
1104 863 1231 932 circum
1244 875 1282 933 et
1293 867 1360 934 cir·

242 971 320 1019 cum
338 962 486 1030 vertere,
507 954 568 1018 sed
591 955 707 1019 omnia
724 975 812 1039 quae
832 956 959 1021 circum
981 977 1019 1024 se
1042 959 1175 1039 vident,
1195 971 1364 1046 apparent

240 1049 349 1114 amori
375 1069 439 1114 suo
462 1049 595 1114 similia.
640 1048 727 1114 Sunt
751 1072 871 1116 omnes
893 1052 943 1117 illi
967 1055 1142 1120 naturales
1165 1058 1363 1139 sensuales;

239 1154 277 1210 et
296 1146 433 1230 quidam
454 1145 543 1210 tales
562 1156 599 1210 ut
619 1148 803 1229 opinentur
826 1168 862 1212 se
885 1149 980 1214 solos
1000 1150 1125 1228 vivere,
1147 1161 1183 1216 et
1206 1150 1365 1236 spectent

239 1239 326 1303 alios
346 1250 511 1323 tanquam
531 1242 718 1324 imagines:
745 1244 889 1308 credunt
909 1264 946 1309 se
969 1265 1089 1327 sapere
1108 1266 1211 1329 super
1229 1267 1361 1325 omnes,

241 1338 381 1401 tametsi
400 1336 586 1400 insaniunt.

304 1447 400 1516 145.
431 1431 472 1494 In
491 1433 620 1497 mundo
639 1432 808 1515 spirituali
826 1447 996 1517 apparent
1015 1435 1101 1512 viae,
1121 1447 1253 1506 stratae
1274 1440 1362 1504 sicut

240 1526 316 1590 viae
339 1526 373 1588 in
396 1527 525 1590 mundo
544 1527 714 1606 naturali;
746 1531 915 1612 quaedam
939 1530 1070 1596 ducunt
1093 1533 1137 1596 ad
1161 1533 1306 1609 caelum,
1327 1545 1362 1598 et

237 1622 407 1705 quaedam
420 1622 463 1685 ad
483 1623 671 1702 iniernum3
695 1625 756 1687 sed
775 1625 861 1701 viae,
878 1646 965 1709 quae
981 1627 1111 1691 ducunt
1131 1628 1174 1691 ad
1194 1628 1361 1693 infernum

238 1737 310 1782 non
329 1728 496 1800 apparent
515 1718 583 1782 illis
602 1721 659 1802 qui
681 1719 725 1782 ad
745 1719 878 1783 caelum
897 1731 993 1795 eunt,
1014 1742 1076 1786 nec
1096 1723 1172 1787 viae
1191 1743 1278 1805 quae
1298 1725 1359 1787 du·

236 1821 321 1878 cunt
337 1813 382 1876 ad
398 1812 530 1877 caelum
547 1825 716 1897 apparent
732 1814 799 1878 illis
815 1816 871 1898 qui
887 1817 930 1879 ad
947 1816 1115 1881 infernum
1131 1829 1225 1881 eunt.
1272 1817 1359 1884 Sunt

237 1908 435 1973 innumerae
459 1909 549 1973 tales
568 1911 655 1985 viae,
674 1921 755 1974 sunt
779 1912 870 1974 enim
890 1931 976 1994 quae
999 1913 1148 1977 tendunt
1171 1914 1215 1976 ad
1238 1935 1358 1978 unam-

236 2005 393 2088 quemvis
411 2006 618 2070 societatem
638 2006 736 2082 caeli,
757 2016 793 2071 et
812 2007 857 2070 ad
876 2010 1134 2090 unamquamvis
1154 2010 1358 2075 societatem

236 2099 379 2179 inferni;
408 2101 641 2185 unusquisque
662 2102 801 2184 spiritus
828 2103 936 2166 intrat
957 2104 1049 2167 viam
1076 2124 1163 2187 quae
1191 2106 1288 2170 ducit
1314 2107 1359 2170 ad

236 2197 444 2262 societatem
460 2198 511 2262 sui
526 2198 662 2275 amoris,
677 2218 740 2262 nec
757 2199 853 2262 videt
869 2199 943 2263 vias
959 2198 1030 2264 alio
1046 2201 1253 2265 tendentes:
1278 2203 1358 2268 inde

234 2302 303 2368 est,
327 2294 420 2376 quod
448 2293 679 2378 unusquisque
708 2295 858 2375 spiritus,
883 2296 972 2360 sicut
1001 2295 1046 2359 ad
1076 2314 1229 2359 amorem
1259 2316 1357 2360 suum

236 2399 443 2472 regnantem
461 2410 499 2454 se
518 2391 635 2467 vertit,
657 2390 764 2454 etiam
782 2392 1034 2474 progrediatur.

235 2623 351 2707 Quon
382 2624 546 2690 Drvmus
576 2624 697 2690 Asson
735 2637 785 2689 ns
818 2625 961 2690 Drvmn
999 2625 1219 2703 Semnum,
1253 2640 1356 2705 Qunn

362 2733 594 2785 PROCEDUNT
631 2733 658 2784 n
696 2719 856 2784 Douruo
887 2733 938 2784 uc
973 2719 1083 2797 Sota,
1108 2734 1157 2784 nr
1189 2734 1357 2787 rncwnr

361 2828 546 2881 ennoean
565 2828 615 2879 ac
634 2828 763 2881 Lucan
781 2828 823 2880 m
841 2827 978 2894 cnam,
996 2829 1055 2881 εῖτ
1075 2817 1246 2882 Durnium
1263 2830 1355 2883 rno-

362 2923 520 2988 cnnsus,
545 2923 650 2989 ouon
673 2923 743 2976 sss
765 2909 940 2976 Summus
963 2911 1146 2978 Snucrus.

306 3073 405 3158 14⁶·
440 3071 480 3135 In
512 3069 677 3134 uaesana
709 3069 828 3134 Novae
859 3047 1112 3153 Hd'rosorymas
1142 3072 1184 3136 a
1213 3072 1356 3138 nomino

232 3178 412 3234 ostensum
431 3176 497 3243 est,
515 3165 607 3248 quod
626 3164 720 3229 Deus
737 3185 822 3229 unus
841 3167 887 3231 sit
906 3165 1057 3230 Persona
1074 3177 1111 3230 et
1129 3165 1303 3243 Essentia,
1320 3170 1355 3234 in

232 3286 301 3349 quo
325 3263 472 3336 trinitas,
496 3270 532 3326 et
557 3261 649 3344 quod
676 3260 735 3324 ille
759 3259 921 3352 Deus'sit
945 3260 1136 3338 Dominus;
1167 3270 1239 3325 tum
1262 3264 1355 3345 quod

233 3361 385 3426 Trinitas
409 3358 519 3440 Ipsius
537 3358 734 3421 nominetur
757 3355 869 3432 Pater,
888 3355 995 3419 Filius
1018 3366 1055 3419 et
1075 3353 1222 3438 Spiritus
1245 3356 1355 3422 Sanc·

231 3467 297 3530 tus,
321 3476 360 3519 ac
385 3455 476 3538 quod
501 3452 662 3515 Divinum
685 3473 705 3516 a
733 3449 811 3532 Quo
836 3453 1032 3515 nominetur
1054 3452 1165 3528 Pater,
1191 3451 1353 3520 Divinum

233 3551 431 3616 Humanum
452 3549 570 3624 Filius,
590 3569 630 3612 ac
648 3547 809 3610 Divinum
824 3547 1018 3610 Procedens
1037 3546 1183 3629 Spiritus
1197 3546 1352 3614 Sanctus.

231 3649 364 3711 Dicitur
384 3645 543 3709 Divinum
564 3644 765 3727 procedens,
786 3653 821 3705 et
845 3663 951 3724 usque
971 3661 1073 3705 nemo
1097 3643 1162 3706 scit
1185 3645 1275 3708 unde
1298 3654 1354 3709 est

227 3745 321 3828 quod
340 3744 474 3806 dicatur
496 3741 710 3822 procedens;
734 3739 825 3820 quod
845 3758 913 3800 non
938 3739 1075 3814 sciatur,
1096 3749 1151 3802 est
1173 3741 1251 3821 quia
1270 3740 1352 3804 hac·

230 3851 333 3904 tenus
349 3840 506 3920 ignotum
524 3836 586 3899 luit
606 3836 696 3918 quod
718 3834 886 3897 Dominus
905 3853 1021 3897 coram
1038 3834 1171 3916 angelis
1187 3846 1353 3919 appareat

230 3945 268 3998 ut
289 3933 359 4010 Sol,
378 3943 413 3996 et
433 3932 524 4015 quod
544 3952 589 3993 ex
606 3930 666 3992 illo
682 3929 763 3993 Sole
780 3930 946 4012 procedat
965 3929 1071 4006 calor,
1088 3931 1145 4013 qui
1164 3931 1198 3993 in
1218 3951 1279 3994 sua
1297 3951 1351 3995 es-

228 4031 340 4095 sentia
359 4037 412 4092 est
430 4027 574 4090 Divinus
592 4025 712 4101 Amor,
731 4035 801 4088 tum
820 4025 879 4088 lux
897 4045 984 4108 quae
1002 4027 1036 4088 in
1053 4046 1114 4088 sua
1130 4026 1282 4089 essentia
1297 4035 1352 4090 est

228 4125 354 4189 Divina
373 4123 569 4205 Sapientia;
600 4122 761 4205 quamdiu
785 4120 869 4184 haec
889 4121 1010 4202 ignota
1029 4121 1174 4194 suerunt,
1196 4141 1265 4183 non
1289 4141 1351 4204 po·

228 4222 297 4286 tuit
330 4220 431 4284 aliter
463 4219 551 4294 sciri,
583 4237 684 4300 quam
714 4217 804 4300 quod
844 4215 1005 4278 Divinum
1036 4216 1227 4298 procedens
1257 4226 1350 4280 esset

229 4316 392 4379 Divinum
408 4335 467 4396 per
484 4334 540 4391 se;
564 4332 667 4394 quare
685 4313 789 4375 etiam
808 4313 841 4373 in
859 4307 1024 4373 Doctrina
1040 4309 1221 4373 Trinitatis
1238 4309 1349 4374 Atha·

228 4413 371 4476 nasiana
389 4410 523 4482 dicitur,
543 4408 635 4490 quod
654 4407 722 4470 alia
742 4407 891 4472 Persona
909 4406 954 4468 sit
978 4406 1098 4477 Patris
1119 4404 1186 4468 alia
1205 4404 1293 4479 Filii,
1313 4416 1350 4469 et

225 4507 295 4570 alia
313 4505 459 4588 Spiritus
478 4500 605 4567 Sancti.
651 4501 750 4565 Nunc
767 4510 879 4564 autem
897 4501 1035 4583 quando
1051 4501 1156 4563 scitur
1168 4501 1259 4582 quod
1277 4501 1349 4565 Do·

227 4605 339 4666 minus
358 4609 396 4664 ut
416 4597 477 4663 Sol
493 4609 670 4680 appareat,
687 4597 805 4660 haberi
822 4606 939 4676 potest
956 4595 1049 4676 justa
1064 4596 1142 4657 idea
1161 4597 1204 4657 de
1224 4595 1350 4659 Divino

229 4695 454 4770 Procedente,
467 4693 559 4777 quod
575 4702 719 4758 vocatur
735 4691 882 4774 Spiritus
901 4689 1058 4765 Sandlus,
1075 4690 1165 4772 quod
1186 4691 1230 4754 sit
1247 4711 1349 4754 unum

224 4811 305 4857 cum
329 4791 491 4860 Domino,
517 4789 578 4854 sed
602 4790 693 4872 quod
717 4788 885 4871 procedat
916 4785 960 4848 ab
976 4784 1067 4868 Ipso,
1088 4785 1175 4848 sicut
1195 4784 1290 4848 calor
1312 4792 1349 4848 et
