3418 5368
491 663 542 713 uu
566 663 704 713 mutus
727 657 1085 712 euovmuumn—u.
1105 637 1181 725 254(
1333 658 1392 724 197

326 849 424 921 254.
456 833 507 918 (i.)
542 833 640 914 Quod
662 856 753 899 mere
774 832 944 899 naturalis
967 831 1063 897 homo
1088 839 1204 896 contra
1230 829 1392 893 Divinam

264 929 517 996 Promtunmm
528 951 564 994 se
573 931 752 1016 confirmet,
762 951 835 994 cum
846 929 976 1011 spectat
986 928 1037 992 ad
1044 927 1203 1010 religiosa
1214 927 1392 989 variarum

261 1026 422 1108 gentium,
438 1025 530 1110 quod
547 1026 671 1090 dentur
691 1025 752 1109 qui
766 1035 912 1107 prorsus
931 1024 1092 1108 ignorant
1109 1022 1226 1098 Deum,
1243 1021 1395 1104 quodque

263 1120 387 1185 dentur
401 1121 462 1204 qui
473 1121 620 1185 adorant
634 1119 735 1186 solem
749 1129 782 1184 et
796 1119 920 1194 lunam,
938 1129 1008 1183 tum
1027 1117 1087 1202 qui
1098 1117 1189 1181 idola
1206 1126 1239 1179 et
1253 1115 1392 1197 sculpti·

262 1213 421 1279 lin-Illi
441 1218 497 1301 qui
520 1237 566 1282 ex
589 1215 642 1280 his
666 1217 842 1280 deducunt
862 1225 1069 1298 argumenta
1088 1224 1211 1277 contra
1230 1212 1391 1276 Divinam

263 1310 534 1387 Providentiam,
559 1331 629 1375 non
660 1313 773 1375 sciunt
804 1331 930 1375 arcana
961 1309 1060 1384 caeli,
1084 1329 1172 1393 quae
1194 1309 1391 1372 innumera·

262 1405 345 1470 bilia
360 1416 450 1482 sunt,
468 1426 612 1490 quorum
631 1408 690 1470 vix
710 1427 813 1470 unum
832 1406 937 1472 homo
956 1407 1076 1484 novit;
1104 1406 1192 1468 inter
1209 1403 1269 1469 illa
1285 1404 1393 1468 etiam

262 1512 330 1577 est,
361 1503 452 1587 quod
483 1501 588 1567 homo
618 1523 688 1568 non
719 1503 918 1567 immediate
948 1503 1116 1565 doceatur
1144 1521 1164 1564 e
1193 1499 1304 1576 caelo,
1329 1499 1391 1562 sed

263 1598 425 1674 mediate,
445 1599 488 1663 de
511 1620 580 1684 qua
601 1619 637 1663 re
658 1600 813 1662 videatur
836 1619 938 1681 supra
962 1594 1010 1679 (n.
1034 1595 1217 1679 154—174);
1251 1605 1289 1660 et
1312 1597 1392 1679 quia

264 1695 426 1771 mediate,
446 1705 482 1759 et
508 1716 576 1760 non
600 1697 715 1780 potuit
746 1715 806 1778 per
835 1695 1031 1759 emissarios
1057 1692 1103 1756 ad
1129 1713 1251 1756 omnes
1276 1691 1390 1775 quiin

264 1793 422 1857 universo
440 1800 607 1855 terrarum
630 1792 713 1856 orbe
736 1790 909 1864 habitant,
929 1789 1045 1853 venire
1065 1786 1307 1870 Evangelium‚
1328 1787 1389 1851 sed

264 1907 371 1970 usque
386 1890 500 1970 potuit
515 1888 639 1970 religio
658 1907 719 1969 per
734 1887 848 1950 varias
863 1887 936 1950 vias
956 1885 1062 1948 etiam
1080 1883 1124 1946 ad
1144 1893 1281 1966 gentes,
1302 1903 1390 1967 quae

263 1983 298 2045 in
321 1981 457 2064 angulis
482 1983 601 2047 mundi
624 1990 714 2056 sunt,
737 1981 882 2056 traduci,
906 2001 1011 2064 quare
1040 1979 1107 2044 hoc
1138 1999 1198 2061 per
1228 1976 1390 2044 Divinam

265 2076 521 2142 Providentiam
551 2076 677 2142 {adium
708 2087 774 2142 est.
820 2075 910 2140 Nam
941 2095 1011 2139 non
1041 2085 1096 2138 est
1127 2075 1229 2138 alicui
1259 2073 1390 2140 homini

263 2171 385 2255 religio
408 2193 454 2236 ex
477 2193 525 2248 se,
548 2173 611 2238 sed
634 2193 695 2256 per
713 2171 830 2245 alium,
849 2172 908 2255 qui
926 2169 982 2234 vel
1006 2171 1078 2252 ipse
1097 2169 1153 2232 vel
1173 2191 1218 2232 ex
1238 2169 1313 2233 aliis
1331 2188 1391 2251 per

263 2267 443 2332 traducem
460 2270 633 2332 sciverunt
650 2289 695 2332 ex
713 2266 841 2342 Verbo,
856 2267 947 2350 quod
965 2265 1060 2330 Deus
1076 2267 1130 2342 sit,
1148 2265 1239 2347 quod
1256 2265 1389 2328 caelum

262 2373 299 2428 et
328 2363 496 2428 infernum
525 2365 608 2440 sint,
636 2364 729 2447 quod
758 2364 831 2426 vita
861 2372 941 2442 post
972 2373 1121 2427 mortem
1151 2362 1207 2433 sit,
1232 2371 1268 2424 et
1297 2359 1388 2442 quod

265 2457 360 2522 Deus
392 2459 560 2524 colendus
593 2460 647 2534 sit,
683 2467 719 2522 ut
751 2457 875 2520 beatus
908 2455 978 2521 fiat.
1033 2469 1090 2532 [2.]
1130 2452 1233 2537 Quod
1267 2453 1389 2536 religio

263 2553 522 2638 transplantata
541 2556 586 2618 sit
609 2556 642 2617 in
666 2553 863 2618 universum
879 2551 998 2615 orbem
1017 2571 1063 2616 ex
1082 2548 1202 2614 Verbo
1222 2549 1387 2626 Vetusto,

263 2657 300 2712 et
317 2648 395 2712 dein
417 2649 619 2724 Israelitico,
639 2650 796 2712 videatur
813 2647 849 2712 in
872 2646 1037 2712 Dotirr'na
1058 2645 1175 2708 Novae
1195 2643 1389 2726 Hierosoly·

265 2763 338 2808 mae
352 2744 393 2807 de
410 2743 590 2827 Scriptura
606 2744 715 2808 Sacra
733 2741 780 2824 (n.
801 2741 973 2824 101-103),
989 2750 1026 2807 et
1043 2743 1134 2826 quod
1153 2741 1217 2805 nisi
1234 2738 1388 2804 Verbum

263 2838 393 2916 suisset,
414 2861 518 2905 nemo
539 2841 697 2904 scivisset
723 2840 846 2918 Deum,
866 2839 1001 2904 caelum
1020 2847 1057 2902 et
1079 2835 1260 2914 infernum,
1279 2837 1388 2900 vitam

263 2945 343 3018 post
377 2946 537 3012 mortem,
569 2938 680 3000 minus
712 2935 899 2999 Dominum
933 2933 981 3016 (n.
1009 2935 1154 3014 114-118
1184 2933 1256 3014 ibi).
1302 2929 1389 2997 Cum

263 3032 370 3095 semel
394 3031 516 3114 religio
539 3032 748 3115 implantata
771 3043 837 3107 est,
857 3032 993 3094 ducitur
1015 3050 1102 3113 gens
1121 3029 1182 3093 illa
1199 3049 1220 3092 a
1239 3027 1390 3093 Domino

263 3127 451 3190 secundum
471 3126 648 3208 religionis
667 3147 750 3190 suae
770 3137 957 3209 praecepta
975 3136 1012 3188 et
1032 3126 1223 3207 dogmata;
1252 3131 1289 3186 et
1309 3142 1388 3205 pro·

263 3221 349 3285 vidit
374 3221 553 3296 Dominus,
574 3231 612 3286 ut
635 3224 670 3286 in
693 3207 883 3307 unaquavis
906 3221 1073 3302 religione
1097 3220 1165 3282 sint
1190 3229 1387 3301 praecepta,

264 3317 378 3401 qualia
407 3328 489 3382 sunt
520 3319 554 3382 in
585 3318 778 3401 decalogo;
819 3325 856 3381 ut
885 3317 977 3401 quod
1009 3309 1104 3380 Deus
1133 3314 1301 3380 colendus
1330 3315 1387 3390 sit,

263 3431 389 3477 nornen
409 3414 522 3496 Ipsius
540 3433 609 3478 non
628 3412 890 3497 profanandum,
906 3412 1032 3476 festum
1051 3411 1260 3486 habendum,
1276 3409 1389 3474 hono·

263 3507 359 3572 randi
390 3520 564 3593 parentes,
590 3531 658 3574 non
689 3509 930 3585 occidendum,
954 3529 1025 3572 non
1053 3507 1262 3572 adulterium
1291 3526 1388 3570 com·

264 3605 482 3680 mittendum,
507 3626 576 3670 non
606 3605 797 3680 iurandum,
821 3624 891 3668 non
920 3603 1006 3670 salse
1034 3604 1247 3670 testandum.
1294 3601 1388 3666 Gens

262 3720 350 3783 quae
373 3701 432 3764 illa
456 3711 644 3785 praecepta
666 3699 749 3766 facit
773 3700 908 3776 Divina,
932 3719 972 3764 ac
996 3700 1082 3764 vivit
1110 3699 1299 3764 secundum
1328 3698 1389 3762 illa

261 3815 308 3859 ex
326 3795 504 3878 religione,
525 3795 689 3872 salvatur,
709 3804 747 3859 ut
765 3813 849 3858 mox
867 3816 971 3880 supra
991 3793 1040 3879 (n.
1059 3810 1100 3878 25
1105 3795 1138 3878 3)
1159 3793 1288 3860 dietum
1307 3804 1386 3858 est:

262 3893 445 3976 pleraeque
475 3894 582 3958 etiam
612 3903 739 3978 gentes
771 3913 793 3958 a
822 3890 1089 3957 christianismo
1121 3902 1277 3958 remotae
1309 3891 1387 3956 illas

262 3987 359 4073 leges
379 4011 448 4054 non
471 3999 509 4054 ut
532 3989 663 4066 civiles,
685 3989 745 4054 sed
769 3998 806 4053 ut
829 3987 973 4052 Divinas
996 3985 1169 4071 speciant,
1188 3998 1225 4053 et
1247 3983 1387 4051 sancias

262 4083 404 4150 habent.
450 4084 552 4169 Quod
572 4083 678 4150 hom'o
695 4105 757 4168 per
774 4085 884 4148 vitam
906 4084 1096 4148 secundum
1118 4083 1179 4148 illa
1200 4091 1388 4167 praecepta

262 4180 424 4258 salvetur,
457 4181 616 4245 videatur
648 4182 683 4244 in
715 4177 879 4244 Dot'ln'na
911 4178 1028 4244 Novae
1062 4177 1313 4261 Hr'erosolymae
1345 4197 1391 4241 ex

257 4277 448 4357 praeceptis
473 4273 640 4358 Decalogr‘,
663 4296 685 4340 a
707 4277 875 4360 principio
897 4275 942 4342 ad
964 4273 1078 4339 finem.
1124 4285 1182 4348 [3.]
1214 4272 1309 4337 Inter
1331 4293 1387 4337 ar·

262 4392 349 4436 cana
368 4372 453 4436 caeli
472 4371 580 4436 etiam
602 4370 669 4436 hoc
692 4381 758 4448 est,
778 4373 870 4455 quod
893 4371 1027 4436 caelum
1050 4368 1246 4451 angelicum
1270 4387 1387 4434 coram

262 4467 414 4533 Domino
444 4468 490 4531 sit
521 4467 610 4532 sicut
642 4486 728 4531 unus
760 4466 888 4543 Homo,
912 4466 1006 4549 cujus
1033 4466 1150 4530 anima
1175 4473 1211 4529 et
1237 4464 1310 4526 vita
1332 4472 1388 4529 est

262 4561 442 4637 Dominus,
463 4572 500 4628 et
523 4559 616 4646 quod
638 4561 697 4626 ille
720 4560 865 4626 Divinus
889 4562 1006 4627 Homo
1027 4561 1073 4626 sit
1100 4561 1135 4626 in
1160 4560 1255 4624 omni
1277 4559 1388 4624 forma
1416 4562 1418 4566 ’

261 4655 378 4735 homo,
399 4677 468 4722 non
492 4657 598 4722 modo
620 4657 732 4741 quoad
754 4659 908 4722 membra
930 4668 967 4722 et
990 4677 1122 4740 organa
1145 4666 1304 4733 externa,
1324 4653 1387 4719 sed
