3426 5382
687 669 891 721 SAPIENTIA
914 669 1111 721 ANGELICA

331 841 416 922 illo;
443 841 609 907 obscurus
627 841 707 926 quia
730 862 800 906 non
823 852 878 908 est
901 840 1101 907 intellectus
1131 843 1166 907 in
1181 841 1244 908 illo
1257 865 1266 923 ;
1296 853 1332 909 et
1356 845 1465 910 tristis

331 942 414 1025 quia
432 961 501 1004 non
520 950 574 1004 est
589 939 777 1021 jucundum
797 940 885 1006 caeli
904 943 937 1004 in
957 941 1026 1005 illo.
1072 940 1124 1005 At
1143 940 1257 1006 cultus
1276 962 1345 1006 non
1361 963 1464 1008 coac-

332 1045 402 1112 tus,
427 1037 508 1100 dum
532 1037 701 1120 genuinus
725 1048 791 1111 est,
811 1046 865 1102 est
889 1037 1004 1100 cultus
1026 1037 1224 1119 spiritualis,
1245 1039 1354 1115 vivus,
1380 1039 1464 1105 luci·

331 1130 410 1206 dus,
427 1140 463 1194 et
488 1130 618 1209 laetus3
647 1130 834 1213 spiritualis
856 1133 935 1214 quia
956 1141 1010 1195 est
1033 1133 1175 1214 spiritus
1205 1153 1226 1195 a
1254 1132 1406 1198 Domino
1429 1135 1464 1198 in

331 1225 415 1306 illo;
438 1228 535 1290 vivus
552 1228 631 1309 quia
645 1238 699 1291 est
715 1229 787 1292 vita
802 1249 823 1291 a
839 1227 991 1291 Domino
1006 1227 1040 1290 in
1057 1227 1138 1304 illo;
1163 1227 1296 1292 lucidus
1314 1230 1394 1312 quia
1408 1240 1464 1296 est

331 1324 505 1405 sapientia
527 1344 548 1386 a
570 1322 723 1388 Domino
745 1323 780 1387 in
803 1322 865 1386 illo
878 1345 887 1402 ;
913 1334 950 1388 et
973 1323 1086 1388 laetus
1105 1324 1186 1406 quia
1208 1333 1263 1387 est
1285 1323 1420 1388 caelum
1443 1346 1464 1390 a

332 1417 489 1485 Domino
507 1422 542 1485 in
560 1420 632 1485 illo.

398 1513 494 1599 138.
523 1515 598 1600 (iv.)
628 1513 726 1594 Quod
736 1535 827 1578 nemo
841 1515 1045 1596 reformetur
1059 1515 1094 1578 in
1113 1516 1259 1580 statibus
1278 1536 1342 1580 non
1356 1517 1461 1582 ratio·

332 1610 489 1676 nalr'tatis
507 1621 541 1676 et
557 1631 621 1675 non
638 1609 971 1693 libertatis-Supra
987 1623 1164 1675 ostensum
1183 1623 1249 1687 est,
1267 1612 1359 1694 quod
1379 1611 1462 1676 nihil

331 1709 574 1790 approprietur
600 1707 739 1781 homini,
769 1707 834 1770 nisi
864 1708 955 1789 quod
983 1706 1041 1770 ille
1069 1728 1115 1771 ex
1140 1705 1249 1770 libero
1273 1708 1460 1771 secundum

332 1804 505 1866 rationem
524 1805 608 1884 agit.
655 1801 768 1867 Causa
783 1814 849 1878 est,
868 1804 946 1886 quia
965 1801 1110 1866 liberum
1129 1813 1184 1866 est
1203 1801 1406 1876 voluntatis,
1425 1813 1461 1868 et

332 1899 423 1962 ratio
447 1909 501 1962 est
525 1895 745 1975 intelledius3
778 1907 916 1961 etcum
941 1898 1046 1962 homo
1069 1919 1115 1961 ex
1139 1895 1249 1961 libero
1271 1901 1462 1962 secundum

331 1995 503 2058 rationem
530 1994 612 2076 agit,
641 2004 723 2057 tunc
751 2014 797 2057 ex
823 1995 1007 2059 voluntate
1034 2013 1095 2077 per
1121 2012 1220 2057 suum
1246 1991 1461 2058 intellectum

330 2091 418 2172 agit,
437 2100 473 2153 et
490 2090 580 2173 quod
598 2088 635 2152 fit
652 2089 686 2152 in
705 2087 947 2170 conjunctione
970 2090 1157 2171 utriusque,
1174 2088 1240 2154 hoc
1261 2089 1461 2173 appropria·

331 2193 399 2250 tur.
445 2183 543 2249 Nunc
574 2187 653 2268 quia
683 2183 851 2248 Dominus
876 2184 963 2260 vult,
992 2194 1028 2248 ut
1056 2183 1164 2248 homo
1193 2185 1398 2249 reformetur
1423 2194 1460 2248 et

330 2293 568 2363 regeneretur,
589 2291 626 2345 ut
645 2281 677 2344 ei
696 2282 768 2344 vita
786 2291 929 2344 aeterna
948 2301 1007 2344 seu
1025 2281 1100 2343 vita
1118 2279 1206 2342 caeli
1225 2281 1282 2356 sit,
1302 2291 1339 2344 et
1357 2299 1461 2344 nemo

331 2377 507 2442 reformari
537 2395 577 2440 ac
607 2377 804 2460 regenerari
834 2387 952 2459 potest
981 2377 1044 2439 nisi
1067 2377 1196 2440 bonum
1223 2377 1460 2458 approprietur

330 2472 404 2557 ejus
427 2473 601 2538 voluntati
620 2483 658 2536 ut
682 2475 726 2537 sit
750 2474 840 2536 sicut
863 2472 946 2554 ejus,
971 2491 1011 2535 ac
1030 2489 1149 2534 verum
1173 2470 1245 2555 ejus
1268 2469 1460 2536 intellediui

331 2580 371 2633 ut
394 2590 529 2653 quoque
549 2571 594 2633 sit
617 2569 705 2632 sicut
734 2567 817 2650 ejus,
838 2577 874 2632 et
894 2568 973 2650 quia
995 2566 1081 2631 nihil
1107 2567 1318 2650 appropriari
1342 2577 1460 2649 potest
1571 2587 1577 2596 ·

330 2664 434 2728 alicui
457 2667 522 2728 nisi
544 2665 638 2748 quod
661 2686 706 2728 ex
731 2664 840 2728 libero
859 2663 1053 2728 voluntatis
1076 2662 1265 2727 secundum
1288 2664 1459 2727 rationem

329 2759 531 2825 intellodius
550 2759 600 2836 fit,
621 2761 775 2843 sequitur
793 2760 885 2843 quod
910 2779 1012 2824 nemo
1031 2758 1236 2823 reformetur
1257 2759 1291 2822 in
1310 2760 1459 2823 statibus

330 2876 401 2920 non
422 2856 593 2920 libertatis
612 2866 649 2919 et
669 2875 738 2918 non
757 2855 1016 2920 rationalitatis.
1062 2853 1184 2918 Status
1200 2874 1269 2918 non
1289 2853 1459 2919 libertatis

329 2962 368 3016 ct
393 2972 462 3016 non
484 2951 729 3015 rationalitatis
756 2962 837 3015 sunt
865 2950 1000 3033 plures;
1032 2948 1094 3013 sed
1117 2949 1234 3014 referri
1257 2959 1401 3032 possunt
1425 2951 1458 3013 in

330 3069 459 3131 genere
482 3047 526 3110 ad
545 3047 630 3111 hos:
662 3046 707 3110 ad
729 3058 841 3111 status
861 3046 1005 3122 timoris,
1025 3045 1216 3127 infortunii,
1233 3044 1459 3128 aegritudinis

329 3143 447 3221 animi,
475 3144 586 3208 morbi
609 3145 775 3227 corporis,
799 3143 1020 3226 ignorantiae,
1044 3152 1078 3206 et
1102 3140 1335 3206 occaecationrk
1360 3139 1458 3206 intel·

328 3241 443 3307 leiius.
489 3239 558 3304 Sed
578 3240 621 3305 de
639 3241 829 3323 unoquovis
845 3249 941 3303 statu
957 3238 1086 3322 aliquid
1103 3238 1136 3301 in
1152 3238 1267 3321 specie
1286 3236 1430 3301 dicetur.

395 3351 494 3420 139.
524 3333 626 3418 Quod
646 3355 751 3400 nemo
768 3335 971 3400 reformetur
986 3335 1021 3397 in
1037 3343 1130 3398 statu
1148 3331 1292 3408 timoris,
1308 3341 1365 3396 est
1380 3333 1460 3416 quia

328 3435 437 3499 timor
455 3430 565 3496 aufert
584 3432 730 3497 liberum
749 3441 786 3496 et
804 3432 987 3506 rationem,
1004 3450 1065 3492 seu
1081 3429 1283 3493 libertatem
1302 3436 1339 3492 et
1352 3429 1457 3493 ratio-

329 3528 538 3608 nalitatem;
561 3548 661 3593 amor
683 3527 775 3592 enim
794 3528 905 3609 aperit
928 3525 1094 3589 interiora
1117 3523 1256 3600 mentis,
1275 3523 1338 3587 sed
1354 3524 1458 3588 timor

328 3623 463 3689 claudit
482 3624 542 3688 illa
554 3645 563 3704 ;
586 3632 720 3688 etcum
743 3623 861 3687 clausa
884 3632 975 3698 sunt,
996 3621 1102 3685 homo
1120 3639 1231 3704 pauca
1252 3620 1401 3702 cogitat,
1421 3627 1457 3683 et

329 3740 402 3784 non
422 3719 486 3783 nisi
504 3739 607 3804 quam
627 3739 714 3802 quae
738 3728 820 3784 tunc
843 3719 959 3782 animo
981 3726 1041 3781 aut
1064 3715 1222 3780 sensibus
1240 3733 1278 3778 se
1302 3713 1457 3780 offerunt.

329 3813 463 3880 Omnes
494 3816 638 3880 timores
667 3814 724 3898 qui
752 3814 920 3879 invadunt
950 3815 1114 3887 animum,
1145 3809 1236 3876 tales
1261 3818 1354 3873 sunt.
1400 3821 1456 3885 [2.]

330 3909 435 3994 Quod
453 3910 583 3975 homini
602 3911 648 3975 sit
663 3910 836 3974 internum
852 3909 1079 3992 cogitationis
1097 3926 1138 3970 ac
1157 3916 1342 3969 externum
1362 3903 1457 3986 cogi-

329 4007 485 4083 tationis,
505 4027 608 4090 supra
626 4016 805 4071 ostensum
822 4016 898 4070 est:
922 4006 1025 4069 timor
1044 4021 1210 4085 nusquam
1227 4009 1343 4084 potest
1362 4000 1457 4064 inva-

329 4103 413 4168 dere
427 4103 600 4168 internum
616 4101 861 4186 cogitationis;
884 4101 950 4164 hoc
967 4118 1105 4182 semper
1118 4098 1153 4162 in
1170 4096 1279 4161 libero
1297 4103 1364 4172 est,
1380 4095 1457 4178 quia

330 4198 366 4265 in
385 4219 503 4264 amore
521 4218 604 4264 suae
623 4199 736 4277 vitae;
761 4196 823 4263 sed
842 4206 961 4280 potest
979 4195 1143 4260 invadere
1161 4200 1344 4258 externum
1362 4191 1456 4274 cogi-

329 4297 487 4375 tationis,
512 4305 547 4360 et
569 4313 647 4360 cum
670 4294 736 4359 hoc
759 4294 905 4371 invadit,
929 4292 1102 4358 clauditur
1123 4290 1298 4354 internum
1321 4288 1456 4371 cogita·

329 4392 447 4468 tionis,
467 4412 535 4475 quo
555 4389 673 4456 clauso
691 4390 797 4455 homo
816 4411 885 4454 non
909 4388 1055 4473 amplius
1075 4407 1121 4452 ex
1141 4385 1251 4450 libero
1269 4384 1456 4449 secundum

329 4488 503 4552 rationem
537 4505 634 4552 suam
668 4496 786 4569 potest
820 4506 944 4569 agere3
982 4485 1033 4550 ita
1065 4502 1134 4548 non
1167 4479 1354 4547 reformari.
1399 4492 1456 4553 [3.]

329 4581 452 4648 Timor
468 4582 525 4667 qui
544 4583 678 4648 invadit
697 4592 882 4647 externum
901 4579 1127 4664 cogitationis
1145 4588 1183 4644 et
1202 4576 1334 4642 claudit
1352 4575 1458 4641 inter-

329 4697 425 4756 num,
442 4688 497 4743 est
513 4680 696 4763 praecipue
712 4679 817 4744 timor
827 4676 982 4763 jadturae
996 4675 1138 4742 honoris
1153 4683 1214 4739 aut
1230 4671 1314 4737 lucri
1328 4693 1337 4754 3
1355 4673 1462 4737 timor
