3422 5380
503 637 554 689 DE
577 637 715 690 Dlvma
738 637 1097 691 momentum—N.
1115 627 1185 708 328.
1347 629 1409 712 285

283 808 466 893 Scriptura
484 807 592 874 Sacra
620 807 669 893 (n.
690 809 862 894 ror-103).
908 809 1013 894 Quod
1035 809 1095 876 illa
1118 811 1267 878 ecclesia
1292 813 1327 878 in
1356 811 1411 879 his

282 906 398 990 regnis
414 905 526 982 luerit,
542 914 683 971 constat
701 927 748 970 ex
764 906 878 984 variis,
895 927 984 990 quae
1000 905 1045 972 de
1061 907 1127 972 illis
1146 909 1180 972 in
1199 906 1410 994 propheticis

283 999 391 1068 Verbi
413 1011 659 1066 memorantur.
705 999 775 1066 Sed
803 1001 865 1066 illa
892 1001 1042 1066 ecclesia
1065 1004 1247 1086 insigniter
1273 1013 1412 1070 mutata

282 1108 336 1164 est
358 1098 402 1162 ab
424 1097 550 1174 Ebero,
570 1118 617 1162 ex
640 1117 709 1181 quo
731 1107 810 1162 orta
832 1107 889 1162 est
911 1098 1060 1164 ecclesia
1080 1097 1260 1164 Hebraea:
1286 1099 1320 1166 in
1343 1098 1409 1167 hac

282 1195 398 1260 cultus
420 1215 482 1278 per
504 1192 671 1258 sacrificia
694 1195 839 1277 primum
862 1195 1026 1260 insitutus
1048 1205 1115 1260 est.
1160 1195 1217 1259 Ex
1247 1194 1410 1262 Hebraea

281 1289 442 1356 Ecclesia
461 1299 543 1354 nata
561 1302 616 1354 est
639 1289 799 1354 Ecclesia
818 1290 1009 1356 Israelitica
1031 1300 1069 1357 et
1090 1291 1244 1374 Judaica,
1264 1293 1326 1356 sed
1350 1313 1407 1357 so·

282 1387 432 1452 lenniter
447 1387 592 1451 insituta
607 1394 749 1470 propter
765 1385 931 1462 Verbum,
948 1386 1041 1472 quod
1061 1388 1107 1451 ibi
1123 1388 1408 1454 conscriberetur.

283 1487 341 1550 [8.]
374 1481 452 1546 Hae
464 1490 612 1566 quatuor
623 1480 792 1546 ecclesiae
803 1483 1045 1566 intelliguntur
1056 1503 1117 1567 per
1134 1492 1287 1547 statuam
1300 1484 1408 1548 visam

282 1573 593 1642 Nebuchadnezari
610 1577 645 1640 in
663 1579 809 1654 somnio,
827 1577 919 1661 cujus
935 1587 1039 1663 caput
1055 1587 1130 1643 erat
1146 1599 1192 1642 ex
1211 1599 1295 1643 auro
1310 1599 1408 1662 puro,

281 1671 402 1755 pectus
420 1685 456 1739 et
478 1672 620 1738 brachia
642 1694 690 1738 ex
711 1684 871 1756 argento,
888 1685 1011 1740 venter
1033 1685 1069 1740 et
1092 1675 1224 1739 femora
1246 1695 1291 1738 ex
1314 1695 1407 1752 aere,

281 1787 322 1832 ae
346 1789 445 1833 crura
471 1779 508 1834 et
534 1768 642 1852 pedes
671 1790 717 1834 ex
743 1769 833 1834 lerro
860 1780 896 1835 et
926 1771 1049 1854 argilla
1074 1769 1177 1854 (Dan.
1200 1771 1233 1834 ii.
1262 1785 1313 1852 32,
1340 1768 1407 1852 33).

282 1862 356 1929 Nec
380 1864 471 1929 aliud
499 1884 560 1946 per
587 1864 727 1929 saecula
752 1885 904 1940 aureum,
929 1877 1144 1948 argenteum,
1165 1885 1339 1948 cupreum,
1370 1861 1409 1930 e't

280 1959 439 2036 ferreum,
462 1980 484 2025 a
516 1961 740 2044 scriptoribus
773 1961 924 2045 antiquis
958 1971 1162 2038 memorata,
1189 1961 1408 2043 intelligitur.

281 2053 384 2140 Quod
408 2056 587 2122 Ecclesiae
603 2056 765 2139 judaicae
783 2059 989 2121 successerit
1008 2057 1169 2122 Ecclesia
1187 2056 1407 2134 Christiania,

281 2163 404 2218 notum
426 2162 490 2217 est.
536 2149 639 2235 Quod
658 2170 779 2216 omnes
798 2151 879 2217 illae
898 2153 1068 2218 ecclesiae
1084 2174 1247 2219 successu
1269 2163 1407 2234 tempo·

280 2249 326 2314 ris
345 2248 562 2313 decreverint
582 2268 688 2329 usque
707 2247 750 2310 ad
769 2246 885 2325 finem,
902 2250 960 2332 qui
978 2260 1121 2312 vocatur
1140 2249 1406 2326 consummatio,

281 2365 328 2408 ex
346 2343 466 2408 Verbo
484 2345 591 2408 etiam
610 2343 718 2407 videri
735 2353 865 2425 potest.
911 2349 969 2409 [4.]
1003 2341 1407 2408 consummatioEccle·

280 2440 353 2504 siae
375 2439 648 2523 Antiqussimae‚
672 2457 760 2519 quae
786 2435 878 2502 lacta
907 2447 961 2502 est
992 2459 1053 2522 per
1081 2457 1177 2503 esum
1204 2459 1254 2501 ex
1283 2436 1407 2503 arbore

281 2537 460 2612 scientiae,
476 2555 538 2620 per
556 2552 658 2617 quem
678 2532 893 2616 significatur
908 2535 1017 2598 fastus
1033 2536 1190 2618 propriae
1205 2533 1406 2615 intelligen-

281 2631 364 2708 tiae,
387 2630 591 2695 describitur
620 2649 681 2713 per
710 2628 887 2693 diluvium.
932 2628 1194 2694 Consummatio
1224 2629 1407 2694 Ecclesiae

280 2725 458 2812 Antiquae
474 2726 679 2790 describitur
693 2746 755 2809 per
770 2726 883 2789 varias
898 2724 1158 2790 devastationes
1175 2726 1342 2809 gentium,
1361 2726 1407 2792 de

281 2823 403 2907 quibus
425 2824 459 2886 in
478 2821 597 2886 Verbo
619 2831 693 2886 tam
716 2821 883 2885 historico
902 2841 1004 2904 quam
1024 2821 1238 2904 prophetico,
1259 2821 1407 2905 cumpri-

281 2922 346 2985 mis
358 2941 418 3005 per
429 2917 632 3001 ejectionem
644 2920 802 3002 gentium
817 2941 837 2985 e
850 2929 942 2984 terra
954 2917 1117 2984 Canaane
1134 2940 1154 2983 a
1167 2918 1244 2982 filiis
1257 2919 1408 2984 Israelis.

281 3012 543 3080 Consummatio
565 3013 745 3078 Ecclesiae
769 3013 983 3078 Israeliticae
1016 3024 1052 3078 et
1085 3013 1247 3096 Judaicae
1276 3012 1408 3077 intelli·

280 3112 373 3194 gitur
403 3131 463 3195 per
488 3107 761 3174 destruiiionem
785 3109 907 3192 templi
932 3107 1254 3190 Hierosolymitani,
1279 3117 1315 3172 et
1345 3127 1408 3189 per

280 3203 523 3272 abduiiionem
540 3205 657 3288 populi
677 3203 858 3269 Israelitici
877 3207 911 3268 in
930 3215 1133 3288 perpetuam
1150 3205 1405 3285 captivitatem,

280 3322 320 3366 ac
340 3305 455 3385 gentis
468 3301 632 3384 judaicae
648 3302 682 3364 in
703 3299 950 3381 Babyloniam:
974 3311 1010 3365 et
1027 3301 1163 3365 demum
1184 3321 1244 3384 per
1259 3299 1407 3364 alteram

280 3399 400 3481 templi
427 3407 463 3462 et
497 3397 597 3461 simul
630 3395 896 3477 Hierosolymae
929 3393 1213 3471 destructionem,
1242 3414 1282 3458 ac
1315 3393 1407 3456 illius

280 3495 398 3577 gentis
426 3495 696 3574 dispersionem:
730 3513 816 3575 quae
847 3494 1102 3556 consummatio
1132 3491 1339 3572 praedicitur
1371 3489 1407 3554 in

281 3589 399 3651 multis
416 3587 501 3651 locis
517 3589 607 3670 apud
625 3587 811 3669 prophetas
829 3584 882 3669 (et
901 3587 990 3668 apud
1006 3585 1191 3662 Danielem,
1209 3588 1256 3650 ix.
1273 3584 1407 3669 24—27).

280 3683 459 3746 Ecclesiae
478 3693 595 3746 autem
615 3681 831 3746 Christianae
849 3683 1046 3746 successiva
1064 3683 1219 3746 vastatio
1237 3701 1343 3763 usque
1362 3679 1408 3743 ad

280 3777 395 3854 finem,
407 3779 642 3842 describitura
659 3778 819 3852 Domino,
834 3778 924 3859 apud
936 3777 1148 3842 Matthaenm
1162 3774 1302 3860 (xxiv.)‚
1317 3773 1408 3856 apud

279 3873 435 3937 Marcum
455 3871 570 3957 (xiil),
590 3883 626 3937 et
645 3875 736 3955 apud
752 3871 876 3936 Lucam
896 3871 1002 3958 (xxi.)
1017 3894 1024 3952 ;
1049 3875 1124 3956 ipsa
1138 3893 1221 3936 vero
1237 3869 1307 3951 ejus
1324 3889 1407 3933 con·

280 3970 466 4033 summatio
494 3969 529 4032 in
551 3968 769 4051 Apocaiypsi.
814 3967 872 4030 Ex
899 3969 953 4032 his
975 3981 1137 4033 constare
1160 3975 1290 4052 potest,
1314 3964 1408 4049 quod

279 4064 429 4130 ecclesia
446 4085 608 4128 successu
623 4064 789 4145 temporis
805 4065 985 4128 decrescat
1001 4074 1037 4129 et
1057 4071 1333 4140 consummetur;
1357 4062 1408 4125 ita

280 4179 416 4244 quoque
439 4159 571 4242 religio.
618 4171 676 4233 [8.]
706 4156 923 4221 Secundum:
961 4157 1059 4236 Quod
1076 4159 1184 4223 omnis
1207 4155 1329 4238 religio
1351 4156 1408 4220 de·

278 4264 408 4319 crescat
426 4265 460 4318 et
479 4262 724 4318 consummetur
738 4261 803 4333 per
817 4251 1038 4316 inversionem
1053 4253 1217 4335 imaginis
1235 4251 1302 4314 Dei
1315 4247 1413 4331 apud

279 4351 452 4416 hominem.
498 4351 626 4414 Notum
643 4359 709 4423 est,
726 4346 818 4432 quod
834 4347 939 4411 homo
955 4359 1093 4412 creatus
1109 4351 1154 4412 sit
1171 4351 1204 4414 in
1221 4350 1408 4430 imaginem

280 4446 357 4522 Dei,
373 4446 563 4511 secundum
578 4444 838 4508 similitudinem
855 4442 920 4505 Dei
941 4440 1072 4525 (Genes.
1092 4445 1112 4506 i.
1132 4444 1208 4526 26):
1233 4445 1295 4510 sed
1314 4442 1409 4507 dice·

279 4550 347 4618 tur,
370 4543 453 4626 quid
475 4543 591 4622 imago
614 4549 650 4603 et
676 4539 758 4623 quid
780 4537 971 4602 similitudo
996 4537 1073 4601 Dei.
1118 4537 1213 4602 Deus
1236 4541 1331 4606 solus
1353 4545 1410 4602 est

281 4637 394 4702 Amor
412 4648 449 4703 et
468 4636 644 4720 Sapientia
655 4656 664 4715 ;
687 4635 792 4700 homo
811 4645 947 4698 creatus
963 4643 1017 4698 est
1036 4643 1074 4696 ut
1089 4633 1134 4696 sit
1150 4629 1414 4723 receptaculum
