3426 5382
373 710 415 772 68
727 721 929 770 SAPIENTIA
953 721 1148 773 ANGELICA

373 894 468 960 tione
486 903 523 960 et
542 891 613 978 ejus
632 890 813 960 affectione
832 893 968 958 interna
987 893 1082 978 loqui
1101 905 1225 959 contra
1247 895 1345 980 leges
1367 897 1501 974 civiles,

373 999 498 1054 contra
513 991 660 1054 virtutes
677 989 835 1064 morales,
850 999 886 1052 et
904 999 1028 1054 contra
1044 989 1104 1053 illa
1119 1011 1207 1074 quae
1223 1001 1303 1056 sunt
1322 990 1502 1057 doctrinae

373 1095 411 1150 et
430 1087 523 1150 vitae
542 1086 729 1170 spiritualis
742 1107 750 1164 ;
774 1085 823 1149 ita
846 1085 976 1148 iaciunt
1001 1085 1049 1150 illi
1073 1087 1128 1170 qui
1151 1088 1185 1150 in
1208 1089 1502 1172 concupiscentiis

374 1181 456 1246 mali
479 1191 570 1258 sunt,
591 1191 628 1246 et
652 1203 758 1266 usque
777 1181 899 1245 volunt
926 1202 1093 1266 apparere
1116 1203 1232 1246 coram
1256 1185 1384 1248 mundo
1407 1187 1501 1268 quod

373 1279 408 1342 in
432 1279 499 1342 illis
523 1297 592 1342 non
616 1277 717 1342 sint.'
743 1282 797 1346 [2]
832 1277 988 1361 Plerique
1008 1279 1125 1356 etiam,
1146 1279 1227 1343 dum
1250 1280 1394 1344 audiunt
1412 1281 1500 1345 alios

373 1374 568 1459 loquentes,
587 1393 703 1438 secum
722 1373 894 1456 cogitant,
922 1373 1029 1437 ¹¹¹num
1047 1373 1190 1438 interius
1212 1375 1246 1439 in
1269 1396 1305 1438 se
1328 1377 1498 1459 cogitent,

373 1471 462 1535 sicut
493 1471 653 1554 cogitant
682 1470 717 1534 in
744 1468 892 1553 loquela,
917 1487 999 1534 num
1026 1469 1189 1534 credendi
1224 1471 1294 1534 sint
1327 1472 1383 1535 vel
1417 1494 1498 1550 non,

373 1566 454 1650 quid
482 1567 688 1632 intendunt.
735 1563 838 1648 Quod
861 1565 1137 1630 assentatoribus
1160 1577 1197 1630 et
1220 1566 1410 1650 hypocritis
1436 1569 1499 1632 du·

372 1661 457 1743 plex
477 1663 648 1746 cogitatio
667 1661 722 1736 sit,
740 1671 861 1724 notum
885 1670 940 1725 est
952 1682 960 1740 ;
987 1671 1130 1744 possunt
1150 1663 1241 1726 enim
1265 1663 1444 1728 continere
1462 1686 1500 1728 se

372 1765 409 1821 et
429 1777 553 1822 cavere
572 1777 614 1820 ne
634 1757 809 1841 aperiatur
828 1757 1000 1840 cogitatio
1019 1759 1171 1834 interior,
1192 1778 1231 1821 ac
1252 1757 1390 1841 quidam
1409 1759 1497 1824 inte-

372 1854 441 1917 rius
463 1862 501 1918 et
523 1853 667 1917 interius
690 1851 804 1916 celare
827 1852 935 1929 illam,
960 1862 996 1916 et
1020 1853 1117 1936 quasi
1139 1853 1320 1918 obstruere
1342 1853 1432 1918 sores
1455 1875 1499 1920 ne

372 1959 551 2032 appareat.
607 1946 709 2032 Quod
733 1948 864 2012 homini
887 1949 1061 2030 cogitatio
1085 1949 1240 2013 exterior
1269 1958 1306 2014 et
1329 1950 1500 2034 cogitatio

372 2044 515 2110 interior
530 2044 643 2120 detur,
661 2054 760 2129 patet
778 2043 958 2108 manifeste
977 2065 1022 2107 ex
1043 2065 1094 2120 eo,
1112 2045 1202 2128 quod
1220 2045 1329 2128 possit
1348 2068 1392 2109 ex
1410 2047 1499 2111 inte·

371 2142 462 2205 riore
484 2163 545 2206 sua
566 2142 784 2223 cogitatione
804 2141 921 2204 videre
945 2141 1196 2223 cogitationem
1221 2143 1441 2218 exteriorem,
1462 2153 1499 2208 et

372 2257 509 2321 quoque
539 2234 714 2301 reflectere
741 2255 844 2318 super
869 2235 976 2310 illam,
1007 2257 1047 2300 ac
1075 2235 1226 2318 judicare
1256 2235 1299 2299 de
1327 2236 1388 2300 illa
1418 2257 1498 2302 num

373 2333 465 2396 mala
495 2335 540 2398 sit
559 2333 615 2396 vel
645 2353 715 2396 non
746 2331 848 2395 mala.
895 2329 996 2413 Quod
1028 2331 1174 2395 hominis
1204 2350 1302 2395 mens
1331 2332 1411 2396 talis
1440 2334 1498 2410 sit,

372 2440 555 2512 acceptum
590 2429 695 2492 lertur
722 2427 811 2492 binis
837 2427 1069 2502 facultatibus,
1101 2441 1189 2509 quae
1218 2427 1267 2490 illi
1297 2448 1318 2490 a
1348 2427 1500 2496 Domino

373 2535 462 2600 sunt,
491 2547 578 2608 quae
607 2533 776 2588 vocantur
803 2522 946 2586 libertas
973 2532 1009 2585 et
1034 2521 1273 2600 rationalitas;
1307 2527 1498 2607 exquibus

373 2621 438 2684 nisi
457 2631 641 2684 externum
662 2630 697 2683 et
717 2621 891 2682 internum
911 2618 1136 2699 cogitationis
1155 2618 1204 2681 illi
1224 2619 1324 2694 soret,
1345 2637 1414 2682 non
1435 2636 1498 2703 po·

372 2717 498 2779 tuisset
525 2717 702 2799 percipere
729 2725 765 2777 et
793 2714 909 2777 videre
939 2713 1080 2796 aliquod
1111 2713 1239 2776 malurn
1269 2715 1359 2797 apud
1387 2735 1436 2790 se,
1462 2724 1498 2779 et

370 2811 570 2890 reformari3
603 2810 710 2874 immo
736 2829 800 2873 nec
825 2809 997 2892 potuisset
1025 2807 1129 2892 loqui,
1153 2809 1215 2873 sed
1239 2808 1351 2874 solum
1375 2830 1498 2874 sonare

370 2907 462 2972 sicut
481 2909 602 2971 bestia.

436 3017 535 3086 105.
566 3001 745 3064 Internum
758 2999 984 3080 cogitationis
997 3007 1052 3064 est
1071 3019 1117 3064 ex
1134 3019 1251 3064 amore
1266 2999 1361 3064 vitae
1379 3009 1415 3064 et
1428 2999 1499 3083 ejus

373 3097 611 3164 affectionibus
639 3107 675 3159 et
705 3097 784 3159 inde
813 3096 1116 3179 perceptionibus;
1148 3106 1335 3161 externum
1364 3097 1499 3180 cogita·

372 3197 477 3260 tionis
493 3204 547 3259 est
564 3215 609 3257 ex
629 3192 695 3256 illis
711 3213 797 3275 quae
817 3193 850 3255 in
868 3194 1031 3256 memoria
1048 3200 1139 3266 sunt,
1153 3201 1190 3256 et
1205 3212 1293 3275 quae
1309 3193 1499 3260 inserviunt

373 3293 481 3356 amori
500 3292 592 3354 vitae
615 3309 678 3371 pro
702 3287 1031 3362 confirmationibus,
1049 3297 1084 3350 et
1104 3307 1165 3369 pro
1184 3288 1303 3351 mediis
1319 3289 1363 3351 ad
1387 3285 1499 3350 finem.

374 3387 492 3451 Homo
516 3387 559 3448 ab
577 3384 722 3449 infantia
742 3405 848 3468 usque
867 3385 910 3447 ad
931 3393 1086 3446 aetatem
1101 3381 1289 3465 juvenilem
1309 3393 1363 3447 est
1382 3383 1416 3445 in
1435 3403 1499 3446 ex·

372 3494 474 3548 terno
497 3483 722 3566 cogitationis
749 3503 793 3545 ex
820 3479 1000 3546 affectione
1030 3480 1172 3554 sciendi,
1199 3501 1287 3564 quae
1313 3491 1395 3545 tunc
1417 3479 1498 3544 lacit

371 3581 547 3644 internum
570 3578 666 3660 ejus;
699 3581 888 3663 transpirat
913 3579 1018 3641 etiam
1046 3577 1172 3660 aliquid
1198 3577 1501 3660 concupiscentiae

370 3686 408 3740 et
433 3676 513 3739 inde
536 3674 769 3738 inclinationis
793 3695 838 3737 ex
858 3693 976 3737 amore
994 3673 1085 3736 vitae
1109 3682 1263 3735 connato
1286 3693 1331 3736 ex
1348 3672 1500 3755 parenti·

373 3772 446 3835 bus.
492 3767 561 3835 Sed
591 3781 714 3854 postea
744 3771 834 3835 sicut
862 3771 959 3845 vivit,
986 3767 1024 3832 fit
1056 3788 1154 3832 amor
1179 3769 1272 3831 vitae
1300 3767 1381 3849 ejus,
1409 3767 1502 3851 cujus

372 3862 572 3930 affectiones
594 3875 631 3930 et
654 3865 733 3929 inde
758 3865 1001 3948 perceptiones
1020 3863 1149 3926 iaciunt
1172 3862 1345 3926 internum
1365 3864 1500 3946 cogita-

373 3963 478 4026 tionis
498 3959 581 4044 ejus,
602 3970 638 4024 et
656 3981 701 4024 ex
718 3980 836 4024 amore
851 3961 945 4024 vitae
964 3957 1002 4023 fit
1022 3978 1119 4022 amor
1138 3957 1340 4034 mediorum,
1358 3978 1501 4041 quorum

368 4055 520 4142 jucunda
550 4067 586 4121 et
613 4057 694 4120 inde
722 4055 902 4120 excitatae
928 4053 1095 4119 scientiae
1121 4074 1141 4118 e
1168 4053 1344 4130 memoria,
1371 4052 1501 4118 iaciunt

370 4163 557 4219 externum
576 4151 801 4237 cogitationis
818 4149 899 4234 ejus.

437 4249 540 4316 106·
567 4247 630 4334 (ii.)
664 4247 764 4328 Quod
773 4257 948 4312 externum
965 4243 1177 4329 cogitationis
1192 4242 1338 4308 hominis
1353 4243 1388 4308 in
1403 4265 1440 4309 se
1454 4243 1504 4308 sit

372 4343 472 4430 quale
487 4345 558 4428 ejus
576 4341 904 4426 internum-Quod
927 4342 1070 4406 homoa
1093 4340 1209 4423 capite
1232 4339 1276 4404 ad
1299 4338 1432 4404 calcem
1455 4339 1501 4402 sit

371 4441 484 4526 qualis
500 4450 554 4506 est
570 4461 667 4505 amor
679 4440 772 4505 vitae
788 4439 871 4521 ejus,
886 4437 978 4522 prius
994 4447 1174 4503 ostensum
1188 4444 1255 4501 est.
1301 4433 1368 4499 Hic
1384 4435 1502 4518 itaque
1675 4447 1676 4480 ³

372 4536 519 4619 primum
538 4535 666 4620 aliquid
690 4534 734 4600 de
756 4555 873 4599 amore
892 4533 986 4598 vitae
1005 4532 1153 4598 hominis
1172 4532 1318 4606 dicetur,
1338 4530 1500 4615 quoniam

372 4652 444 4699 non
475 4632 567 4716 prius
596 4629 724 4714 aliquid
754 4631 822 4695 dici
847 4638 965 4714 potest
990 4628 1034 4694 de
1059 4625 1295 4694 affectionibus
1323 4646 1411 4712 quae
1433 4643 1503 4689 una
1674 4711 1675 4714 Ἴ

371 4745 451 4793 cum
471 4725 750 4812 perceptionibus
766 4725 896 4790 faciunt
912 4725 1085 4790 internum
1103 4723 1265 4802 hominis,
1282 4743 1322 4788 ac
1339 4722 1382 4786 de
1398 4720 1515 4829 affec·¹

1661 5007 1674 5350 l
