3448 5374
331 647 390 730 198
682 659 885 710 seruaturus
908 658 1105 711 nuosmcn

326 840 362 896 et
386 830 566 913 cogitandi
589 849 660 907 sua,
680 829 762 894 dum
785 829 938 894 nondum
961 829 1208 895 determinavit
1233 850 1270 896 se
1292 833 1336 895 ad
1360 853 1450 908 usus,

324 929 382 1013 qui
411 937 492 992 sunt
522 926 608 991 fines
637 925 720 1009 ejus,
745 936 781 992 et
810 938 980 992 vocantur
1003 927 1095 992 bona
1118 925 1199 1011 ejus.
1247 927 1451 1013 conjunctio

323 1026 511 1109 reciproca,
538 1045 599 1089 seu
628 1025 700 1090 veri
729 1043 807 1089 cum
834 1025 937 1101 bono,
965 1034 1020 1090 est
1050 1045 1188 1108 prorsus
1212 1023 1327 1106 nulla;
1357 1027 1450 1109 quod

325 1122 557 1207 conjungatur
574 1123 762 1206 reciproce,
783 1132 837 1188 est
861 1143 907 1187 ex
929 1123 1004 1189 vita
1026 1123 1117 1188 boni.
1163 1121 1250 1189 Inde
1271 1133 1337 1201 est,
1357 1125 1449 1208 quod

323 1223 435 1288 omnis
450 1221 565 1296 homo,
580 1241 620 1286 ac
640 1221 752 1285 omnis
769 1220 909 1304 spiritus
924 1231 961 1286 et
981 1221 1126 1304 angelus
1142 1217 1319 1304 spectetur
1336 1241 1357 1286 a
1376 1221 1450 1286 Do-

324 1320 418 1385 mino
435 1319 624 1384 secundum
640 1317 711 1402 ejus
730 1337 883 1383 amorem
902 1339 962 1383 seu
980 1319 1120 1396 bonum,
1140 1328 1176 1385 et
1195 1318 1309 1384 nullus
1325 1339 1449 1384 secun-

323 1417 406 1482 dum
425 1415 495 1500 ejus
514 1403 733 1481 intellectum
751 1437 812 1480 seu
829 1435 947 1480 verum
963 1425 1162 1500 separatum
1185 1416 1230 1480 ab
1252 1436 1369 1482 amore
1389 1437 1450 1481 seu

322 1515 437 1579 bono:
462 1516 535 1579 vita
551 1515 642 1578 enim
654 1514 802 1578 hominis
817 1523 872 1577 est
888 1513 959 1594 ejus
975 1532 1083 1590 amor,
1097 1523 1135 1579 ut
1150 1534 1253 1596 supra
1268 1523 1448 1579 ostensum

323 1622 390 1688 est,
410 1632 450 1677 ac
470 1613 543 1676 vita
562 1611 633 1693 ejus
652 1622 706 1676 est
725 1613 815 1676 sicut
834 1609 1030 1675 affectiones
1048 1631 1128 1675 suas
1147 1610 1367 1676 exaltaverat
1386 1631 1450 1694 per

323 1731 425 1789 vera;
456 1710 523 1774 hoc
547 1720 611 1786 est,
632 1711 721 1774 sicut
743 1706 943 1774 affectiones
965 1708 1156 1792 perfecerat
1180 1729 1225 1773 ex
1249 1709 1422 1791 sapientia
1435 1729 1445 1790 ;

323 1827 404 1872 nam
419 1805 616 1871 affectiones
629 1809 754 1872 amoris
770 1807 974 1871 exaltantur
989 1817 1025 1872 et
1041 1805 1261 1890 perficiuntur
1277 1827 1338 1888 per
1352 1827 1445 1884 vera,

322 1905 374 1969 ita
403 1925 463 1986 per
485 1906 715 1988 sapientiam;
749 1915 792 1978 et,
816 1915 899 1969 tunc
919 1905 994 1987 agit
1015 1923 1112 1968 amor
1135 1902 1343 1985 conjunctim
1367 1922 1446 1968 cum

321 2000 393 2077 illa,
414 2003 502 2066 sicut
526 2022 571 2065 ex
596 2002 665 2076 illa,
686 2003 747 2066 sed
771 2003 845 2083 agit
869 2023 915 2066 ex
938 2023 975 2065 se
999 2022 1061 2084 per
1083 2001 1188 2076 illam,
1207 2011 1244 2065 ut
1267 2022 1328 2085 per
1350 2021 1446 2065 suam

321 2099 477 2174 formam,
498 2121 585 2182 quae
605 2119 742 2181 prorsus
761 2099 845 2161 nihil
864 2099 959 2162 ducit
982 2121 1028 2163 ex
1051 2095 1242 2173 intellediu,
1263 2100 1324 2162 sed
1341 2118 1445 2163 omne

321 2218 367 2263 ex
387 2198 501 2280 aliqua
519 2197 645 2261 amoris
667 2197 968 2271 determinatione,
988 2216 1076 2279 quae
1095 2206 1239 2260 vocatur
1257 2193 1401 2260 affectio.

384 2310 477 2379 411·
507 2293 619 2358 Amor
635 2304 738 2358 vocat
755 2295 871 2357 omnia
885 2293 946 2357 illa
961 2314 1022 2357 sua
1037 2293 1140 2369 bona,
1158 2314 1244 2376 quae
1264 2295 1295 2357 ei
1312 2294 1443 2370 favent,

321 2403 357 2458 et
379 2402 482 2456 vocat
504 2393 620 2456 omnia
642 2391 702 2455 illa
731 2412 791 2455 sua
815 2411 907 2466 vera,
932 2410 1018 2474 quae
1045 2401 1083 2455 ut
1111 2392 1224 2454 media
1247 2392 1376 2455 ducunt
1399 2389 1444 2455 ad

321 2492 433 2570 bona;
457 2500 494 2557 et
510 2491 588 2574 quia
604 2489 664 2553 illa
682 2499 762 2553 sunt
779 2490 903 2563 media,
921 2497 1081 2552 amantur
1096 2498 1132 2552 et
1151 2487 1237 2552 fiunt
1253 2485 1444 2552 affectionis

321 2585 403 2669 ejus,
423 2597 460 2650 et
483 2587 531 2650 sic
557 2585 640 2650 fiunt
663 2581 862 2649 affectiones
885 2586 919 2648 in
942 2583 1073 2661 sorma;
1108 2603 1212 2666 quare
1235 2603 1353 2647 verum
1373 2603 1443 2648 non

320 2683 413 2748 aliud
431 2694 486 2749 est
505 2703 606 2767 quam
623 2683 731 2748 forma
750 2680 938 2746 affectionis
955 2703 1041 2764 quae
1060 2691 1114 2744 est
1133 2683 1269 2744 amoris.
1316 2681 1444 2746 Forma

319 2782 469 2846 humana
496 2802 565 2845 non
589 2781 680 2844 aliud
710 2790 765 2843 est
791 2799 893 2862 quam
916 2779 1026 2843 forma
1048 2780 1200 2842 omnium
1223 2776 1442 2843 affedtionum

318 2881 463 2958 amoris;
497 2877 717 2964 pulchritudo
733 2888 788 2941 est
807 2898 868 2941 sua
883 2877 1125 2958 intelligentia,
1143 2896 1244 2960 quam
1264 2878 1327 2940 sibi
1346 2897 1443 2941 com-

319 2989 417 3060 parat
437 2998 496 3060 per
515 2997 605 3052 vera,
623 2996 710 3059 quae
725 2975 847 3056 recipit
864 2974 919 3037 vel
938 2976 1011 3038 visu
1030 2974 1084 3036 vel
1104 2974 1222 3037 auditu
1239 2984 1387 3038 externo
1406 2983 1443 3040 et

318 3076 465 3140 interno.
513 3073 609 3138 Haec
629 3083 710 3136 sunt
729 3091 816 3154 quae
833 3091 929 3135 amor
944 3072 1097 3154 disponit
1118 3073 1152 3134 in
1170 3071 1315 3136 sormam
1336 3071 1439 3136 affec·

319 3175 452 3237 tionum
471 3191 618 3246 suarum,
639 3191 726 3253 quae
744 3169 874 3233 formae
893 3169 927 3232 in
947 3169 1056 3231 multa
1075 3170 1245 3232 varietate
1264 3178 1354 3243 sunt,
1376 3169 1439 3232 sed

318 3291 437 3334 omnes
454 3271 596 3334 trahunt
612 3268 871 3331 similitudinem
888 3286 933 3328 ex
949 3267 1122 3328 communi
1138 3286 1200 3328 sua
1215 3265 1333 3341 forma,
1351 3285 1440 3347 quae

318 3378 371 3432 est
391 3369 563 3432 humana:
588 3385 709 3429 omnes
727 3364 793 3428 hae
812 3364 940 3428 formae
959 3374 1040 3426 sunt
1059 3364 1090 3426 ei
1106 3360 1269 3445 pulchrae
1288 3373 1324 3427 et
1342 3381 1440 3427 ama-

317 3465 414 3539 biles,
440 3465 590 3547 reliquae
612 3473 729 3527 autem
759 3463 791 3526 ei
821 3471 901 3524 sunt
924 3460 1136 3543 impulchrae
1158 3470 1195 3524 et
1226 3461 1439 3526 inamabilem

317 3562 374 3628 Ex
390 3563 443 3625 his
460 3563 566 3626 etiam
583 3570 735 3634 constat,
752 3559 843 3642 quod
860 3577 957 3622 amor
973 3579 1009 3621 se
1029 3557 1219 3638 conjungat
1235 3554 1438 3636 intellectui,

316 3669 352 3726 et
370 3679 439 3722 non
458 3659 619 3733 vicissim,
637 3669 674 3721 et
692 3658 784 3740 quod
802 3658 978 3738 reciproca
993 3652 1188 3736 conjundtio
1204 3655 1310 3718 etiam
1327 3657 1373 3719 sit
1392 3676 1439 3719 ex

315 3777 443 3822 amore.
490 3754 567 3820 Hoc
588 3765 642 3820 est
661 3755 751 3837 quod
769 3754 974 3835 intelligitur
992 3773 1053 3834 per
1072 3752 1163 3836 quod
1182 3771 1279 3815 amor
1298 3773 1358 3816 seu
1377 3774 1438 3817 vo·

314 3855 432 3922 luntas
448 3853 552 3919 saciat
569 3862 606 3916 ut
625 3853 796 3935 sapientia
814 3871 874 3915 seu
893 3847 1090 3916 intelletius
1103 3850 1278 3932 reciproce
1295 3848 1438 3933 conjun-

315 3963 426 4038 gatur.

377 4064 472 4136 μα.
503 4047 601 4115 Haec
617 4068 704 4132 quae
721 4043 814 4110 ditia
833 4056 925 4121 sunt,
939 4046 973 4109 in
989 4046 1138 4129 quadam
1158 4045 1309 4127 imagine
1328 4045 1438 4109 videri

313 4160 350 4216 et
370 4152 418 4214 sic
438 4147 631 4214 confirmari
654 4154 800 4229 possunt
823 4165 868 4208 ex
892 4143 1200 4227 correspondentia
1223 4142 1336 4207 cordis
1359 4161 1437 4206 cum

314 4265 441 4322 amore,
465 4257 502 4311 et
525 4244 696 4328 pulmonis
719 4260 796 4306 cum
819 4237 1010 4317 intellectu,
1035 4241 1080 4305 de
1102 4260 1168 4323 qua
1197 4261 1320 4323 supra;
1356 4259 1437 4305 nam

314 4362 391 4407 cum
415 4363 474 4406 cor
496 4342 746 4428 correspondet
769 4341 888 4416 amori,
913 4349 995 4402 tunc
1019 4339 1329 4402 determinationes
1353 4337 1437 4419 ejus,

314 4461 401 4522 quae
421 4450 500 4503 sunt
524 4443 670 4506 arteriae
690 4450 726 4504 et
748 4458 869 4512 venae,
890 4437 1164 4520 correspondent
1188 4432 1437 4511 affefflonibus,

314 4545 352 4601 et
367 4538 400 4600 in
417 4537 579 4619 pulmone
592 4535 826 4602 affectionibus
842 4536 931 4599 veri:
956 4543 991 4598 et
1007 4535 1085 4617 quia
1100 4536 1133 4596 in
1150 4532 1313 4616 pulmone
1331 4533 1437 4596 etiam

313 4643 395 4700 aunt
411 4633 479 4697 alia
495 4655 588 4712 vasa,
603 4656 689 4719 quae
702 4643 870 4698 vocantur
886 4632 1037 4708 actitata,
1056 4652 1116 4714 per
1131 4651 1217 4714 quae
1234 4628 1273 4694 fit
1289 4631 1437 4711 respira·
