3434 5364
452 688 501 737 DE
525 686 662 737 DIVINO
685 685 832 748 AMORE,
856 684 950 736 PARS
973 684 1089 733 v.-N.
1112 685 1184 752 415.
1316 683 1375 732 201

257 859 338 942 quid
358 857 508 931 honoris,
529 855 660 939 gloriae
680 867 739 921 aut
762 856 847 920 lucri
869 864 905 919 ut
929 853 1042 930 finem,
1063 855 1123 918 sed
1144 875 1203 936 per
1226 870 1378 918 amorem

258 975 359 1032 usus;
384 973 451 1016 non
472 953 520 1015 ita
539 962 680 1035 propter
698 971 746 1027 se,
766 952 827 1015 sed
846 960 986 1034 propter
1004 951 1219 1033 proximum;
1244 957 1280 1012 et
1300 947 1379 1032 quia

256 1048 310 1112 hic
330 1067 426 1113 amor
444 1067 513 1112 non
533 1047 634 1111 datur
652 1046 715 1110 nisi
734 1065 836 1129 quam
852 1067 871 1110 e
887 1045 984 1111 caelo
1003 1065 1023 1109 a
1042 1045 1201 1122 Domino,
1221 1054 1257 1108 et
1275 1044 1380 1110 datur

256 1165 277 1207 a
307 1144 457 1209 Domino
486 1161 563 1206 cum
590 1141 696 1206 homo
724 1142 811 1225 sugit
841 1142 932 1207 mala
961 1151 999 1206 ut
1026 1150 1182 1225 peccata,
1208 1141 1286 1205 ideo
1315 1157 1379 1224 per

257 1239 342 1304 haec
366 1239 479 1304 media
505 1246 622 1321 potest
649 1258 746 1303 amor
773 1259 832 1304 seu
858 1237 1020 1303 voluntas
1046 1237 1151 1300 etiam
1178 1235 1316 1312 elevari,
1339 1243 1378 1302 et

254 1336 385 1419 absque
412 1333 465 1399 his
495 1333 617 1398 mediis
647 1353 716 1398 non
744 1343 872 1418 potest.
918 1331 970 1398 At
1001 1351 1097 1397 amor
1125 1351 1185 1396 seu
1214 1330 1377 1398 voluntas

254 1431 411 1498 elevatur
440 1430 475 1494 in
508 1430 659 1496 calorem
693 1431 790 1508 caeli,
817 1427 1015 1495 intellectus
1048 1437 1164 1494 autem
1197 1427 1231 1492 in
1264 1427 1378 1494 lucem

254 1527 364 1606 caeli3
395 1535 432 1591 et
462 1527 490 1590 si
520 1536 664 1612 uterque
690 1526 855 1601 elevatur,
881 1525 920 1591 fit
948 1523 1143 1608 conjugium
1170 1541 1288 1588 eorum
1317 1523 1376 1602 ibi,

252 1623 344 1707 quod
373 1620 567 1704 conjugium
594 1621 747 1687 caeleste
776 1631 932 1697 vocatur,
955 1621 1033 1704 quia
1062 1629 1116 1685 est
1143 1621 1268 1685 amoris
1296 1638 1375 1686 cae·

253 1718 352 1783 lestis
371 1726 406 1782 et
425 1718 635 1798 sapientiae:
663 1738 768 1801 quare
786 1717 922 1792 dicitur,
942 1716 1033 1800 quod
1056 1734 1153 1780 amor
1174 1715 1280 1778 etiam
1303 1711 1375 1780 ele·

253 1822 362 1888 vetur,
386 1813 414 1876 si
437 1821 533 1877 amat
555 1813 761 1894 sapientiam
792 1810 974 1895 conjugem
1004 1830 1100 1875 suam
1131 1811 1165 1874 in
1188 1831 1231 1875 eo
1253 1809 1375 1892 gradu.

253 1906 365 1971 Amor
393 1926 476 1989 erga
502 1908 698 1989 proximum
727 1927 748 1970 a
778 1905 938 1981 Domino,
963 1914 1016 1970 est
1046 1924 1144 1971 amor
1172 1905 1373 1989 sapientiae,

252 2023 312 2066 seu
339 2002 507 2084 genuinus
536 2020 633 2066 amor
661 1999 860 2067 intellectus
889 2000 1038 2065 humani.
1083 1999 1148 2065 Est
1173 2000 1238 2065 hoc
1263 1999 1374 2068 simile

251 2117 330 2161 cum
347 2095 423 2161 luce
445 2104 482 2161 et
506 2095 620 2162 calore
639 2098 674 2160 in
693 2097 830 2161 mundo.
875 2095 987 2160 Datur
1009 2094 1070 2159 lux
1093 2096 1221 2179 absque
1244 2097 1373 2175 calore,

251 2202 288 2256 et
312 2191 414 2256 datur
436 2210 513 2257 cum
537 2190 672 2270 calore;
705 2193 834 2274 absque
858 2191 972 2256 calore
995 2191 1098 2256 datur
1121 2199 1279 2273 tempore
1300 2191 1374 2258 hie·

251 2288 327 2362 mis,
344 2298 380 2350 et
404 2305 481 2351 cum
505 2285 619 2351 calore
644 2297 801 2369 tempore
824 2287 991 2366 aestatis3
1026 2294 1062 2350 et
1081 2303 1159 2351 cum
1181 2287 1276 2350 calor
1295 2305 1374 2353 cum

251 2381 329 2447 luce
347 2391 413 2458 est,
430 2390 512 2446 tunc
536 2382 659 2446 florent
680 2383 804 2446 omnia.
849 2380 928 2446 Lux
946 2382 1037 2464 apud
1060 2381 1236 2446 hominem
1259 2401 1374 2449 corre·

249 2478 427 2560 spondens
451 2477 517 2541 luci
540 2477 662 2542 hiemis
680 2486 734 2542 est
754 2477 925 2559 sapientia
943 2477 1071 2560 absque
1094 2495 1211 2540 amore
1234 2476 1316 2560 ejus,
1336 2485 1374 2544 et

250 2572 312 2635 lux
336 2573 426 2657 apud
449 2572 623 2638 hominem
651 2573 924 2655 correspondens
950 2571 1017 2636 luci
1039 2571 1183 2636 aestatis
1206 2581 1260 2638 est
1282 2573 1374 2658 sapi·

249 2669 346 2732 entia
364 2686 441 2733 cum
459 2667 530 2748 ejus
549 2686 675 2732 amore.

313 2777 410 2846 415.
440 2761 538 2827 Haec
554 2761 748 2844 conjunctio
766 2771 803 2827 et
821 2760 1002 2846 disjunciio
1018 2763 1209 2845 sapientiae
1224 2772 1261 2828 et
1276 2782 1373 2830 amo·

249 2857 295 2920 ris
318 2857 353 2919 in
376 2856 549 2939 pulmonis
580 2855 822 2937 conjunctione
850 2876 927 2921 cum
957 2859 1062 2923 corde
1095 2859 1192 2941 quasi
1219 2858 1373 2942 effigiata

249 2949 395 3033 spectari
415 2964 554 3034 potest:
578 2973 637 3018 cor
655 2955 746 3018 enim
764 2962 882 3035 potest
902 2973 947 3017 ex
966 2955 1132 3036 sanguine
1151 2974 1171 3018 a
1190 2975 1227 3019 se
1246 2957 1373 3022 emisso

249 3047 410 3130 conjungi
432 3049 591 3114 vesiculis
620 3050 805 3113 racemosis
834 3048 1087 3126 bronchiorum,
1112 3059 1148 3114 et
1178 3061 1296 3132 potest
1326 3073 1372 3118 ex

248 3143 416 3225 sanguine
433 3164 502 3208 non
520 3165 541 3208 a
555 3164 592 3208 se
611 3145 672 3208 sed
690 3165 711 3207 a
729 3165 818 3209 vena
833 3164 919 3209 cava
937 3155 973 3209 et
992 3155 1110 3221 aorta;
1135 3165 1195 3226 per
1211 3144 1276 3210 hoc
1293 3157 1371 3230 pot·

248 3248 304 3302 est
322 3239 502 3322 respiratio
524 3241 676 3323 corporis
699 3243 848 3322 separari
867 3261 888 3304 a
906 3241 1131 3322 respiratione
1154 3241 1311 3322 spiritus3
1335 3251 1373 3307 at

248 3353 327 3398 curn
346 3336 486 3417 sanguis
504 3335 616 3399 solum
635 3356 655 3400 a
674 3335 777 3401 corde
797 3338 882 3419 agit,
902 3346 985 3399 tunc
1005 3354 1075 3398 non
1098 3347 1241 3416 possunt
1265 3339 1371 3420 respi-

249 3431 402 3494 rationes
430 3433 589 3513 separari.
636 3432 736 3497 Nunc
764 3434 842 3516 quia
871 3432 1105 3513 cogitationes
1134 3451 1238 3496 unum
1262 3443 1372 3516 agunt

248 3544 328 3589 cum
343 3527 624 3609 respirationibus
640 3549 701 3610 per
719 3527 1072 3609 correspondentiam,
1090 3536 1188 3610 patet
1204 3530 1308 3594 etiam
1325 3549 1371 3596 ex

249 3620 379 3703 duplici
402 3621 574 3704 pulmonis
603 3633 697 3688 statu
726 3625 840 3706 quoad
863 3623 1135 3705 respirationem,
1156 3624 1247 3706 quod
1265 3625 1371 3693 homo

251 3719 361 3798 possit
384 3717 485 3782 aliter
508 3719 673 3801 cogitare,
694 3729 730 3783 et
749 3739 795 3782 ex
813 3719 1029 3801 cogitatione
1046 3717 1138 3801 loqui
1157 3729 1193 3783 et
1216 3740 1319 3803 agere
1337 3723 1372 3786 in

247 3814 424 3877 consortio
442 3832 520 3877 cum
535 3814 620 3890 aliis,
634 3835 673 3878 ac
690 3813 791 3879 aliter
806 3816 961 3897 cogitare
977 3825 1013 3878 et
1030 3835 1075 3878 ex
1092 3816 1304 3898 cogitatione
1321 3817 1371 3881 lo·

247 3908 306 3990 qui
334 3916 370 3972 et
394 3927 499 3990 agere
517 3929 594 3973 cum
614 3911 735 3974 nonin
755 3911 930 3975 consortio
950 3920 1014 3985 est,
1035 3909 1100 3974 hoc
1119 3919 1184 3986 est,
1205 3931 1282 3974 cum
1301 3932 1370 3976 non

249 4003 350 4067 timet
363 4003 510 4087 aliquam
523 4001 688 4086 jadiuram
699 4006 820 4070 famae.
865 4005 963 4070 Tunc
976 4006 1066 4070 enim
1083 4014 1201 4087 potest
1217 4006 1372 4088 cogitare

248 4109 287 4163 et
307 4097 399 4181 loqui
417 4110 539 4165 contra
558 4099 679 4174 Deum,
699 4102 906 4181 proximum,
927 4101 1114 4183 spiritualia
1136 4100 1314 4176 ecclesiae,
1334 4109 1370 4166 et

247 4204 375 4258 contra
393 4194 536 4259 moralia
554 4205 589 4258 et
609 4195 739 4273 civilia;
763 4206 798 4258 et
815 4217 948 4279 quoque
968 4215 1071 4276 agere
1090 4204 1213 4259 contra
1231 4196 1300 4270 illa,
1320 4195 1370 4260 fu·

248 4289 369 4364 tando,
383 4289 599 4364 vindicando,
614 4290 897 4371 blasphemando,
910 4291 1157 4354 adulterando:
1182 4299 1220 4354 at
1237 4291 1272 4353 in
1288 4307 1371 4354 con·

248 4385 364 4448 sortiis
388 4385 443 4448 ubi
466 4385 567 4448 timet
586 4383 752 4466 jacturam
771 4385 893 4460 lamae,
910 4394 1028 4466 potest
1047 4385 1149 4469 loqui,
1175 4385 1372 4465 praedicare

247 4490 286 4543 et
305 4500 408 4562 agere
426 4500 563 4563 prorsus
581 4478 670 4545 sicut
693 4482 798 4545 homo
821 4481 1015 4564 spiritualis,
1037 4481 1175 4546 moralis
1198 4489 1234 4544 et
1252 4481 1371 4548 civilis.

253 4573 309 4638 Ex
333 4574 385 4639 his
407 4585 567 4641 constare
598 4586 726 4658 potest,
751 4577 841 4659 quod
872 4596 967 4640 amor
990 4597 1048 4640 seu
1071 4576 1233 4641 voluntas
1263 4577 1373 4658 possit

250 4669 409 4741 similiter
425 4690 466 4737 ac
485 4670 691 4748 intellectus,
712 4670 838 4736 elevari
857 4692 896 4737 ac
916 4673 1066 4755 recipere
1089 4672 1147 4736 illa
1167 4693 1252 4755 quae
1275 4671 1373 4737 calo·
