3426 5382
345 631 406 683 120
694 637 900 696 SAPIENTIA
923 645 1120 700 ANGELICA

341 827 391 890 ita
415 825 510 892 nulla
529 817 697 911 salvati03
729 853 774 896 ex
798 833 919 918 quibus
941 845 1052 919 patet,
1069 838 1161 922 quod
1184 837 1243 906 illa
1265 845 1470 927 apparentia

342 923 425 986 data
448 925 493 989 sit
517 922 646 990 homini
669 948 689 990 a
714 928 863 993 Domino
886 941 1028 1015 propter
1051 953 1172 998 omnes
1195 936 1275 1002 illos
1295 960 1396 1020 usus;
1426 961 1468 1006 ac

342 1022 522 1104 praecipue
547 1033 583 1086 ut
607 1024 636 1085 ei
656 1025 868 1104 receptivum
889 1037 924 1090 et
942 1030 1155 1112 reciprocum
1175 1043 1281 1110 esset,
1298 1054 1359 1118 per
1380 1056 1469 1120 quae

343 1114 511 1180 Dominus
535 1120 645 1201 possit
665 1118 828 1201 conjungi
852 1120 992 1198 homini,
1011 1133 1046 1187 et
1070 1124 1176 1190 homo
1195 1125 1357 1207 Domino,
1372 1151 1414 1195 ac
1430 1142 1469 1197 ut

341 1209 445 1274 homo
464 1233 524 1293 per
545 1210 822 1296 conjundtionem
841 1216 936 1280 illam
957 1219 1051 1282 vivat
1074 1220 1109 1283 in
1132 1230 1322 1300 aeternum.
1368 1224 1468 1293 Haec

339 1308 544 1389 apparentia
561 1319 629 1386 est,
650 1329 738 1393 quae
756 1309 811 1374 hic
834 1311 1050 1397 intelligitur.

712 1623 1088 1638 ———-

339 1873 455 1957 Quor>
477 1875 559 1942 Lux
583 1878 753 1944 Drvnvaa
772 1880 1069 1948 Puovrosrvrms
1087 1895 1157 1959 srr,
1177 1895 1227 1949 ur
1247 1895 1361 1948 nono
1383 1897 1467 1950 von

466 1987 667 2037 usacmmr
687 1989 735 2038 ar
751 1989 916 2040 saumas
933 1991 1095 2056 amomo
1111 1991 1162 2042 oa
1181 1977 1352 2041 Drvnvna
1370 1979 1466 2045 Pno-

466 2080 678 2132 VIDENTIAE
702 2083 963 2150 OPERATIONE,
983 2086 1055 2138 SED
1075 2085 1124 2138 UT
1147 2085 1269 2151 USQUE
1287 2085 1398 2138 SCIAT
1416 2086 1466 2138 ΕΤ

466 2173 668 2227 AGNOSCAT
691 2177 824 2230 ILLAM.

401 2365 495 2438 175.
526 2353 644 2420 Homo
668 2354 836 2420 naturalis
857 2355 915 2440 qui
938 2376 1008 2420 non
1031 2356 1142 2422 credit
1165 2355 1327 2421 Divinam
1348 2355 1464 2422 Provi-

337 2454 489 2518 dentiam
513 2453 648 2534 cogitat
672 2471 801 2528 secum,
825 2449 947 2532 “Quid
975 2452 1100 2516 Divina
1129 2452 1360 2526 Providentia,
1385 2471 1464 2516 curn

337 2549 418 2612 mali
437 2546 629 2610 evehuntur
647 2547 691 2610 ad
710 2547 870 2622 honores,
891 2557 928 2611 et
947 2547 1123 2611 lucrantur
1142 2568 1227 2630 opes
1249 2568 1331 2630 prae
1351 2547 1462 2624 bonis,

328 2653 371 2722 et
389 2643 499 2705 multa
522 2643 646 2707 similia
668 2643 858 2707 succedunt
882 2642 960 2717 illis,
984 2645 1041 2726 qui
1064 2663 1132 2706 uon
1157 2643 1318 2707 Divinam
1346 2644 1462 2708 Provi-

335 2739 488 2802 dentiam
519 2740 663 2802 credunt
694 2759 775 2822 prae
806 2737 874 2802 illis
903 2739 960 2822 qui
989 2737 1179 2802 credunt?”
1224 2739 1346 2814 Immo,
1371 2741 1462 2823 quod

334 2833 489 2898 infideles
513 2854 552 2897 ac
575 2835 669 2915 impii
688 2834 811 2898 inferre
830 2835 965 2916 possint
989 2833 1136 2916 injurias,
1156 2834 1283 2898 damna
1301 2845 1338 2900 et
1358 2836 1462 2900 infor·

328 2931 441 3010 tunia,
461 2939 498 2993 et
525 2929 730 3012 quandoque
761 2950 864 2994 neces
891 2928 1048 2994 fidelibus
1078 2940 1116 2994 et
1146 2931 1219 3013 piis,
1245 2940 1281 2995 et
1308 2931 1374 2995 hoc
1402 2952 1462 3014 per

332 3027 479 3089 astutias
510 3034 545 3088 et
577 3025 737 3089 malitias.
783 3025 830 3089 Et
862 3027 910 3090 sic
942 3027 1091 3108 cogitat,
1121 3025 1281 3090 “Annon
1312 3027 1357 3091 ab
1387 3029 1462 3110 ipsa

330 3122 548 3203 experientia
571 3122 659 3185 sicut
678 3123 712 3184 in
732 3122 825 3186 clara
844 3122 900 3186 die
918 3122 1030 3196 video,
1051 3123 1142 3205 quod
1169 3121 1311 3186 dolosae
1330 3124 1460 3187 machi·

333 3219 504 3294 nationes
539 3218 643 3282 modo
679 3217 785 3281 homo
821 3239 866 3282 ex
901 3220 1083 3300 ingeniosa
1119 3219 1314 3282 calliditate
1350 3221 1461 3301 possit

330 3315 454 3390 facere,
482 3324 520 3378 ut
551 3323 742 3396 appareant
773 3315 862 3378 sicut
894 3313 983 3378 fidae
1014 3324 1048 3377 et
1077 3313 1200 3394 justae,
1232 3313 1394 3378 fidelitati
1423 3324 1460 3379 et

329 3413 480 3498 justitiae
501 3412 747 3495 praevaleant?
793 3411 885 3496 Quid
908 3412 1039 3495 reliqua
1058 3413 1122 3475 nisi
1141 3431 1243 3494 quam
1268 3413 1457 3477 necessita-

330 3523 395 3586 tes,
421 3511 702 3593 consequentiae,
722 3518 758 3572 et
781 3509 933 3582 fortuita,
955 3511 988 3572 in
1012 3508 1134 3591 quibus
1158 3507 1241 3571 nihil
1266 3529 1311 3571 ex
1332 3509 1458 3574 Divina

331 3606 552 3670 Providentia
575 3615 730 3689 apparet.
774 3603 906 3668 Annon
935 3605 1165 3668 necessitates
1193 3613 1273 3667 sunt
1302 3615 1456 3683 naturae,

330 3702 599 3786 consequentiae
618 3711 698 3766 sunt
717 3721 842 3764 causae
861 3700 1007 3764 fluentes
1027 3721 1072 3764 ex
1093 3700 1211 3763 ordine
1231 3700 1378 3764 naturali
1396 3710 1457 3765 aut

328 3800 430 3876 civili,
456 3810 491 3864 et
514 3800 656 3863 fortuita
678 3799 733 3863 vel
764 3819 810 3863 ex
841 3800 952 3863 causis
984 3818 1070 3881 quae
1098 3796 1311 3878 ignorantur,
1331 3795 1387 3859 vel
1410 3817 1456 3860 ex

330 3896 431 3960 nullis
454 3898 564 3960 causis
575 3896 604 3959 ?”
648 3896 748 3960 Talia
770 3916 887 3960 secum
912 3896 1046 3978 cogitat
1071 3890 1237 3955 naturalis
1260 3890 1376 3966 homo,
1400 3892 1456 3976 qui

329 4015 397 4058 non
424 3994 552 4079 aliquid
581 3993 668 4069 Deo,
689 3994 751 4057 sed
778 3995 894 4058 omnia
923 4001 1076 4066 naturae,
1097 3987 1261 4066 addicat;
1292 4005 1372 4050 nam
1398 3988 1455 4070 qui

328 4112 397 4155 non
417 4090 545 4174 aliquid
566 4090 653 4166 Deo,
673 4110 737 4152 nec
760 4090 887 4173 aliquid
912 4085 1152 4152 Providentiae
1178 4082 1334 4158 Divinae,
1355 4083 1454 4145 attri-

328 4190 412 4263 buit,
440 4187 533 4252 Deus
563 4187 653 4250 enim
684 4195 720 4250 et
754 4184 879 4249 Divina
913 4181 1144 4254 Providentia,
1178 4198 1282 4242 unum
1315 4177 1454 4242 faciunt.

328 4298 386 4360 [2.]
418 4283 533 4348 Aliter
551 4304 634 4348 vero
653 4301 771 4347 secum
791 4281 873 4345 dicit
893 4289 952 4344 aut
973 4279 1107 4361 cogitat
1130 4275 1237 4340 homo
1257 4274 1453 4357 spiritualis.

328 4377 396 4442 Hic
417 4381 558 4444 tametsi
582 4401 651 4445 non
675 4379 890 4460 cogitatione
910 4375 1065 4459 percipit,
1087 4393 1149 4437 nec
1167 4373 1242 4436 visu
1266 4368 1355 4434 oculi
1375 4387 1453 4432 sen·

327 4475 383 4549 tit,
416 4477 576 4540 Divinam
611 4475 867 4540 Providentiam
900 4473 933 4535 in
969 4493 1029 4535 sua
1063 4467 1315 4553 progressione,
1349 4485 1455 4549 usque

327 4570 394 4633 scit
425 4581 461 4636 et
490 4572 650 4655 agnoscit
681 4571 786 4634 illam.
832 4567 931 4631 Nunc
962 4567 1041 4650 quia
1062 4563 1290 4647 apparentiae
1315 4570 1351 4626 et
1374 4560 1455 4624 inde

326 4663 482 4731 fallaciae
506 4674 824 4749 supramemoratae
847 4671 1076 4728 occaecarunt
1099 4653 1326 4733 intelledium,
1345 4654 1455 4720 ethic
