<?xml version="1.0" encoding="UTF-8"?>
<!DOCTYPE html PUBLIC "-//W3C//DTD XHTML 1.0 Transitional//EN"
    "http://www.w3.org/TR/xhtml1/DTD/xhtml1-transitional.dtd">
<html xmlns="http://www.w3.org/1999/xhtml" xml:lang="en" lang="en">
 <head>
  <title>
</title>
<meta http-equiv="Content-Type" content="text/html;charset=utf-8" />
  <meta name='ocr-system' content='tesseract 3.04.00' />
  <meta name='ocr-capabilities' content='ocr_page ocr_carea ocr_par ocr_line ocrx_word'/>
</head>
<body>
  <div class='ocr_page' id='page_1' title='image "./sapientaangelic01swedgoog_0047.png"; bbox 0 0 3344 5402; ppageno 0'>
   <div class='ocr_carea' id='block_1_1' title="bbox 333 627 1111 716">
    <p class='ocr_par' dir='ltr' id='par_1_1' title="bbox 333 627 1111 716">
     <span class='ocr_line' id='line_1_1' title="bbox 333 627 1111 716; baseline -0.001 -17"><span class='ocrx_word' id='word_1_1' title='bbox 333 627 373 716; x_wconf 76' lang='lat'>3²</span> <span class='ocrx_word' id='word_1_2' title='bbox 686 646 891 699; x_wconf 67' lang='lat' dir='ltr'>sumnum</span> <span class='ocrx_word' id='word_1_3' title='bbox 913 646 1111 700; x_wconf 76' lang='lat' dir='ltr'>Auoamcn</span> 
     </span>
    </p>
   </div>
   <div class='ocr_carea' id='block_1_2' title="bbox 330 818 1459 1191">
    <p class='ocr_par' dir='ltr' id='par_1_2' title="bbox 330 818 1459 1191">
     <span class='ocr_line' id='line_1_2' title="bbox 331 818 1458 904; baseline 0.004 -21"><span class='ocrx_word' id='word_1_4' title='bbox 331 841 418 904; x_wconf 89' lang='lat' dir='ltr'>quae</span> <span class='ocrx_word' id='word_1_5' title='bbox 438 830 491 884; x_wconf 93' lang='lat' dir='ltr'>est</span> <span class='ocrx_word' id='word_1_6' title='bbox 512 820 655 884; x_wconf 89' lang='lat' dir='ltr'>Divinus</span> <span class='ocrx_word' id='word_1_7' title='bbox 675 819 787 884; x_wconf 91' lang='lat' dir='ltr'>Amor</span> <span class='ocrx_word' id='word_1_8' title='bbox 805 821 952 886; x_wconf 90' lang='lat' dir='ltr'>Divinae</span> <span class='ocrx_word' id='word_1_9' title='bbox 972 818 1170 903; x_wconf 86' lang='lat' dir='ltr'>Sapientiae</span> <span class='ocrx_word' id='word_1_10' title='bbox 1189 840 1229 885; x_wconf 86' lang='lat' dir='ltr'>ac</span> <span class='ocrx_word' id='word_1_11' title='bbox 1250 819 1377 886; x_wconf 87' lang='lat' dir='ltr'>Divina</span> <span class='ocrx_word' id='word_1_12' title='bbox 1395 818 1458 887; x_wconf 91' lang='lat' dir='ltr'>Sa·</span> 
     </span>
     <span class='ocr_line' id='line_1_3' title="bbox 330 915 1459 999; baseline 0.003 -20"><span class='ocrx_word' id='word_1_13' title='bbox 330 915 461 997; x_wconf 88' lang='lat' dir='ltr'>pientia</span> <span class='ocrx_word' id='word_1_14' title='bbox 492 915 606 980; x_wconf 89' lang='lat' dir='ltr'>Divini</span> <span class='ocrx_word' id='word_1_15' title='bbox 635 915 786 980; x_wconf 90' lang='lat' dir='ltr'>Amoris.</span> <span class='ocrx_word' id='word_1_16' title='bbox 832 915 910 980; x_wconf 90' lang='lat' dir='ltr'>Hoc</span> <span class='ocrx_word' id='word_1_17' title='bbox 927 926 981 981; x_wconf 89' lang='lat' dir='ltr'>est</span> <span class='ocrx_word' id='word_1_18' title='bbox 1011 916 1145 999; x_wconf 87' lang='lat' dir='ltr'>angelis</span> <span class='ocrx_word' id='word_1_19' title='bbox 1173 915 1379 994; x_wconf 89' lang='lat' dir='ltr'>Aeternum,</span> <span class='ocrx_word' id='word_1_20' title='bbox 1408 918 1459 982; x_wconf 86' lang='lat' dir='ltr'>ita</span> 
     </span>
     <span class='ocr_line' id='line_1_4' title="bbox 330 1009 1459 1094; baseline 0.004 -20"><span class='ocrx_word' id='word_1_21' title='bbox 330 1009 543 1076; x_wconf 67' lang='lat' dir='ltr'>abstraitum</span> <span class='ocrx_word' id='word_1_22' title='bbox 567 1032 587 1076; x_wconf 90' lang='lat' dir='ltr'>a</span> <span class='ocrx_word' id='word_1_23' title='bbox 610 1019 778 1094; x_wconf 92' lang='lat' dir='ltr'>tempore,</span> <span class='ocrx_word' id='word_1_24' title='bbox 799 1012 887 1076; x_wconf 90' lang='lat' dir='ltr'>sicut</span> <span class='ocrx_word' id='word_1_25' title='bbox 912 1011 1110 1076; x_wconf 88' lang='lat' dir='ltr'>Increatum</span> <span class='ocrx_word' id='word_1_26' title='bbox 1129 1021 1183 1077; x_wconf 92' lang='lat' dir='ltr'>est</span> <span class='ocrx_word' id='word_1_27' title='bbox 1206 1032 1227 1076; x_wconf 89' lang='lat' dir='ltr'>a</span> <span class='ocrx_word' id='word_1_28' title='bbox 1250 1021 1379 1090; x_wconf 88' lang='lat' dir='ltr'>creato,</span> <span class='ocrx_word' id='word_1_29' title='bbox 1399 1033 1459 1078; x_wconf 87' lang='lat' dir='ltr'>seu</span> 
     </span>
     <span class='ocr_line' id='line_1_5' title="bbox 330 1106 1296 1191; baseline 0.004 -22"><span class='ocrx_word' id='word_1_30' title='bbox 330 1106 505 1172; x_wconf 87' lang='lat' dir='ltr'>Infinitum</span> <span class='ocrx_word' id='word_1_31' title='bbox 524 1127 544 1170; x_wconf 97' lang='lat' dir='ltr'>a</span> <span class='ocrx_word' id='word_1_32' title='bbox 562 1107 672 1184; x_wconf 87' lang='lat' dir='ltr'>finito,</span> <span class='ocrx_word' id='word_1_33' title='bbox 692 1125 835 1190; x_wconf 90' lang='lat' dir='ltr'>quorum</span> <span class='ocrx_word' id='word_1_34' title='bbox 855 1127 897 1172; x_wconf 87' lang='lat' dir='ltr'>ne</span> <span class='ocrx_word' id='word_1_35' title='bbox 917 1107 1056 1191; x_wconf 91' lang='lat' dir='ltr'>quidem</span> <span class='ocrx_word' id='word_1_36' title='bbox 1075 1108 1165 1172; x_wconf 89' lang='lat' dir='ltr'>ratio</span> <span class='ocrx_word' id='word_1_37' title='bbox 1184 1107 1296 1173; x_wconf 87' lang='lat' dir='ltr'>datur.</span> 
     </span>
    </p>
   </div>
   <div class='ocr_carea' id='block_1_3' title="bbox 367 1471 1410 1556">
    <p class='ocr_par' dir='ltr' id='par_1_3' title="bbox 367 1471 1410 1556">
     <span class='ocr_line' id='line_1_6' title="bbox 367 1471 1410 1556; baseline 0 -18"><span class='ocrx_word' id='word_1_38' title='bbox 367 1471 483 1556; x_wconf 87' lang='lat' dir='ltr'>Quon</span> <span class='ocrx_word' id='word_1_39' title='bbox 508 1473 683 1538; x_wconf 73' lang='lat' dir='ltr'>D1vutuu</span> <span class='ocrx_word' id='word_1_40' title='bbox 706 1486 748 1537; x_wconf 77' lang='lat' dir='ltr'>ru</span> <span class='ocrx_word' id='word_1_41' title='bbox 773 1485 940 1538; x_wconf 78' lang='lat' dir='ltr'>unxnsss</span> <span class='ocrx_word' id='word_1_42' title='bbox 963 1487 1013 1537; x_wconf 72' lang='lat' dir='ltr'>aa</span> <span class='ocrx_word' id='word_1_43' title='bbox 1037 1486 1194 1539; x_wconf 81' lang='lat' dir='ltr'>uuums</span> <span class='ocrx_word' id='word_1_44' title='bbox 1217 1486 1277 1538; x_wconf 68' lang='lat' dir='ltr'>sn*</span> <span class='ocrx_word' id='word_1_45' title='bbox 1300 1487 1410 1538; x_wconf 76' lang='lat' dir='ltr'>mnu.</span> 
     </span>
    </p>
   </div>
   <div class='ocr_carea' id='block_1_4' title="bbox 261 1675 1457 2717">
    <p class='ocr_par' dir='ltr' id='par_1_4' title="bbox 261 1675 1457 2524">
     <span class='ocr_line' id='line_1_7' title="bbox 390 1675 1456 1762; baseline 0 -19"><span class='ocrx_word' id='word_1_46' title='bbox 390 1690 456 1762; x_wconf 81' lang='grc'>77.</span> <span class='ocrx_word' id='word_1_47' title='bbox 487 1677 565 1740; x_wconf 93' lang='lat' dir='ltr'>Hoc</span> <span class='ocrx_word' id='word_1_48' title='bbox 585 1676 739 1760; x_wconf 89' lang='lat' dir='ltr'>sequitur</span> <span class='ocrx_word' id='word_1_49' title='bbox 757 1696 803 1740; x_wconf 87' lang='lat' dir='ltr'>ex</span> <span class='ocrx_word' id='word_1_50' title='bbox 827 1675 961 1739; x_wconf 92' lang='lat' dir='ltr'>duobus</span> <span class='ocrx_word' id='word_1_51' title='bbox 979 1675 1132 1740; x_wconf 88' lang='lat' dir='ltr'><strong>articulis</strong></span> <span class='ocrx_word' id='word_1_52' title='bbox 1152 1676 1209 1760; x_wconf 92' lang='lat' dir='ltr'>qui</span> <span class='ocrx_word' id='word_1_53' title='bbox 1231 1677 1456 1760; x_wconf 85' lang='lat' dir='ltr'>praecedunt,</span> 
     </span>
     <span class='ocr_line' id='line_1_8' title="bbox 328 1772 1456 1858; baseline 0.002 -20"><span class='ocrx_word' id='word_1_54' title='bbox 328 1773 418 1858; x_wconf 92' lang='lat' dir='ltr'>quod</span> <span class='ocrx_word' id='word_1_55' title='bbox 436 1773 597 1837; x_wconf 92' lang='lat' dir='ltr'>Divinum</span> <span class='ocrx_word' id='word_1_56' title='bbox 613 1773 658 1837; x_wconf 91' lang='lat' dir='ltr'>sit</span> <span class='ocrx_word' id='word_1_57' title='bbox 677 1772 711 1835; x_wconf 93' lang='lat' dir='ltr'>in</span> <span class='ocrx_word' id='word_1_58' title='bbox 728 1772 820 1836; x_wconf 89' lang='lat' dir='ltr'>omni</span> <span class='ocrx_word' id='word_1_59' title='bbox 836 1772 950 1855; x_wconf 91' lang='lat' dir='ltr'>spatio</span> <span class='ocrx_word' id='word_1_60' title='bbox 966 1772 1095 1855; x_wconf 88' lang='lat' dir='ltr'><strong>absque</strong></span> <span class='ocrx_word' id='word_1_61' title='bbox 1111 1773 1237 1854; x_wconf 88' lang='lat' dir='ltr'>spatio,</span> <span class='ocrx_word' id='word_1_62' title='bbox 1255 1782 1291 1838; x_wconf 89' lang='lat' dir='ltr'>et</span> <span class='ocrx_word' id='word_1_63' title='bbox 1310 1773 1344 1838; x_wconf 90' lang='lat' dir='ltr'>in</span> <span class='ocrx_word' id='word_1_64' title='bbox 1361 1773 1456 1841; x_wconf 90' lang='lat' dir='ltr'>omni</span> 
     </span>
     <span class='ocr_line' id='line_1_9' title="bbox 261 1866 1455 1951; baseline 0.002 -19"><span class='ocrx_word' id='word_1_65' title='bbox 261 1876 263 1878; x_wconf 80' lang='grc'><strong>’</strong></span> <span class='ocrx_word' id='word_1_66' title='bbox 328 1879 483 1950; x_wconf 90' lang='lat' dir='ltr'>tempore</span> <span class='ocrx_word' id='word_1_67' title='bbox 494 1868 623 1951; x_wconf 88' lang='lat' dir='ltr'>absque</span> <span class='ocrx_word' id='word_1_68' title='bbox 632 1877 807 1950; x_wconf 91' lang='lat' dir='ltr'>tempore:</span> <span class='ocrx_word' id='word_1_69' title='bbox 832 1888 873 1931; x_wconf 90' lang='lat' dir='ltr'>ac</span> <span class='ocrx_word' id='word_1_70' title='bbox 887 1869 998 1950; x_wconf 93' lang='lat' dir='ltr'>spatia</span> <span class='ocrx_word' id='word_1_71' title='bbox 1011 1876 1091 1932; x_wconf 92' lang='lat' dir='ltr'>sunt</span> <span class='ocrx_word' id='word_1_72' title='bbox 1102 1866 1232 1950; x_wconf 90' lang='lat' dir='ltr'>majora</span> <span class='ocrx_word' id='word_1_73' title='bbox 1241 1877 1278 1933; x_wconf 92' lang='lat' dir='ltr'>et</span> <span class='ocrx_word' id='word_1_74' title='bbox 1290 1870 1455 1949; x_wconf 84' lang='lat' dir='ltr'>maxima,</span> 
     </span>
     <span class='ocr_line' id='line_1_10' title="bbox 327 1963 1455 2046; baseline 0 -17"><span class='ocrx_word' id='word_1_75' title='bbox 327 1974 362 2029; x_wconf 90' lang='lat' dir='ltr'>et</span> <span class='ocrx_word' id='word_1_76' title='bbox 378 1972 458 2028; x_wconf 90' lang='lat' dir='ltr'>sunt</span> <span class='ocrx_word' id='word_1_77' title='bbox 471 1965 603 2027; x_wconf 89' lang='lat' dir='ltr'>minora</span> <span class='ocrx_word' id='word_1_78' title='bbox 618 1972 654 2027; x_wconf 92' lang='lat' dir='ltr'>et</span> <span class='ocrx_word' id='word_1_79' title='bbox 671 1964 830 2040; x_wconf 91' lang='lat' dir='ltr'>minima;</span> <span class='ocrx_word' id='word_1_80' title='bbox 854 1971 891 2027; x_wconf 93' lang='lat' dir='ltr'>et</span> <span class='ocrx_word' id='word_1_81' title='bbox 907 1963 986 2046; x_wconf 89' lang='lat' dir='ltr'>quia</span> <span class='ocrx_word' id='word_1_82' title='bbox 997 1963 1110 2045; x_wconf 92' lang='lat' dir='ltr'>spatia</span> <span class='ocrx_word' id='word_1_83' title='bbox 1126 1973 1163 2028; x_wconf 92' lang='lat' dir='ltr'>et</span> <span class='ocrx_word' id='word_1_84' title='bbox 1180 1973 1338 2046; x_wconf 90' lang='lat' dir='ltr'>tempora</span> <span class='ocrx_word' id='word_1_85' title='bbox 1351 1983 1455 2030; x_wconf 92' lang='lat' dir='ltr'>unum</span> 
     </span>
     <span class='ocr_line' id='line_1_11' title="bbox 327 2055 1457 2144; baseline 0.003 -21"><span class='ocrx_word' id='word_1_86' title='bbox 327 2058 468 2135; x_wconf 83' lang='lat' dir='ltr'>iaciunt,</span> <span class='ocrx_word' id='word_1_87' title='bbox 489 2068 527 2123; x_wconf 93' lang='lat' dir='ltr'>ut</span> <span class='ocrx_word' id='word_1_88' title='bbox 551 2077 652 2139; x_wconf 90' lang='lat' dir='ltr'>supra</span> <span class='ocrx_word' id='word_1_89' title='bbox 675 2055 804 2122; x_wconf 70' lang='lat' dir='ltr'>dietum</span> <span class='ocrx_word' id='word_1_90' title='bbox 828 2067 893 2135; x_wconf 89' lang='lat' dir='ltr'>est,</span> <span class='ocrx_word' id='word_1_91' title='bbox 914 2057 1024 2123; x_wconf 91' lang='lat' dir='ltr'>simile</span> <span class='ocrx_word' id='word_1_92' title='bbox 1053 2067 1108 2123; x_wconf 88' lang='lat' dir='ltr'>est</span> <span class='ocrx_word' id='word_1_93' title='bbox 1131 2078 1209 2123; x_wconf 88' lang='lat' dir='ltr'>cum</span> <span class='ocrx_word' id='word_1_94' title='bbox 1233 2061 1457 2144; x_wconf 86' lang='lat' dir='ltr'><strong>temporibus.</strong></span> 
     </span>
     <span class='ocr_line' id='line_1_12' title="bbox 327 2152 1455 2238; baseline 0.003 -19"><span class='ocrx_word' id='word_1_95' title='bbox 327 2152 430 2238; x_wconf 85' lang='lat' dir='ltr'>Quod</span> <span class='ocrx_word' id='word_1_96' title='bbox 450 2154 614 2218; x_wconf 91' lang='lat' dir='ltr'>Divinum</span> <span class='ocrx_word' id='word_1_97' title='bbox 633 2154 668 2216; x_wconf 92' lang='lat' dir='ltr'>in</span> <span class='ocrx_word' id='word_1_98' title='bbox 688 2153 755 2217; x_wconf 93' lang='lat' dir='ltr'>illis</span> <span class='ocrx_word' id='word_1_99' title='bbox 774 2154 819 2218; x_wconf 92' lang='lat' dir='ltr'>sit</span> <span class='ocrx_word' id='word_1_100' title='bbox 836 2153 939 2230; x_wconf 88' lang='lat' dir='ltr'>idem,</span> <span class='ocrx_word' id='word_1_101' title='bbox 960 2163 1014 2218; x_wconf 91' lang='lat' dir='ltr'>est</span> <span class='ocrx_word' id='word_1_102' title='bbox 1033 2154 1112 2237; x_wconf 92' lang='lat' dir='ltr'>quia</span> <span class='ocrx_word' id='word_1_103' title='bbox 1130 2153 1292 2219; x_wconf 90' lang='lat' dir='ltr'>Divinum</span> <span class='ocrx_word' id='word_1_104' title='bbox 1312 2175 1380 2220; x_wconf 91' lang='lat' dir='ltr'>non</span> <span class='ocrx_word' id='word_1_105' title='bbox 1400 2163 1455 2222; x_wconf 88' lang='lat' dir='ltr'>est</span> 
     </span>
     <span class='ocr_line' id='line_1_13' title="bbox 327 2249 1455 2334; baseline 0.002 -20"><span class='ocrx_word' id='word_1_106' title='bbox 327 2252 457 2314; x_wconf 92' lang='lat' dir='ltr'>varium</span> <span class='ocrx_word' id='word_1_107' title='bbox 473 2260 510 2316; x_wconf 88' lang='lat' dir='ltr'>et</span> <span class='ocrx_word' id='word_1_108' title='bbox 526 2249 703 2326; x_wconf 88' lang='lat' dir='ltr'>mutabile,</span> <span class='ocrx_word' id='word_1_109' title='bbox 721 2250 809 2313; x_wconf 92' lang='lat' dir='ltr'>sicut</span> <span class='ocrx_word' id='word_1_110' title='bbox 824 2258 879 2315; x_wconf 90' lang='lat' dir='ltr'>est</span> <span class='ocrx_word' id='word_1_111' title='bbox 896 2267 997 2313; x_wconf 92' lang='lat' dir='ltr'>omne</span> <span class='ocrx_word' id='word_1_112' title='bbox 1014 2249 1106 2333; x_wconf 92' lang='lat' dir='ltr'>quod</span> <span class='ocrx_word' id='word_1_113' title='bbox 1123 2259 1178 2315; x_wconf 92' lang='lat' dir='ltr'>est</span> <span class='ocrx_word' id='word_1_114' title='bbox 1193 2252 1296 2334; x_wconf 90' lang='lat' dir='ltr'>spatii</span> <span class='ocrx_word' id='word_1_115' title='bbox 1312 2260 1348 2316; x_wconf 92' lang='lat' dir='ltr'>et</span> <span class='ocrx_word' id='word_1_116' title='bbox 1364 2260 1455 2316; x_wconf 91' lang='lat' dir='ltr'>tem·</span> 
     </span>
     <span class='ocr_line' id='line_1_14' title="bbox 326 2345 1455 2431; baseline 0.002 -20"><span class='ocrx_word' id='word_1_117' title='bbox 326 2348 427 2431; x_wconf 91' lang='lat' dir='ltr'>poris,</span> <span class='ocrx_word' id='word_1_118' title='bbox 449 2367 509 2411; x_wconf 92' lang='lat' dir='ltr'>seu</span> <span class='ocrx_word' id='word_1_119' title='bbox 531 2365 634 2410; x_wconf 92' lang='lat' dir='ltr'>omne</span> <span class='ocrx_word' id='word_1_120' title='bbox 658 2345 750 2428; x_wconf 91' lang='lat' dir='ltr'>quod</span> <span class='ocrx_word' id='word_1_121' title='bbox 773 2355 827 2409; x_wconf 88' lang='lat' dir='ltr'>est</span> <span class='ocrx_word' id='word_1_122' title='bbox 844 2354 1006 2426; x_wconf 87' lang='lat' dir='ltr'>naturae,</span> <span class='ocrx_word' id='word_1_123' title='bbox 1025 2345 1087 2409; x_wconf 89' lang='lat' dir='ltr'>sed</span> <span class='ocrx_word' id='word_1_124' title='bbox 1111 2356 1165 2411; x_wconf 89' lang='lat' dir='ltr'>est</span> <span class='ocrx_word' id='word_1_125' title='bbox 1188 2345 1389 2412; x_wconf 85' lang='lat' dir='ltr'>invariabile</span> <span class='ocrx_word' id='word_1_126' title='bbox 1418 2353 1455 2414; x_wconf 90' lang='lat' dir='ltr'>et</span> 
     </span>
     <span class='ocr_line' id='line_1_15' title="bbox 326 2441 1193 2524; baseline -0.003 -17"><span class='ocrx_word' id='word_1_127' title='bbox 326 2442 537 2508; x_wconf 88' lang='lat' dir='ltr'>immutabile</span> <span class='ocrx_word' id='word_1_128' title='bbox 548 2463 556 2522; x_wconf 94' lang='lat'>;</span> <span class='ocrx_word' id='word_1_129' title='bbox 580 2441 660 2506; x_wconf 92' lang='lat' dir='ltr'>inde</span> <span class='ocrx_word' id='word_1_130' title='bbox 680 2451 734 2506; x_wconf 91' lang='lat' dir='ltr'>est</span> <span class='ocrx_word' id='word_1_131' title='bbox 753 2441 862 2505; x_wconf 89' lang='lat' dir='ltr'>ubivis</span> <span class='ocrx_word' id='word_1_132' title='bbox 880 2450 917 2505; x_wconf 92' lang='lat' dir='ltr'>et</span> <span class='ocrx_word' id='word_1_133' title='bbox 937 2459 1073 2524; x_wconf 89' lang='lat' dir='ltr'>semper</span> <span class='ocrx_word' id='word_1_134' title='bbox 1091 2441 1193 2506; x_wconf 92' lang='lat' dir='ltr'>idem.</span> 
     </span>
    </p>

    <p class='ocr_par' dir='ltr' id='par_1_5' title="bbox 325 2536 1454 2717">
     <span class='ocr_line' id='line_1_16' title="bbox 387 2536 1454 2623; baseline -0.003 -18"><span class='ocrx_word' id='word_1_135' title='bbox 387 2538 457 2623; x_wconf 82' lang='grc'>78.</span> <span class='ocrx_word' id='word_1_136' title='bbox 487 2537 647 2621; x_wconf 86' lang='lat' dir='ltr'>Apparet</span> <span class='ocrx_word' id='word_1_137' title='bbox 660 2539 747 2601; x_wconf 92' lang='lat' dir='ltr'>sicut</span> <span class='ocrx_word' id='word_1_138' title='bbox 761 2536 922 2601; x_wconf 88' lang='lat' dir='ltr'>Divinum</span> <span class='ocrx_word' id='word_1_139' title='bbox 935 2557 1004 2600; x_wconf 90' lang='lat' dir='ltr'>non</span> <span class='ocrx_word' id='word_1_140' title='bbox 1021 2536 1066 2600; x_wconf 94' lang='lat' dir='ltr'>sit</span> <span class='ocrx_word' id='word_1_141' title='bbox 1078 2536 1171 2602; x_wconf 92' lang='lat' dir='ltr'>idem</span> <span class='ocrx_word' id='word_1_142' title='bbox 1186 2539 1220 2600; x_wconf 90' lang='lat' dir='ltr'>in</span> <span class='ocrx_word' id='word_1_143' title='bbox 1233 2558 1301 2602; x_wconf 93' lang='lat' dir='ltr'>uno</span> <span class='ocrx_word' id='word_1_144' title='bbox 1314 2537 1454 2603; x_wconf 87' lang='lat' dir='ltr'>homine</span> 
     </span>
     <span class='ocr_line' id='line_1_17' title="bbox 325 2631 1454 2717; baseline -0.001 -19"><span class='ocrx_word' id='word_1_145' title='bbox 325 2642 362 2698; x_wconf 92' lang='lat' dir='ltr'>ut</span> <span class='ocrx_word' id='word_1_146' title='bbox 385 2635 420 2698; x_wconf 94' lang='lat' dir='ltr'>in</span> <span class='ocrx_word' id='word_1_147' title='bbox 443 2631 577 2712; x_wconf 80' lang='lat' dir='ltr'>alter03</span> <span class='ocrx_word' id='word_1_148' title='bbox 605 2642 643 2697; x_wconf 94' lang='lat' dir='ltr'>ut</span> <span class='ocrx_word' id='word_1_149' title='bbox 662 2632 754 2717; x_wconf 90' lang='lat' dir='ltr'>quod</span> <span class='ocrx_word' id='word_1_150' title='bbox 774 2634 819 2697; x_wconf 92' lang='lat' dir='ltr'>sit</span> <span class='ocrx_word' id='word_1_151' title='bbox 841 2632 933 2696; x_wconf 91' lang='lat' dir='ltr'>aliud</span> <span class='ocrx_word' id='word_1_152' title='bbox 957 2632 990 2695; x_wconf 89' lang='lat' dir='ltr'>in</span> <span class='ocrx_word' id='word_1_153' title='bbox 1014 2633 1170 2716; x_wconf 91' lang='lat' dir='ltr'>sapiente</span> <span class='ocrx_word' id='word_1_154' title='bbox 1190 2653 1292 2717; x_wconf 88' lang='lat' dir='ltr'>quam</span> <span class='ocrx_word' id='word_1_155' title='bbox 1314 2634 1348 2697; x_wconf 91' lang='lat' dir='ltr'>in</span> <span class='ocrx_word' id='word_1_156' title='bbox 1372 2635 1454 2697; x_wconf 90' lang='lat' dir='ltr'>sim·</span> 
     </span>
    </p>
   </div>
   <div class='ocr_carea' id='block_1_5' title="bbox 324 2725 1455 3194">
    <p class='ocr_par' dir='ltr' id='par_1_6' title="bbox 324 2725 1455 3194">
     <span class='ocr_line' id='line_1_18' title="bbox 325 2725 1454 2812; baseline 0.001 -20"><span class='ocrx_word' id='word_1_157' title='bbox 325 2727 414 2812; x_wconf 88' lang='lat' dir='ltr'>plici,</span> <span class='ocrx_word' id='word_1_158' title='bbox 432 2738 468 2793; x_wconf 94' lang='lat' dir='ltr'>et</span> <span class='ocrx_word' id='word_1_159' title='bbox 488 2727 580 2792; x_wconf 90' lang='lat' dir='ltr'>aliud</span> <span class='ocrx_word' id='word_1_160' title='bbox 599 2729 633 2791; x_wconf 92' lang='lat' dir='ltr'>in</span> <span class='ocrx_word' id='word_1_161' title='bbox 650 2747 732 2792; x_wconf 92' lang='lat' dir='ltr'>sene</span> <span class='ocrx_word' id='word_1_162' title='bbox 749 2747 851 2810; x_wconf 89' lang='lat' dir='ltr'>quam</span> <span class='ocrx_word' id='word_1_163' title='bbox 871 2728 904 2791; x_wconf 95' lang='lat' dir='ltr'>in</span> <span class='ocrx_word' id='word_1_164' title='bbox 921 2726 1061 2792; x_wconf 80' lang='lat' dir='ltr'>infante.</span> <span class='ocrx_word' id='word_1_165' title='bbox 1107 2725 1176 2792; x_wconf 88' lang='lat' dir='ltr'>Sed</span> <span class='ocrx_word' id='word_1_166' title='bbox 1195 2727 1261 2792; x_wconf 91' lang='lat' dir='ltr'>hoc</span> <span class='ocrx_word' id='word_1_167' title='bbox 1281 2749 1327 2792; x_wconf 83' lang='lat' dir='ltr'>ex</span> <span class='ocrx_word' id='word_1_168' title='bbox 1346 2748 1454 2812; x_wconf 91' lang='lat' dir='ltr'>appa·</span> 
     </span>
     <span class='ocr_line' id='line_1_19' title="bbox 324 2822 1455 2902; baseline 0.001 -13"><span class='ocrx_word' id='word_1_169' title='bbox 324 2825 436 2890; x_wconf 88' lang='lat' dir='ltr'>rentia</span> <span class='ocrx_word' id='word_1_170' title='bbox 458 2834 512 2888; x_wconf 91' lang='lat' dir='ltr'>est</span> <span class='ocrx_word' id='word_1_171' title='bbox 535 2823 691 2902; x_wconf 79' lang='lat' dir='ltr'>fallacia3</span> <span class='ocrx_word' id='word_1_172' title='bbox 723 2833 776 2887; x_wconf 92' lang='lat' dir='ltr'>est</span> <span class='ocrx_word' id='word_1_173' title='bbox 795 2823 901 2886; x_wconf 92' lang='lat' dir='ltr'>homo</span> <span class='ocrx_word' id='word_1_174' title='bbox 920 2823 1016 2899; x_wconf 88' lang='lat' dir='ltr'>alius,</span> <span class='ocrx_word' id='word_1_175' title='bbox 1037 2822 1098 2886; x_wconf 92' lang='lat' dir='ltr'>sed</span> <span class='ocrx_word' id='word_1_176' title='bbox 1123 2822 1284 2886; x_wconf 94' lang='lat' dir='ltr'>Divinum</span> <span class='ocrx_word' id='word_1_177' title='bbox 1308 2844 1376 2888; x_wconf 92' lang='lat' dir='ltr'>non</span> <span class='ocrx_word' id='word_1_178' title='bbox 1400 2833 1455 2890; x_wconf 90' lang='lat' dir='ltr'>est</span> 
     </span>
     <span class='ocr_line' id='line_1_20' title="bbox 325 2918 1453 3003; baseline 0 -18"><span class='ocrx_word' id='word_1_179' title='bbox 325 2921 415 2986; x_wconf 90' lang='lat' dir='ltr'>aliud</span> <span class='ocrx_word' id='word_1_180' title='bbox 434 2921 468 2983; x_wconf 93' lang='lat' dir='ltr'>in</span> <span class='ocrx_word' id='word_1_181' title='bbox 488 2919 557 2983; x_wconf 93' lang='lat' dir='ltr'>illo.</span> <span class='ocrx_word' id='word_1_182' title='bbox 604 2918 721 2982; x_wconf 89' lang='lat' dir='ltr'>Homo</span> <span class='ocrx_word' id='word_1_183' title='bbox 741 2928 794 2982; x_wconf 92' lang='lat' dir='ltr'>est</span> <span class='ocrx_word' id='word_1_184' title='bbox 814 2918 992 3000; x_wconf 90' lang='lat' dir='ltr'>recipiens,</span> <span class='ocrx_word' id='word_1_185' title='bbox 1014 2938 1053 2982; x_wconf 89' lang='lat' dir='ltr'>ac</span> <span class='ocrx_word' id='word_1_186' title='bbox 1070 2919 1237 3001; x_wconf 90' lang='lat' dir='ltr'>recipiens</span> <span class='ocrx_word' id='word_1_187' title='bbox 1253 2940 1314 2984; x_wconf 94' lang='lat' dir='ltr'>seu</span> <span class='ocrx_word' id='word_1_188' title='bbox 1333 2939 1453 3003; x_wconf 90' lang='lat' dir='ltr'>recep·</span> 
     </span>
     <span class='ocr_line' id='line_1_21' title="bbox 324 3012 1453 3098; baseline 0.001 -18"><span class='ocrx_word' id='word_1_189' title='bbox 324 3016 477 3082; x_wconf 90' lang='lat' dir='ltr'>taculum</span> <span class='ocrx_word' id='word_1_190' title='bbox 501 3025 556 3080; x_wconf 91' lang='lat' dir='ltr'>est</span> <span class='ocrx_word' id='word_1_191' title='bbox 580 3015 720 3079; x_wconf 90' lang='lat' dir='ltr'>varium.</span> <span class='ocrx_word' id='word_1_192' title='bbox 766 3012 911 3096; x_wconf 89' lang='lat' dir='ltr'>Sapiens</span> <span class='ocrx_word' id='word_1_193' title='bbox 934 3014 1040 3078; x_wconf 90' lang='lat' dir='ltr'>homo</span> <span class='ocrx_word' id='word_1_194' title='bbox 1063 3024 1117 3078; x_wconf 92' lang='lat' dir='ltr'>est</span> <span class='ocrx_word' id='word_1_195' title='bbox 1148 3015 1314 3098; x_wconf 91' lang='lat' dir='ltr'>recipiens</span> <span class='ocrx_word' id='word_1_196' title='bbox 1338 3015 1453 3082; x_wconf 84' lang='lat' dir='ltr'>Divini</span> 
     </span>
     <span class='ocr_line' id='line_1_22' title="bbox 324 3108 1452 3194; baseline -0.002 -18"><span class='ocrx_word' id='word_1_197' title='bbox 324 3112 463 3176; x_wconf 90' lang='lat' dir='ltr'>Amoris</span> <span class='ocrx_word' id='word_1_198' title='bbox 497 3121 532 3176; x_wconf 91' lang='lat' dir='ltr'>et</span> <span class='ocrx_word' id='word_1_199' title='bbox 565 3111 712 3176; x_wconf 92' lang='lat' dir='ltr'>Divinae</span> <span class='ocrx_word' id='word_1_200' title='bbox 741 3108 939 3193; x_wconf 86' lang='lat' dir='ltr'>Sapientiae</span> <span class='ocrx_word' id='word_1_201' title='bbox 969 3109 1203 3194; x_wconf 89' lang='lat' dir='ltr'>adaequatius,</span> <span class='ocrx_word' id='word_1_202' title='bbox 1228 3111 1278 3175; x_wconf 87' lang='lat' dir='ltr'>ita</span> <span class='ocrx_word' id='word_1_203' title='bbox 1307 3110 1452 3194; x_wconf 88' lang='lat' dir='ltr'>plenius,</span> 
     </span>
    </p>
   </div>
   <div class='ocr_carea' id='block_1_6' title="bbox 319 3206 1453 4729">
    <p class='ocr_par' dir='ltr' id='par_1_7' title="bbox 322 3206 1453 3865">
     <span class='ocr_line' id='line_1_23' title="bbox 323 3206 1453 3292; baseline -0.002 -20"><span class='ocrx_word' id='word_1_204' title='bbox 323 3228 425 3292; x_wconf 88' lang='lat' dir='ltr'>quam</span> <span class='ocrx_word' id='word_1_205' title='bbox 442 3207 591 3291; x_wconf 87' lang='lat' dir='ltr'>simplex</span> <span class='ocrx_word' id='word_1_206' title='bbox 608 3207 734 3286; x_wconf 89' lang='lat' dir='ltr'>homo;</span> <span class='ocrx_word' id='word_1_207' title='bbox 758 3226 797 3271; x_wconf 90' lang='lat' dir='ltr'>ac</span> <span class='ocrx_word' id='word_1_208' title='bbox 817 3226 927 3270; x_wconf 90' lang='lat' dir='ltr'>senex</span> <span class='ocrx_word' id='word_1_209' title='bbox 945 3206 1002 3289; x_wconf 94' lang='lat' dir='ltr'>qui</span> <span class='ocrx_word' id='word_1_210' title='bbox 1020 3207 1127 3271; x_wconf 90' lang='lat' dir='ltr'>etiam</span> <span class='ocrx_word' id='word_1_211' title='bbox 1144 3207 1281 3288; x_wconf 89' lang='lat' dir='ltr'>sapiens</span> <span class='ocrx_word' id='word_1_212' title='bbox 1296 3215 1361 3284; x_wconf 87' lang='lat' dir='ltr'>est,</span> <span class='ocrx_word' id='word_1_213' title='bbox 1376 3206 1453 3290; x_wconf 88' lang='lat' dir='ltr'>plus</span> 
     </span>
     <span class='ocr_line' id='line_1_24' title="bbox 323 3301 1452 3388; baseline 0.001 -21"><span class='ocrx_word' id='word_1_214' title='bbox 323 3325 426 3388; x_wconf 89' lang='lat' dir='ltr'>quam</span> <span class='ocrx_word' id='word_1_215' title='bbox 444 3304 556 3369; x_wconf 82' lang='lat' dir='ltr'>inians</span> <span class='ocrx_word' id='word_1_216' title='bbox 575 3314 611 3368; x_wconf 89' lang='lat' dir='ltr'>et</span> <span class='ocrx_word' id='word_1_217' title='bbox 630 3303 733 3386; x_wconf 79' lang='lat' dir='ltr'>puer&#39;;</span> <span class='ocrx_word' id='word_1_218' title='bbox 757 3303 818 3368; x_wconf 91' lang='lat' dir='ltr'>sed</span> <span class='ocrx_word' id='word_1_219' title='bbox 838 3323 945 3385; x_wconf 91' lang='lat' dir='ltr'>usque</span> <span class='ocrx_word' id='word_1_220' title='bbox 965 3301 1126 3365; x_wconf 89' lang='lat' dir='ltr'>Divinum</span> <span class='ocrx_word' id='word_1_221' title='bbox 1145 3312 1199 3367; x_wconf 91' lang='lat' dir='ltr'>est</span> <span class='ocrx_word' id='word_1_222' title='bbox 1218 3302 1311 3367; x_wconf 92' lang='lat' dir='ltr'>idem</span> <span class='ocrx_word' id='word_1_223' title='bbox 1330 3305 1363 3366; x_wconf 93' lang='lat' dir='ltr'>in</span> <span class='ocrx_word' id='word_1_224' title='bbox 1383 3324 1452 3368; x_wconf 93' lang='lat' dir='ltr'>uno</span> 
     </span>
     <span class='ocr_line' id='line_1_25' title="bbox 323 3398 1451 3484; baseline 0 -20"><span class='ocrx_word' id='word_1_225' title='bbox 323 3411 358 3464; x_wconf 90' lang='lat' dir='ltr'>et</span> <span class='ocrx_word' id='word_1_226' title='bbox 387 3402 422 3466; x_wconf 91' lang='lat' dir='ltr'>in</span> <span class='ocrx_word' id='word_1_227' title='bbox 446 3402 567 3466; x_wconf 89' lang='lat' dir='ltr'>altero.</span> <span class='ocrx_word' id='word_1_228' title='bbox 613 3399 778 3466; x_wconf 90' lang='lat' dir='ltr'>Similiter</span> <span class='ocrx_word' id='word_1_229' title='bbox 804 3421 849 3463; x_wconf 87' lang='lat' dir='ltr'>ex</span> <span class='ocrx_word' id='word_1_230' title='bbox 879 3399 1082 3482; x_wconf 88' lang='lat' dir='ltr'>apparentia</span> <span class='ocrx_word' id='word_1_231' title='bbox 1109 3409 1164 3463; x_wconf 91' lang='lat' dir='ltr'>est</span> <span class='ocrx_word' id='word_1_232' title='bbox 1189 3398 1336 3476; x_wconf 86' lang='lat' dir='ltr'>fallacia,</span> <span class='ocrx_word' id='word_1_233' title='bbox 1361 3399 1451 3484; x_wconf 92' lang='lat' dir='ltr'>quod</span> 
     </span>
     <span class='ocr_line' id='line_1_26' title="bbox 323 3492 1451 3577; baseline 0.001 -18"><span class='ocrx_word' id='word_1_234' title='bbox 323 3496 485 3560; x_wconf 90' lang='lat' dir='ltr'>Divinum</span> <span class='ocrx_word' id='word_1_235' title='bbox 509 3498 553 3560; x_wconf 86' lang='lat' dir='ltr'>sit</span> <span class='ocrx_word' id='word_1_236' title='bbox 577 3497 707 3560; x_wconf 90' lang='lat' dir='ltr'>varium</span> <span class='ocrx_word' id='word_1_237' title='bbox 731 3495 822 3577; x_wconf 91' lang='lat' dir='ltr'>apud</span> <span class='ocrx_word' id='word_1_238' title='bbox 841 3493 987 3577; x_wconf 85' lang='lat' dir='ltr'>angelos</span> <span class='ocrx_word' id='word_1_239' title='bbox 1010 3492 1096 3557; x_wconf 90' lang='lat' dir='ltr'>caeli</span> <span class='ocrx_word' id='word_1_240' title='bbox 1119 3503 1155 3559; x_wconf 90' lang='lat' dir='ltr'>et</span> <span class='ocrx_word' id='word_1_241' title='bbox 1180 3494 1270 3575; x_wconf 92' lang='lat' dir='ltr'>apud</span> <span class='ocrx_word' id='word_1_242' title='bbox 1294 3494 1451 3560; x_wconf 89' lang='lat' dir='ltr'>homines</span> 
     </span>
     <span class='ocr_line' id='line_1_27' title="bbox 323 3589 1450 3674; baseline 0.001 -19"><span class='ocrx_word' id='word_1_243' title='bbox 323 3592 467 3668; x_wconf 91' lang='lat' dir='ltr'>telluris,</span> <span class='ocrx_word' id='word_1_244' title='bbox 489 3593 566 3674; x_wconf 92' lang='lat' dir='ltr'>quia</span> <span class='ocrx_word' id='word_1_245' title='bbox 589 3591 705 3674; x_wconf 86' lang='lat' dir='ltr'>angeli</span> <span class='ocrx_word' id='word_1_246' title='bbox 725 3590 811 3655; x_wconf 92' lang='lat' dir='ltr'>caeli</span> <span class='ocrx_word' id='word_1_247' title='bbox 834 3592 868 3654; x_wconf 93' lang='lat' dir='ltr'>in</span> <span class='ocrx_word' id='word_1_248' title='bbox 892 3591 1064 3672; x_wconf 90' lang='lat' dir='ltr'>sapientia</span> <span class='ocrx_word' id='word_1_249' title='bbox 1082 3589 1245 3655; x_wconf 85' lang='lat' dir='ltr'>ineffabili</span> <span class='ocrx_word' id='word_1_250' title='bbox 1268 3601 1359 3668; x_wconf 91' lang='lat' dir='ltr'>sunt,</span> <span class='ocrx_word' id='word_1_251' title='bbox 1380 3611 1450 3656; x_wconf 92' lang='lat' dir='ltr'>non</span> 
     </span>
     <span class='ocr_line' id='line_1_28' title="bbox 322 3685 1450 3770; baseline -0.001 -19"><span class='ocrx_word' id='word_1_252' title='bbox 322 3689 371 3751; x_wconf 90' lang='lat' dir='ltr'>ita</span> <span class='ocrx_word' id='word_1_253' title='bbox 389 3687 567 3766; x_wconf 90' lang='lat' dir='ltr'>homines;</span> <span class='ocrx_word' id='word_1_254' title='bbox 591 3687 652 3751; x_wconf 92' lang='lat' dir='ltr'>sed</span> <span class='ocrx_word' id='word_1_255' title='bbox 673 3707 843 3770; x_wconf 89' lang='lat' dir='ltr'>apparens</span> <span class='ocrx_word' id='word_1_256' title='bbox 862 3688 992 3750; x_wconf 90' lang='lat' dir='ltr'>varium</span> <span class='ocrx_word' id='word_1_257' title='bbox 1012 3696 1067 3750; x_wconf 92' lang='lat' dir='ltr'>est</span> <span class='ocrx_word' id='word_1_258' title='bbox 1090 3687 1123 3750; x_wconf 89' lang='lat' dir='ltr'>in</span> <span class='ocrx_word' id='word_1_259' title='bbox 1147 3685 1309 3770; x_wconf 70' lang='lat' dir='ltr'>subjeetis</span> <span class='ocrx_word' id='word_1_260' title='bbox 1328 3707 1450 3752; x_wconf 88' lang='lat' dir='ltr'>secun·</span> 
     </span>
     <span class='ocr_line' id='line_1_29' title="bbox 322 3781 1275 3865; baseline 0 -19"><span class='ocrx_word' id='word_1_261' title='bbox 322 3783 403 3846; x_wconf 91' lang='lat' dir='ltr'>dum</span> <span class='ocrx_word' id='word_1_262' title='bbox 422 3783 523 3865; x_wconf 89' lang='lat' dir='ltr'>quale</span> <span class='ocrx_word' id='word_1_263' title='bbox 542 3783 750 3863; x_wconf 88' lang='lat' dir='ltr'>receptionis</span> <span class='ocrx_word' id='word_1_264' title='bbox 771 3781 896 3858; x_wconf 88' lang='lat' dir='ltr'>Divini,</span> <span class='ocrx_word' id='word_1_265' title='bbox 917 3791 953 3846; x_wconf 90' lang='lat' dir='ltr'>et</span> <span class='ocrx_word' id='word_1_266' title='bbox 974 3784 1094 3845; x_wconf 92' lang='lat' dir='ltr'>nonin</span> <span class='ocrx_word' id='word_1_267' title='bbox 1114 3781 1275 3846; x_wconf 92' lang='lat' dir='ltr'>Domin0.</span> 
     </span>
    </p>

    <p class='ocr_par' dir='ltr' id='par_1_8' title="bbox 319 3877 1451 4729">
     <span class='ocr_line' id='line_1_30' title="bbox 385 3877 1450 3961; baseline 0 -19"><span class='ocrx_word' id='word_1_268' title='bbox 385 3888 457 3960; x_wconf 81' lang='grc'>79.</span> <span class='ocrx_word' id='word_1_269' title='bbox 489 3877 590 3961; x_wconf 85' lang='lat' dir='ltr'>Quod</span> <span class='ocrx_word' id='word_1_270' title='bbox 609 3879 770 3943; x_wconf 91' lang='lat' dir='ltr'>Divinum</span> <span class='ocrx_word' id='word_1_271' title='bbox 786 3879 831 3943; x_wconf 90' lang='lat' dir='ltr'>sit</span> <span class='ocrx_word' id='word_1_272' title='bbox 847 3879 940 3942; x_wconf 91' lang='lat' dir='ltr'>idem</span> <span class='ocrx_word' id='word_1_273' title='bbox 956 3879 989 3941; x_wconf 89' lang='lat' dir='ltr'>in</span> <span class='ocrx_word' id='word_1_274' title='bbox 1009 3879 1169 3943; x_wconf 90' lang='lat' dir='ltr'>maximis</span> <span class='ocrx_word' id='word_1_275' title='bbox 1185 3889 1221 3943; x_wconf 92' lang='lat' dir='ltr'>et</span> <span class='ocrx_word' id='word_1_276' title='bbox 1240 3881 1273 3942; x_wconf 94' lang='lat' dir='ltr'>in</span> <span class='ocrx_word' id='word_1_277' title='bbox 1292 3879 1450 3957; x_wconf 88' lang='lat' dir='ltr'>minimis,</span> 
     </span>
     <span class='ocr_line' id='line_1_31' title="bbox 321 3974 1450 4058; baseline -0.001 -20"><span class='ocrx_word' id='word_1_278' title='bbox 321 3974 485 4039; x_wconf 90' lang='lat' dir='ltr'>illustrari</span> <span class='ocrx_word' id='word_1_279' title='bbox 504 3985 624 4057; x_wconf 92' lang='lat' dir='ltr'>potest</span> <span class='ocrx_word' id='word_1_280' title='bbox 648 3996 694 4039; x_wconf 88' lang='lat' dir='ltr'>ex</span> <span class='ocrx_word' id='word_1_281' title='bbox 718 3974 816 4039; x_wconf 91' lang='lat' dir='ltr'>caelo</span> <span class='ocrx_word' id='word_1_282' title='bbox 840 3984 877 4039; x_wconf 94' lang='lat' dir='ltr'>et</span> <span class='ocrx_word' id='word_1_283' title='bbox 906 3996 952 4038; x_wconf 83' lang='lat' dir='ltr'>ex</span> <span class='ocrx_word' id='word_1_284' title='bbox 976 3975 1104 4058; x_wconf 89' lang='lat' dir='ltr'>angelo</span> <span class='ocrx_word' id='word_1_285' title='bbox 1122 3975 1179 4039; x_wconf 92' lang='lat' dir='ltr'>ibi.</span> <span class='ocrx_word' id='word_1_286' title='bbox 1224 3974 1387 4039; x_wconf 91' lang='lat' dir='ltr'>Divinum</span> <span class='ocrx_word' id='word_1_287' title='bbox 1416 3975 1450 4039; x_wconf 94' lang='lat' dir='ltr'>in</span> 
     </span>
     <span class='ocr_line' id='line_1_32' title="bbox 320 4069 1450 4153; baseline -0.002 -19"><span class='ocrx_word' id='word_1_288' title='bbox 320 4079 400 4135; x_wconf 92' lang='lat' dir='ltr'>toto</span> <span class='ocrx_word' id='word_1_289' title='bbox 420 4070 520 4134; x_wconf 91' lang='lat' dir='ltr'>caelo</span> <span class='ocrx_word' id='word_1_290' title='bbox 539 4081 575 4134; x_wconf 92' lang='lat' dir='ltr'>et</span> <span class='ocrx_word' id='word_1_291' title='bbox 595 4070 756 4135; x_wconf 91' lang='lat' dir='ltr'>Divinum</span> <span class='ocrx_word' id='word_1_292' title='bbox 786 4070 819 4135; x_wconf 95' lang='lat' dir='ltr'>in</span> <span class='ocrx_word' id='word_1_293' title='bbox 843 4069 971 4153; x_wconf 90' lang='lat' dir='ltr'>angelo</span> <span class='ocrx_word' id='word_1_294' title='bbox 994 4080 1048 4134; x_wconf 93' lang='lat' dir='ltr'>est</span> <span class='ocrx_word' id='word_1_295' title='bbox 1071 4070 1183 4149; x_wconf 90' lang='lat' dir='ltr'>idem;</span> <span class='ocrx_word' id='word_1_296' title='bbox 1217 4090 1321 4152; x_wconf 90' lang='lat' dir='ltr'>quare</span> <span class='ocrx_word' id='word_1_297' title='bbox 1345 4071 1450 4133; x_wconf 91' lang='lat' dir='ltr'>etiam</span> 
     </span>
     <span class='ocr_line' id='line_1_33' title="bbox 321 4164 1451 4250; baseline -0.002 -18"><span class='ocrx_word' id='word_1_298' title='bbox 321 4176 436 4233; x_wconf 92' lang='lat' dir='ltr'>totum</span> <span class='ocrx_word' id='word_1_299' title='bbox 459 4165 592 4231; x_wconf 90' lang='lat' dir='ltr'>caelum</span> <span class='ocrx_word' id='word_1_300' title='bbox 616 4186 780 4250; x_wconf 89' lang='lat' dir='ltr'>apparere</span> <span class='ocrx_word' id='word_1_301' title='bbox 804 4176 921 4248; x_wconf 89' lang='lat' dir='ltr'>potest</span> <span class='ocrx_word' id='word_1_302' title='bbox 952 4177 990 4231; x_wconf 92' lang='lat' dir='ltr'>ut</span> <span class='ocrx_word' id='word_1_303' title='bbox 1020 4187 1106 4230; x_wconf 91' lang='lat' dir='ltr'>unus</span> <span class='ocrx_word' id='word_1_304' title='bbox 1130 4166 1286 4249; x_wconf 84' lang='lat' dir='ltr'>angelus.</span> <span class='ocrx_word' id='word_1_305' title='bbox 1332 4164 1451 4231; x_wconf 90' lang='lat' dir='ltr'>Simile</span> 
     </span>
     <span class='ocr_line' id='line_1_34' title="bbox 320 4261 1450 4345; baseline -0.003 -18"><span class='ocrx_word' id='word_1_306' title='bbox 320 4273 374 4328; x_wconf 94' lang='lat' dir='ltr'>est</span> <span class='ocrx_word' id='word_1_307' title='bbox 393 4281 471 4328; x_wconf 90' lang='lat' dir='ltr'>eum</span> <span class='ocrx_word' id='word_1_308' title='bbox 492 4262 649 4340; x_wconf 90' lang='lat' dir='ltr'>ecclesia,</span> <span class='ocrx_word' id='word_1_309' title='bbox 671 4273 706 4326; x_wconf 92' lang='lat' dir='ltr'>et</span> <span class='ocrx_word' id='word_1_310' title='bbox 726 4281 802 4326; x_wconf 93' lang='lat' dir='ltr'>cum</span> <span class='ocrx_word' id='word_1_311' title='bbox 821 4263 962 4326; x_wconf 90' lang='lat' dir='ltr'>homine</span> <span class='ocrx_word' id='word_1_312' title='bbox 981 4261 1062 4345; x_wconf 92' lang='lat' dir='ltr'>ejus.</span> <span class='ocrx_word' id='word_1_313' title='bbox 1108 4261 1301 4326; x_wconf 89' lang='lat' dir='ltr'>Maximum</span> <span class='ocrx_word' id='word_1_314' title='bbox 1324 4262 1358 4325; x_wconf 92' lang='lat' dir='ltr'>in</span> <span class='ocrx_word' id='word_1_315' title='bbox 1382 4281 1450 4344; x_wconf 92' lang='lat' dir='ltr'>quo</span> 
     </span>
     <span class='ocr_line' id='line_1_35' title="bbox 319 4357 1449 4437; baseline -0.004 -14"><span class='ocrx_word' id='word_1_316' title='bbox 319 4369 374 4423; x_wconf 88' lang='lat' dir='ltr'>est</span> <span class='ocrx_word' id='word_1_317' title='bbox 399 4360 572 4436; x_wconf 89' lang='lat' dir='ltr'>Divinum,</span> <span class='ocrx_word' id='word_1_318' title='bbox 597 4369 652 4424; x_wconf 91' lang='lat' dir='ltr'>est</span> <span class='ocrx_word' id='word_1_319' title='bbox 682 4369 794 4424; x_wconf 91' lang='lat' dir='ltr'>totum</span> <span class='ocrx_word' id='word_1_320' title='bbox 819 4358 953 4422; x_wconf 91' lang='lat' dir='ltr'>caelum</span> <span class='ocrx_word' id='word_1_321' title='bbox 983 4367 1019 4422; x_wconf 92' lang='lat' dir='ltr'>et</span> <span class='ocrx_word' id='word_1_322' title='bbox 1051 4358 1151 4422; x_wconf 90' lang='lat' dir='ltr'>simul</span> <span class='ocrx_word' id='word_1_323' title='bbox 1183 4367 1260 4423; x_wconf 90' lang='lat' dir='ltr'>tota</span> <span class='ocrx_word' id='word_1_324' title='bbox 1283 4357 1449 4437; x_wconf 86' lang='lat' dir='ltr'>ecclesia3</span> 
     </span>
     <span class='ocr_line' id='line_1_36' title="bbox 320 4452 1449 4537; baseline -0.002 -19"><span class='ocrx_word' id='word_1_325' title='bbox 320 4456 497 4520; x_wconf 90' lang='lat' dir='ltr'>minimum</span> <span class='ocrx_word' id='word_1_326' title='bbox 514 4465 568 4519; x_wconf 90' lang='lat' dir='ltr'>est</span> <span class='ocrx_word' id='word_1_327' title='bbox 587 4455 732 4537; x_wconf 86' lang='lat' dir='ltr'>angelus</span> <span class='ocrx_word' id='word_1_328' title='bbox 749 4454 835 4519; x_wconf 90' lang='lat' dir='ltr'>caeli</span> <span class='ocrx_word' id='word_1_329' title='bbox 852 4465 888 4520; x_wconf 91' lang='lat' dir='ltr'>et</span> <span class='ocrx_word' id='word_1_330' title='bbox 906 4455 1012 4519; x_wconf 89' lang='lat' dir='ltr'>homo</span> <span class='ocrx_word' id='word_1_331' title='bbox 1028 4455 1205 4519; x_wconf 90' lang='lat' dir='ltr'>ecclesiae.</span> <span class='ocrx_word' id='word_1_332' title='bbox 1251 4452 1449 4536; x_wconf 87' lang='lat' dir='ltr'>Aliquoties</span> 
     </span>
     <span class='ocr_line' id='line_1_37' title="bbox 320 4549 1449 4634; baseline -0.003 -18"><span class='ocrx_word' id='word_1_333' title='bbox 320 4551 478 4633; x_wconf 89' lang='lat' dir='ltr'>apparuit</span> <span class='ocrx_word' id='word_1_334' title='bbox 499 4550 581 4614; x_wconf 91' lang='lat' dir='ltr'>mihi</span> <span class='ocrx_word' id='word_1_335' title='bbox 604 4552 741 4634; x_wconf 89' lang='lat' dir='ltr'>integra</span> <span class='ocrx_word' id='word_1_336' title='bbox 760 4552 909 4616; x_wconf 91' lang='lat' dir='ltr'>societas</span> <span class='ocrx_word' id='word_1_337' title='bbox 929 4550 1016 4615; x_wconf 89' lang='lat' dir='ltr'>caeli</span> <span class='ocrx_word' id='word_1_338' title='bbox 1039 4552 1130 4615; x_wconf 90' lang='lat' dir='ltr'>sicut</span> <span class='ocrx_word' id='word_1_339' title='bbox 1152 4571 1238 4615; x_wconf 91' lang='lat' dir='ltr'>unus</span> <span class='ocrx_word' id='word_1_340' title='bbox 1257 4549 1363 4614; x_wconf 92' lang='lat' dir='ltr'>homo</span> <span class='ocrx_word' id='word_1_341' title='bbox 1387 4567 1449 4613; x_wconf 89' lang='lat' dir='ltr'>an·</span> 
     </span>
     <span class='ocr_line' id='line_1_38' title="bbox 320 4643 1448 4729; baseline -0.003 -19"><span class='ocrx_word' id='word_1_342' title='bbox 320 4647 438 4729; x_wconf 90' lang='lat' dir='ltr'>gelus;</span> <span class='ocrx_word' id='word_1_343' title='bbox 463 4655 499 4711; x_wconf 86' lang='lat' dir='ltr'>et</span> <span class='ocrx_word' id='word_1_344' title='bbox 516 4643 644 4710; x_wconf 65' lang='lat' dir='ltr'>dietum</span> <span class='ocrx_word' id='word_1_345' title='bbox 661 4647 754 4724; x_wconf 87' lang='lat' dir='ltr'>quod</span> <span class='ocrx_word' id='word_1_346' title='bbox 770 4667 934 4724; x_wconf 86' lang='lat' dir='ltr'>apparere</span> <span class='ocrx_word' id='word_1_347' title='bbox 951 4647 1061 4724; x_wconf 85' lang='lat' dir='ltr'>possit</span> <span class='ocrx_word' id='word_1_348' title='bbox 1079 4646 1168 4712; x_wconf 90' lang='lat' dir='ltr'>sicut</span> <span class='ocrx_word' id='word_1_349' title='bbox 1185 4645 1290 4710; x_wconf 91' lang='lat' dir='ltr'>homo</span> <span class='ocrx_word' id='word_1_350' title='bbox 1302 4663 1448 4726; x_wconf 82' lang='lat' dir='ltr'>magnus</span> 
     </span>
    </p>
   </div>
   <div class='ocr_carea' id='block_1_7' title="bbox 0 0 1676 5402">
    <p class='ocr_par' dir='ltr' id='par_1_9' title="bbox 0 0 1676 5402">
     <span class='ocr_line' id='line_1_39' title="bbox 0 0 1676 5402; baseline 0 4"><span class='ocrx_word' id='word_1_351' title='bbox 0 0 1676 5402; x_wconf 95' lang='lat' dir='ltr'> </span> 
     </span>
    </p>
   </div>
  </div>
 </body>
</html>
