3418 5370
315 647 377 712 262
667 661 872 714 sensnm
895 663 1091 716 auosucn

313 834 405 918 priae
422 834 675 916 intelligentiae
692 845 783 913 sunt,
799 835 834 900 in
849 835 1002 916 insern03
1027 841 1085 904 [3.]
1105 857 1164 921 per
1179 836 1444 906 damnationem

315 929 538 1013 “serpentis'’
561 931 776 1014 significatur
799 932 978 996 damnatio
1001 933 1127 1016 proprii
1151 935 1278 998 amoris
1301 945 1337 999 et
1361 957 1442 1019 pro-

312 1027 405 1107 priae
424 1025 690 1110 intelligentiae,
711 1047 771 1111 per
791 1028 1051 1094 damnationem
1073 1027 1281 1093 “Chaivae”
1296 1030 1442 1095 damna·

312 1122 363 1185 tio
396 1123 523 1205 proprii
556 1122 753 1198 voluntarii,
789 1133 824 1188 et
862 1144 923 1207 per
956 1125 1218 1188 damnationem
1254 1124 1444 1190 “Adami”

311 1217 490 1280 damnatio
507 1218 635 1302 proprii
653 1216 910 1295 intellectualis,
929 1239 989 1302 per
1007 1221 1171 1303 “spinam
1188 1230 1225 1284 et
1245 1219 1444 1298 tribulum,”

310 1333 398 1396 quae
429 1324 520 1377 terra
550 1314 758 1395 germinabit
789 1314 850 1391 illi,
881 1313 1094 1397 significatur
1123 1336 1216 1380 mere
1248 1316 1372 1381 salsum
1401 1326 1441 1383 et

310 1408 459 1484 malum;
484 1429 544 1491 per
561 1406 792 1491 “ejectionem
809 1431 856 1473 ex
872 1409 999 1474 horto”
1016 1411 1230 1493 significatur
1245 1412 1443 1494 deprivatio

310 1505 522 1586 sapientiae;
554 1524 615 1587 per
640 1507 942 1569 “custoditionem
968 1507 1044 1570 viae
1074 1507 1118 1570 ad
1141 1508 1299 1572 arborem
1323 1506 1443 1572 vitae’'

309 1599 422 1664 tutela
440 1599 578 1665 Domini
595 1621 637 1664 ne
657 1599 777 1666 sanita
793 1602 901 1666 Verbi
919 1611 955 1666 et
975 1603 1143 1667 ecclesiae
1159 1603 1353 1682 violentur;
1378 1625 1443 1688 per

313 1695 422 1760 “lolia
452 1696 561 1762 licus”
583 1718 644 1781 per
676 1719 763 1782 quae
794 1708 960 1763 texerunt
989 1700 1177 1776 nuditates,
1201 1699 1442 1782 significantur

309 1812 389 1855 vera
409 1792 562 1868 moralia,
582 1814 643 1876 per
662 1814 748 1876 quae
769 1793 928 1858 velantur
948 1793 1007 1856 illa
1026 1814 1113 1877 quae
1130 1797 1256 1858 amoris
1276 1806 1312 1860 et
1331 1796 1442 1861 lastus

309 1908 425 1950 eorum
443 1899 544 1967 sunt;
567 1897 603 1951 et
621 1909 681 1972 per
699 1890 864 1953 “tunicas
881 1889 1014 1973 pellis,'’
1029 1891 1150 1973 quibus
1170 1899 1292 1974 postea
1307 1893 1436 1955 vestie·

309 1981 445 2057 bantur,
470 1985 694 2066 apparentiae
719 1985 801 2060 veri,
826 1985 860 2048 in
893 1985 1015 2067 quibus
1039 1985 1123 2048 solis
1147 1996 1237 2048 sunt.
1283 1985 1349 2050 Hic
1381 1995 1436 2052 est

308 2076 506 2141 intelledtus
530 2079 667 2142 illorum
695 2079 891 2160 spiritualis.
937 2078 1006 2144 Sed
1038 2090 1178 2145 maneat
1210 2082 1267 2164 qui
1296 2081 1371 2146 vult
1400 2083 1438 2146 in

309 2193 411 2236 sensu
431 2174 579 2250 litterae,
599 2175 687 2238 sciat
708 2177 812 2239 modo
831 2176 923 2259 quod
942 2176 1001 2240 ille
1020 2177 1053 2240 in
1073 2177 1173 2240 caelo
1191 2177 1240 2241 ita
1259 2177 1437 2261 intelliga-

307 2278 373 2333 tur.

371 2381 469 2450 314.
499 2365 630 2449 Quales
657 2377 737 2430 sunt
768 2367 829 2442 illi,
854 2368 910 2450 qui
933 2367 1093 2432 infatuati
1115 2378 1195 2432 sunt
1224 2389 1270 2432 ex
1298 2369 1438 2452 propria

307 2460 554 2544 intelligentia,
579 2473 740 2526 constare
764 2473 882 2545 potest
906 2485 950 2527 ex
983 2461 1145 2528 ¹¹¹illorum
1169 2465 1377 2546 imaginariis
1399 2467 1435 2530 in

307 2557 407 2619 rebus
443 2557 615 2622 interioris
644 2557 784 2639 judicii;
822 2579 884 2642 pro
920 2559 1096 2642 exemplo,
1133 2560 1177 2624 de
1213 2560 1354 2635 influxu,
1390 2561 1439 2626 de

306 2653 534 2734 cogitatione,
560 2655 670 2737 deque
693 2656 776 2718 vita.
822 2653 875 2718 De
891 2653 1028 2738 Influxit
1050 2657 1187 2719 inverse
1206 2658 1378 2738 cogitant,
1395 2667 1435 2722 ut

307 2749 397 2828 quod
415 2750 506 2811 visus
529 2750 618 2813 oculi
642 2749 758 2815 influat
781 2751 814 2813 in
830 2752 939 2812 visum
959 2750 1134 2814 internum
1154 2755 1280 2816 mentis
1299 2755 1354 2836 qui
1378 2763 1436 2819 est

305 2844 523 2925 intellectum
556 2857 591 2910 et
616 2848 707 2930 quod
731 2849 866 2911 auditus
891 2849 979 2911 auris
1002 2848 1121 2912 influat
1142 2848 1177 2912 in
1201 2850 1356 2914 auditum
1379 2854 1433 2914 in·

305 2950 451 3014 ternum,
470 2943 526 3025 qui
546 2943 651 3005 etiam
671 2953 725 3006 est
744 2941 963 3020 intelleiius;
988 2954 1025 3008 et
1045 2964 1113 3007 non
1130 2946 1321 3027 percipiunt
1341 2946 1435 3029 quod

305 3034 503 3101 intellectus
522 3059 567 3101 ex
587 3038 769 3102 voluntate
785 3039 904 3102 influat
924 3040 958 3103 in
978 3039 1116 3102 oculum
1134 3049 1172 3104 et
1195 3041 1228 3104 in
1248 3060 1376 3116 aurem,
1395 3052 1435 3106 et

305 3153 373 3195 non
394 3135 498 3196 modo
515 3134 620 3197 saciat
640 3133 719 3197 illos
735 3155 867 3208 sensus,
885 3135 1068 3198 sedetiam
1086 3144 1204 3198 utatur
1222 3135 1289 3198 illis
1308 3145 1346 3200 ut
1364 3139 1437 3200 suis

303 3229 543 3292 instrumentis
573 3231 607 3291 in
636 3229 781 3293 naturali
805 3230 944 3292 mundo.
989 3227 1057 3294 Sed
1085 3231 1164 3313 quia
1191 3231 1257 3295 hoc
1285 3250 1353 3295 non
1376 3252 1431 3296 se·

304 3326 453 3388 cundum
475 3326 712 3417 apparentiam
744 3334 809 3400 est,
838 3345 907 3388 non
931 3327 1135 3408 percipiunt,
1160 3325 1380 3390 solummodo
1403 3329 1435 3392 si

303 3421 438 3496 dicitur,
458 3421 550 3503 quod
574 3420 732 3485 naturale
756 3441 825 3484 non
849 3421 968 3484 influat
992 3421 1024 3483 in
1049 3421 1236 3504 spirituale,
1254 3423 1315 3486 sed
1339 3421 1434 3506 quod

303 3514 481 3599 spirituale
514 3517 548 3579 in
583 3516 762 3594 naturale3
795 3525 831 3580 at
862 3537 968 3599 usque
1000 3526 1083 3580 tunc
1111 3517 1280 3599 cogitant,
1307 3515 1432 3599 “Quid

302 3611 480 3693 spirituale
500 3611 563 3674 nisi
583 3631 684 3694 quam
703 3613 817 3694 purius
833 3611 991 3676 naturale
1004 3611 1034 3675 ?”
1057 3611 1303 3676 tum“Annon
1323 3634 1431 3698 appa·

301 3716 354 3769 ret
375 3708 466 3788 quod
491 3708 518 3769 si
543 3707 661 3770 oculus
680 3708 775 3770 videt
795 3706 934 3789 aliquod
954 3706 1146 3791 pulchrum,
1167 3717 1202 3772 et
1225 3710 1316 3772 auris
1335 3710 1433 3776 audit

301 3802 439 3884 aliquod
459 3801 706 3877 harmonicum,
724 3823 832 3878 mens,
852 3823 940 3886 quae
959 3812 1014 3868 est
1034 3801 1233 3868 intellectus
1252 3812 1289 3868 et
1307 3804 1433 3870 volun·

301 3908 366 3972 tas,
388 3895 578 3961 delectetur
589 3897 618 3961 ?''
642 3918 710 3962 non
731 3901 882 3963 scientes
900 3900 992 3982 quod
1012 3900 1131 3963 oculus
1154 3920 1223 3964 non
1242 3901 1360 3965 videat
1384 3923 1432 3966 ex

300 4015 348 4068 se,
374 4013 437 4057 nec
463 3994 582 4077 lingua
604 4005 724 4076 gustet
747 4017 793 4058 ex
818 4017 866 4071 se,
891 4015 955 4062 nec
979 4014 1079 4059 nares
1102 3996 1251 4062 odorent
1275 4018 1320 4061 ex
1347 3995 1431 4081 [se],

300 4110 362 4153 nec
381 4090 530 4155 cuticula
547 4093 676 4154 sentiat
696 4109 741 4154 ex
761 4113 819 4170 se;
843 4092 903 4154 sed
921 4092 1013 4175 quod
1033 4093 1078 4156 sit
1095 4110 1194 4156 mens
1213 4113 1274 4158 seu
1290 4095 1432 4176 spiritus

298 4185 458 4261 hominis,
478 4189 534 4270 qui
559 4187 617 4249 illa
640 4187 685 4250 ibi
709 4208 812 4250 sensu
835 4189 992 4270 percipit,
1017 4197 1054 4251 et
1084 4209 1130 4251 ex
1154 4188 1215 4251 illo
1239 4191 1429 4254 secundum

298 4282 399 4364 quale
429 4282 500 4363 ejus
528 4281 695 4360 afficitur;
728 4283 789 4345 sed
817 4303 923 4365 usque
952 4284 1044 4366 quod
1073 4303 1171 4348 mens
1198 4305 1258 4347 seu
1289 4285 1430 4367 spiritus

298 4377 446 4441 hominis
464 4398 532 4442 non
549 4379 679 4441 sentiat
696 4378 755 4441 illa
771 4399 790 4440 a
808 4399 855 4454 se,
874 4378 935 4442 sed
951 4398 971 4441 a
988 4379 1151 4454 Domino,
1169 4388 1205 4443 et
1221 4379 1313 4463 quod
1329 4379 1430 4444 aliter

299 4474 465 4554 cogitare,
491 4475 536 4537 sit
560 4495 604 4537 ex
628 4475 850 4556 apparentiis,
872 4484 908 4537 et
932 4474 960 4536 si
984 4473 1242 4550 confirmantur,
1259 4494 1306 4538 ex
1328 4473 1430 4540 salla·

298 4569 369 4630 ciis.
415 4576 472 4635 [2.]
504 4569 556 4631 De
579 4567 798 4650 Cogitatione,
817 4569 946 4644 dicunt,
965 4569 1056 4652 quod
1073 4571 1117 4634 sit
1136 4570 1276 4653 aliquod
1293 4569 1427 4634 modifi-

200 4666 203 4678 '
297 4674 413 4725 catum
433 4663 466 4726 in
486 4685 576 4740 aere,
596 4665 766 4728 variatum
786 4665 975 4728 secundum
995 4661 1142 4747 objei'ia,
1163 4674 1199 4732 et
1219 4666 1427 4749 ampliatum
