3344 5402
493 685 544 736 DE
569 683 707 737 mleo
730 682 875 748 AMORE,
901 683 993 733 PARS
1018 683 1122 732 l.-N.
1141 685 1191 747 40.
1368 681 1403 750 15

281 856 373 940 apud
392 855 542 931 Esaiam,

330 967 438 1017 Sedebit
451 969 554 1030 “super
571 967 669 1016 throno
688 966 809 1029 Davidis,
826 975 856 1019 et
872 982 954 1032 super
971 981 1001 1018 re
1021 981 1057 1017 uo
1075 965 1144 1027 e'us,
1159 967 1193 1016 ed
1211 965 1404 1017 stabiliendum

410 1033 488 1082 illud.
499 1069 505 1082 .
515 1033 555 1084 .in
567 1033 668 1096 judicio
680 1043 707 1083 et
719 1034 746 1084 in
759 1031 885 1098 justitia”
897 1033 942 1096 (ix.
956 1033 973 1083 6
986 1029 997 1098 [
1024 1035 1066 1085 A.
1077 1043 1091 1092 7
1106 1032 1132 1093 );

282 1135 373 1219 apud
392 1136 551 1212 eundern,
602 1171 606 1180 ·

332 1239 762 1368 “Exaptetu'rrJppovah,...quie
787 1242 937 1308 implerit”
957 1251 1057 1294 terrem
1078 1241 1200 1306 “judicio
1227 1251 1255 1292 et
1275 1237 1406 1306 justltla'’

424 1321 487 1356 xxxi
499 1321 516 1356 r.
564 1322 571 1358 r

281 1407 373 1488 apud
391 1406 567 1483 Davidem,

330 1520 420 1572 “Cum
433 1523 552 1572 didicero
564 1523 664 1586 judicia
675 1523 795 1587 justitiae
808 1535 870 1575 tuae
884 1538 902 1576 ε.
912 1562 919 1576 .
929 1563 935 1575 .
946 1526 1059 1588 septies
1072 1525 1100 1574 in
1114 1524 1158 1574 die
1170 1523 1252 1574 laudo
1265 1523 1306 1573 Te
1320 1533 1405 1587 super

411 1588 517 1651 judiciis
529 1588 649 1652 justitiae
661 1599 723 1639 tuae
733 1589 748 1612 '¹
760 1590 816 1652 (Pr.
829 1591 898 1642 cxix.
912 1603 934 1652 7,
947 1587 1048 1653 1¹1164);

278 1710 397 1777 Simile
410 1735 471 1796 per
483 1715 617 1778 “vitam
629 1715 643 1740 ”
653 1725 688 1778 et
704 1721 723 1748 ‘⁴
735 1714 871 1779 lucem''
880 1715 1084 1798 intelligitur
1097 1715 1188 1799 apud
1200 1712 1403 1791 Johannem,

428 1842 483 1896 “lu
498 1843 562 1909 Ipso
574 1845 638 1895 Vite
649 1855 713 1906 erat,
726 1855 754 1895 et
765 1845 829 1897 Vite
840 1856 898 1897 eret
910 1845 967 1897 Lux
979 1847 1120 1896 hominum
1128 1843 1144 1868 '¹
1153 1845 1180 1908 (i.
1188 1846 1229 1907 4):

279 1993 341 2057 per
362 1975 500 2038 “vitam
511 1973 526 2000 ’²
541 1976 587 2038 ibi
605 1976 813 2058 intelligitur
828 1976 971 2040 Divinus
986 1975 1098 2040 Amor
1117 1976 1268 2052 Domini,
1286 1983 1323 2040 et
1342 1993 1405 2059 per

282 2069 422 2134 “lucem
431 2068 447 2094 ’²
466 2069 591 2132 Divina
614 2068 791 2153 Sapientia
810 2071 931 2154 Ipsius.
976 2069 1095 2136 Simile
1114 2072 1220 2136 etiam
1241 2090 1302 2155 per
1322 2069 1404 2137 “vl-

278 2163 376 2229 tam’'
394 2174 431 2230 et
452 2165 637 2248 “spiritum
647 2163 663 2190 ”
681 2165 772 2247 apud
790 2165 992 2242 Johannem,

327 2297 408 2364 Jesus
421 2299 495 2358 dixit,
505 2297 617 2348 “Verba
629 2313 697 2363 quae
709 2312 761 2362 ego
773 2299 869 2362 loquor
878 2299 955 2348 vobis
964 2299 1076 2362 spiritus
1089 2309 1116 2350 et
1128 2300 1185 2349 viu
1195 2308 1261 2350 sunt
1270 2297 1340 2361 ”(vi.
1349 2297 1401 2363 63).

342 2441 417 2510 39·
447 2426 487 2492 In
517 2428 656 2493 homine
679 2439 849 2511 apparent
877 2448 974 2492 amor
1002 2437 1038 2493 et
1068 2429 1238 2512 sapientia
1266 2439 1305 2493 ut
1334 2429 1403 2495 duo

277 2532 450 2604 separata,
469 2524 532 2586 sed
555 2544 661 2606 usque
689 2525 724 2587 in
755 2543 792 2587 se
822 2519 984 2586 distinite
1003 2542 1107 2586 unum
1130 2533 1222 2598 sunt,
1242 2524 1403 2606 quoniam

277 2616 368 2696 apud
389 2614 564 2678 hominem
581 2615 661 2677 talis
681 2626 734 2679 est
754 2616 924 2698 sapientia
940 2614 1050 2697 qualis
1069 2625 1123 2678 est
1142 2615 1249 2690 a'mor,
1267 2624 1302 2678 et
1323 2615 1403 2678 talis

277 2725 376 2770 amor
393 2705 502 2789 qualis
519 2716 571 2769 est
589 2707 768 2788 sapientia.
814 2706 991 2790 Sapientia
1007 2727 1094 2789 quae
1114 2726 1182 2769 non
1199 2725 1301 2769 unum
1320 2706 1404 2771 iacit

279 2820 358 2864 cum
378 2822 440 2864 suo
459 2820 586 2876 amore,
607 2812 750 2882 apparet
770 2802 858 2865 sicut
875 2804 920 2865 sit
940 2801 1120 2884 sapientia,
1141 2810 1313 2864 ettamen
1333 2821 1403 2864 non

277 2908 355 2975 est;
379 2915 419 2959 ac
436 2915 532 2959 amor
548 2897 604 2980 qui
623 2917 692 2959 non
709 2917 813 2960 unum
829 2897 909 2961 iacit
927 2917 1003 2960 curn
1020 2916 1081 2959 sua
1098 2897 1278 2977 sapientia,
1296 2916 1402 2979 appa-

278 3001 332 3056 ret
349 2991 438 3054 sicut
457 2992 500 3055 sit
517 2992 707 3073 sapientiae
723 3011 830 3066 amor,
848 2993 988 3054 tametsi
1007 3011 1076 3054 non
1093 3000 1167 3068 est;
1192 3012 1294 3054 unum
1312 2992 1403 3056 enirn

278 3087 396 3150 trahet
412 3105 508 3149 suam
525 3089 714 3150 essentiam
730 3096 767 3151 et
785 3106 881 3150 suam
898 3089 1007 3149 vitam
1027 3107 1072 3150 ex
1089 3085 1201 3149 altero
1218 3089 1401 3168 reciproce.

279 3181 383 3262 Quod
402 3183 573 3263 sapientia
593 3193 629 3246 et
649 3202 746 3245 arnor
764 3182 854 3264 apud
873 3180 1048 3245 hominem
1068 3193 1259 3263 appareant
1279 3193 1317 3244 ut
1333 3182 1403 3247 duo

277 3286 450 3359 separata,
482 3287 536 3340 est
566 3278 644 3360 quia
674 3277 821 3340 iacultas
851 3277 1071 3358 intelligendi
1100 3276 1191 3358 apud
1222 3275 1317 3339 illurn
1348 3287 1403 3341 est

277 3370 457 3435 elevabilis
490 3372 523 3433 in
552 3371 665 3434 lucem
688 3370 786 3445 caeli,
811 3371 872 3433 sed
902 3391 972 3434 non
994 3370 1142 3434 facultas
1165 3371 1314 3445 amandi,
1339 3372 1404 3435 nisi

279 3476 446 3548 quantum
462 3465 567 3529 homo
585 3466 667 3530 iacit
686 3467 775 3529 sicut
791 3464 969 3546 intelligit.
1015 3463 1129 3545 Quare
1148 3464 1183 3527 id
1202 3468 1403 3547 apparentis

279 3562 480 3644 sapientiae,
506 3561 597 3644 quod
629 3581 699 3624 non
722 3581 825 3624 unum
855 3561 937 3624 iacit
960 3580 1037 3624 cum
1060 3580 1177 3624 amore
1200 3561 1403 3641 sapientiae,

279 3657 445 3720 relabitur
463 3657 496 3719 in
516 3675 669 3720 amorem
688 3657 744 3740 qui
763 3676 867 3720 unum
885 3657 978 3730 lacit,
998 3657 1054 3739 qui
1074 3665 1193 3739 potest
1212 3677 1289 3720 esse
1308 3676 1405 3720 amor

279 3771 348 3814 non
373 3753 573 3832 sapientiae,
593 3753 699 3815 immo
723 3772 819 3815 amor
842 3753 1015 3815 insaniae:
1043 3751 1147 3815 homo
1170 3752 1262 3815 enim
1286 3760 1406 3833 potest

277 3865 324 3908 ex
345 3847 515 3928 sapientia
534 3849 620 3910 scire
636 3847 727 3929 quod
747 3845 842 3910 illurn
859 3855 1021 3928 oporteat
1036 3846 1148 3909 lacere
1165 3847 1231 3910 hoc
1251 3856 1287 3910 et
1307 3845 1403 3921 illud,

276 3943 339 4004 sed
359 3963 466 4024 usque
486 3963 555 4005 non
573 3943 666 4016 iacit,
684 3943 762 4026 quia
780 3962 849 4006 non
868 3953 963 4006 amat
979 3941 1083 4019 illud3
1115 3951 1151 4004 at
1170 3950 1337 4023 quantum
1357 3961 1403 4005 ex

275 4057 396 4101 amore
414 4038 496 4100 iacit
516 4039 608 4116 quod
627 4039 817 4118 sapientiae
837 4049 902 4112 est,
923 4047 1061 4100 tantum
1081 4046 1134 4100 est
1153 4037 1271 4118 imago
1287 4035 1364 4100 Dei.

279 4286 397 4373 Quoi>
427 4289 592 4357 D1v1uus
615 4291 734 4356 Aaron
758 4305 807 4356 ar
830 4291 976 4355 D1v1ua
999 4289 1211 4356 Snsrsurm
1233 4303 1293 4356 sn*
1315 4301 1402 4357 sua·

536 4399 704 4452 srnnrrn
727 4401 776 4451 ss
800 4400 905 4465 Quou
929 4399 989 4451 s1r
1011 4400 1155 4450 sonus.

343 4586 419 4656 4ο.
447 4570 531 4636 ldea
546 4572 738 4655 vulgarium
756 4571 934 4635 hominum
954 4571 997 4634 de
1016 4589 1132 4635 amore
1151 4580 1186 4636 et
1204 4572 1247 4636 de
1265 4571 1403 4655 saplen-

279 4665 339 4741 tia,
364 4675 418 4731 est
447 4667 536 4731 sicut
566 4666 609 4731 de
639 4666 774 4731 volatili
802 4677 838 4730 et
868 4665 995 4730 fluente
1029 4667 1062 4730 in
1092 4666 1207 4731 subtili
1237 4687 1315 4731 aere
1343 4685 1404 4730 seu
