3418 5368
283 675 344 726 212
638 670 840 723 SAPIENTIA
863 672 1059 723 ANGELICA

282 842 375 929 quod
395 862 464 908 non
483 841 646 926 potuerit,
664 845 717 904 est
734 859 848 918 causa,
869 840 947 926 quia
965 858 1066 906 nemo
1085 849 1204 926 potest
1221 841 1317 910 adire
1334 843 1410 911 Do-

283 943 424 1016 minum,
441 949 477 1004 et
494 938 598 1003 corde
613 957 803 1021 agnoscere
820 937 937 1020 Ipsum
954 958 1016 1021 pro
1033 939 1109 1004 Deo
1124 938 1213 1005 caeli
1228 948 1265 1006 et
1281 950 1408 1020 terrae,

283 1037 347 1100 nisi
363 1037 420 1120 qui
435 1036 519 1100 vivit
536 1035 725 1100 secundum
741 1043 928 1118 praecepta
944 1033 1065 1117 Ipsius.
1111 1035 1151 1099 In
1168 1037 1297 1101 mundo
1310 1038 1409 1121 spiri·

282 1133 379 1209 tuali,
400 1132 456 1196 ubi
479 1133 621 1216 quisque
644 1141 783 1196 tenetur
805 1131 898 1216 loqui
920 1132 1011 1196 sicut
1035 1133 1181 1215 cogitat,
1202 1153 1246 1197 ne
1269 1134 1408 1218 quidem

283 1239 403 1312 potest
425 1227 545 1312 aliquis
576 1229 753 1292 nominare
776 1228 902 1310 lesum,
924 1228 988 1291 nisi
1010 1227 1067 1311 qui
1094 1228 1183 1294 vixit
1214 1230 1248 1293 in
1278 1228 1409 1293 mundo

282 1325 372 1388 sicut
390 1323 624 1402 Christianus;
648 1332 685 1387 et
699 1322 766 1386 hoc
782 1344 828 1388 ex
846 1323 971 1387 Divina
987 1322 1098 1406 Ipsius
1113 1322 1346 1400 Providentia,
1363 1343 1408 1389 ne

284 1419 422 1484 Nomen
443 1419 554 1502 Ipsius
574 1418 822 1502 profanaretur.

304 1547 305 1552 1
347 1515 447 1597 263.
477 1513 546 1578 Sed
558 1523 595 1577 ut
604 1513 701 1589 haec,
714 1533 801 1597 quae
812 1532 900 1577 nunc
911 1509 1003 1577 dieta
1015 1520 1105 1588 sunt,
1116 1510 1408 1598 clariuspateant,

283 1608 441 1692 adjiciam
460 1607 519 1673 illa
536 1629 624 1692 quae
647 1609 680 1672 in
699 1606 863 1671 Dotlrina
877 1607 996 1671 Novae
1013 1605 1266 1690 Hierosolymae
1282 1609 1324 1672 de
1336 1608 1405 1673 Do·

284 1705 382 1780 mino,
400 1703 444 1766 ad
462 1701 565 1767 finem
581 1702 626 1766 ibi
645 1702 692 1786 (n.
707 1702 760 1778 60,
776 1701 846 1786 61),
864 1701 973 1767 allata
988 1712 1080 1778 sunt,
1097 1707 1184 1786 quae
1200 1703 1285 1768 haec
1302 1713 1405 1770 sunt:

339 1835 453 1909 “Quod
468 1835 551 1892 Deus
560 1845 592 1891 et
603 1834 705 1891 Homo
716 1837 746 1891 in
759 1835 892 1892 Domino
900 1835 1067 1892 secundum
1082 1834 1258 1892 Dossrinam
1272 1854 1333 1894 non
1345 1838 1407 1894 sint

284 1908 355 1971 duo,
366 1909 420 1963 sed
436 1922 498 1961 una
511 1907 651 1968 Persona.
667 1915 699 1961 et
711 1923 832 1978 prorsus
845 1924 913 1970 una,
930 1907 1007 1962 sicut
1025 1907 1126 1962 anima
1144 1917 1175 1962 et
1190 1923 1300 1980 corpus
1313 1925 1406 1964 unum

284 1988 365 2042 sunt,
377 1988 460 2048 patet
475 1978 554 2032 clare
566 1993 584 2031 a
597 1979 700 2034 multis
712 1994 788 2049 quae
802 1977 871 2049 lpse
883 1979 1007 2040 dixerat,
1023 1987 1065 2041 ut,
1081 1976 1171 2060 Quod
1191 1978 1280 2035 Pater
1290 1990 1322 2036 et
1339 1979 1408 2052 Ipse

285 2065 378 2104 unum
392 2049 466 2104 sint:
482 2047 572 2120 Quod
586 2049 689 2104 omnia
703 2049 800 2104 Patris
813 2066 867 2105 sua
880 2050 949 2111 sint,
961 2061 993 2104 et
1004 2057 1108 2105 omma
1118 2066 1173 2105 sua
1187 2050 1300 2107 Patris:
1316 2051 1407 2124 Quod

270 2125 275 2134 '
287 2120 394 2192 ipsein
410 2119 507 2182 Patre,
518 2131 549 2174 et
563 2119 654 2175 Pater
667 2121 696 2174 in
711 2119 782 2190 ipso
794 2121 849 2176 sit:
868 2120 958 2193 Quod
969 2122 1072 2176 omnia
1081 2123 1153 2176 data
1165 2122 1227 2177 sint
1241 2122 1271 2176 in
1284 2138 1406 2177 manum

286 2190 403 2276 ipsius:
420 2189 511 2262 Quod
533 2189 593 2262 Ipsi
607 2191 707 2246 omnis
726 2202 861 2262 potestas
880 2193 936 2247 sit:
955 2191 1045 2264 Quod
1062 2192 1145 2247 Deus
1164 2193 1240 2248 caeli
1260 2203 1291 2248 et
1308 2203 1407 2250 terrae

284 2273 339 2318 srt:
359 2261 449 2334 Quod
463 2262 515 2333 qui
528 2263 626 2317 credit
639 2263 669 2317 in
685 2261 795 2334 Ipsum,
805 2263 898 2318 vitam
908 2274 1061 2318 aeternam
1076 2265 1201 2326 habeat:
1216 2275 1248 2319 et
1259 2266 1342 2335 quod
1354 2265 1407 2338 qui

284 2351 346 2389 non
362 2333 459 2388 credit
478 2335 508 2387 in
530 2332 632 2404 ipsum
650 2334 692 2388 ira
709 2334 765 2389 Dei
782 2345 902 2390 maneat
921 2352 1011 2405 super
1026 2336 1094 2391 illo:
1113 2346 1144 2390 et
1160 2351 1257 2406 porro,
1274 2337 1356 2406 quod
1375 2348 1407 2392 et

285 2405 430 2459 Divinum
453 2414 484 2459 et
511 2404 685 2459 Humanum
711 2406 863 2461 sublatum
885 2405 925 2461 sit
945 2406 974 2458 in
999 2406 1125 2468 caelum,
1145 2418 1176 2461 et
1196 2408 1280 2478 quod
1304 2408 1407 2491 quoad

284 2486 447 2547 utrumque
459 2477 563 2530 sedeat
575 2476 612 2530 ad
629 2476 764 2530 dextram
784 2476 847 2538 Dei,
862 2478 920 2531 hoc
935 2487 990 2538 est.
1002 2478 1083 2547 quod
1096 2479 1290 2547 omnipotens
1301 2489 1356 2534 sn:
1375 2489 1409 2534 et

284 2548 371 2618 plura
380 2563 457 2618 quae
470 2563 606 2617 supraex
616 2547 718 2602 Verbo
731 2549 769 2603 de
783 2548 895 2603 Divino
907 2547 1049 2604 Humano
1061 2547 1156 2619 Ipsius
1170 2548 1200 2603 in
1216 2551 1311 2604 multa
1319 2551 1407 2620 copai

284 2619 375 2672 allata
393 2629 479 2680 sunt;
504 2635 580 2689 quae
599 2620 702 2673 omnia
719 2629 878 2680 testantur,
895 2619 976 2690 quod
997 2618 1080 2674 Deus
1096 2620 1135 2674 sit
1154 2636 1232 2676 unus
1251 2631 1313 2676 tam
1336 2620 1407 2676 Per·

282 2705 360 2744 sona
369 2705 461 2841 {uam
478 2687 616 2744 Essentia
629 2691 657 2743 in
672 2705 734 2760 quo
746 2689 886 2751 Trinitas,
897 2700 929 2745 et
942 2692 1024 2760 quod
1038 2691 1087 2745 ille
1101 2689 1183 2746 Deus
1195 2691 1235 2746 sit
1249 2691 1406 2748 Dominus.

284 2761 343 2830 [2.]
401 2760 460 2813 uod
481 2760 553 2814 haec
572 2761 610 2815 de
628 2760 759 2816 Domino
778 2776 858 2816 nunc
874 2763 1001 2831 primum
1016 2763 1157 2833 evulgata
1174 2773 1254 2824 sunt.
1270 2774 1317 2818 est
1334 2763 1408 2833 quia

307 2827 471 2884 raedrdium
491 2841 539 2884 est
555 2831 584 2884 in
603 2833 782 2902 Apocalypsi
792 2833 863 2900 (xxi.
875 2843 906 2886 et
922 2833 1014 2899 xxii),
1030 2835 1112 2904 quod
1132 2849 1212 2888 nova
1228 2834 1355 2889 ecclesia
1375 2835 1405 2888 in

284 2847 344 2957 ime
361 2902 467 2971 prioris
481 2901 664 2956 instituenda
677 2903 724 2964 sit.
738 2903 767 2956 in
781 2919 840 2974 qua
853 2904 911 2957 hoc
924 2905 1097 2974 primarium
1110 2905 1175 2959 erit.
1214 2903 1299 2960 Haec
1309 2906 1406 2960 eccle·

282 2973 329 3028 sia
353 2983 401 3026 est
421 2988 499 3042 quae
518 2988 572 3040 per
594 2971 709 3027 Novam
735 2973 976 3046 Hierosolymam
997 2975 1036 3029 ibi
1057 2975 1242 3046 intelligitur,
1262 2976 1292 3029 in
1313 2992 1404 3048 quam

284 3059 375 3098 nemo
395 3043 505 3096 intrare
526 3052 635 3111 potest,
654 3045 711 3099 nisi
734 3045 786 3116 qui
808 3045 906 3100 solum
931 3045 1093 3100 Dominum
1116 3062 1171 3114 pro
1192 3045 1258 3101 Deo
1278 3047 1354 3101 caeli
1374 3058 1406 3102 et

283 3125 381 3170 terrae
393 3113 547 3184 agnoscit:
565 3129 657 3184 quare
674 3115 723 3170 illa
735 3117 862 3172 ecclesia
874 3116 913 3170 ibi
926 3128 1052 3172 vocatur
1071 3117 1153 3171 Uxor
1163 3120 1255 3188 Agm'.
1293 3117 1331 3172 Et
1346 3119 1406 3173 hoc

284 3203 406 3258 possum
426 3185 613 3248 annuntiare,
626 3188 708 3257 quod
727 3188 901 3242 universum
921 3188 1036 3242 caelum
1057 3187 1221 3242 Dominum
1240 3189 1338 3243 solum
1353 3205 1405 3260 ag·

284 3267 398 3320 noscat,
408 3267 438 3311 et
451 3259 533 3328 quod
547 3258 597 3329 qui
612 3274 671 3311 non
685 3259 822 3328 agnoscit
834 3275 894 3313 non
907 3258 936 3312 in
949 3259 1064 3314 caelum
1078 3260 1271 3322 admittatur;
1286 3261 1405 3315 caelum

283 3329 364 3384 enim
377 3339 424 3383 est
436 3329 551 3383 caelum
568 3345 587 3382 a
600 3327 741 3385 Domino.
779 3329 849 3412 lpsa
861 3330 911 3384 illa
922 3331 1038 3402 agnitio
1050 3345 1088 3384 ex
1099 3346 1202 3385 amore
1211 3340 1242 3386 et
1254 3330 1322 3392 fide,
1332 3331 1405 3386 lacit

283 3409 318 3454 ut
330 3401 392 3454 sint
405 3401 435 3453 in
448 3399 580 3454 Domino
590 3410 621 3454 et
635 3399 784 3455 Dominus
796 3417 826 3455 ιιι
837 3399 902 3463 illis,
914 3411 948 3455 ut
962 3399 1029 3472 lpse
1039 3402 1130 3456 docet
1139 3402 1218 3473 apud
1232 3402 1404 3474 Johannern,

334 3519 381 3570 ‘lu
400 3521 442 3570 die
460 3520 507 3569 illo
524 3523 701 3583 cognoscetis,
714 3523 786 3586 quod
801 3521 860 3586 Ego
874 3522 902 3572 in
919 3522 998 3573 Patre
1012 3537 1081 3581 meo,
1093 3531 1120 3574 et
1133 3537 1183 3574 vos
1196 3523 1223 3574 ln
1237 3521 1282 3574 Me
1299 3533 1327 3573 et
1346 3521 1406 3588 Ego

415 3587 442 3635 in
457 3585 546 3635 vobis'
560 3586 623 3646 (xiv.
636 3588 692 3650 20);

281 3710 348 3754 turn
361 3699 440 3769 apud
457 3700 596 3760 eundern.

333 3801 459 3851 ‘Manere
475 3801 501 3850 in
519 3799 572 3858 Me.
585 3801 666 3850 etiam
687 3799 745 3862 Ego
761 3800 787 3850 in
800 3799 893 3852 vobist
907 3835 962 3854 ....
975 3801 1032 3866 Ego
1045 3817 1103 3852 sum
1117 3803 1188 3861 vitis,
1201 3817 1249 3854 vos
1262 3803 1405 3868 palmites:

415 3868 460 3932 qui
478 3877 570 3916 manet
587 3867 614 3915 in
634 3865 679 3915 Me
697 3877 724 3915 et
743 3865 801 3929 Ego
819 3867 846 3916 in
865 3867 918 3926 illo.
931 3869 974 3918 hic
992 3869 1043 3918 lert
1061 3866 1175 3918 irudtum
1191 3871 1322 3928 multum:
1341 3885 1404 3920 uam

414 3934 473 3982 sine
490 3932 534 3982 Me
550 3945 604 3981 non
621 3933 734 3995 potestis
749 3933 836 3982 lacere
851 3933 1008 3996 quicquam:
1027 3935 1079 3984 nisi
1094 3936 1153 3999 quis
1168 3937 1297 3985 manserit
1310 3936 1336 3986 iu
1351 3935 1406 3996 Me,

414 3996 517 4061 ejedius
529 4009 571 4048 est
582 3997 671 4048 loras'
684 4000 736 4060 (nv.
749 4000 814 4059 4-6;
832 4010 888 4049 tum
902 4001 964 4050 xvii.
978 4013 1017 4060 aa,
1026 4002 1079 4061 ι23).
1337 4022 1341 4028 ·

280 4111 340 4237 {a}
367 4109 458 4182 Quod
472 4112 531 4166 hoc
544 4128 604 4166 non
618 4111 700 4181 prius
715 4127 732 4166 e
744 4109 846 4165 Verbo
857 4113 955 4166 visum
970 4112 1017 4175 sit,
1030 4122 1076 4167 est
1090 4113 1159 4184 quia
1174 4113 1199 4168 si
1213 4113 1295 4197 prius
1306 4113 1405 4169 visum

296 4182 398 4244 uisset,
415 4198 510 4253 usque
525 4198 586 4237 non
603 4192 757 4253 receptum
774 4181 895 4238 luisset:
915 4183 1050 4238 nondum
1069 4183 1149 4238 enim
1170 4185 1309 4239 ultimum
1324 4183 1406 4254 judi·

280 4255 363 4308 cium
376 4253 433 4308 luit
449 4251 618 4323 pendium:
637 4263 668 4308 et
680 4264 752 4308 ante
770 4253 843 4307 illud
857 4254 994 4324 potentia
1013 4253 1119 4308 inlerni
1131 4255 1227 4310 valuit
1245 4271 1336 4325 supra
1352 4271 1406 4326 po·

279 4325 410 4380 tentiam
436 4325 527 4388 caeli;
555 4334 586 4379 et
605 4325 698 4379 homo
717 4334 764 4380 est
783 4324 812 4378 in
833 4324 934 4380 medio
954 4325 1032 4380 inter
1049 4326 1165 4380 caelum
1184 4336 1216 4381 et
1237 4325 1405 4391 inlernurm

279 4411 376 4520 quare
391 4395 416 4451 si
433 4396 515 4466 prius
527 4396 624 4451 visum
641 4394 756 4458 luisset,
770 4395 917 4459 diabolus,
931 4396 990 4452 hoc
1002 4406 1057 4458 est,
1071 4396 1228 4459 inlemum
1245 4398 1405 4469 eripuisset

280 4466 358 4521 ilud
371 4483 388 4522 e
403 4467 545 4523 cordibus
559 4467 686 4530 illorum,
700 4477 731 4522 et
747 4467 870 4540 insuper
882 4467 1100 4539 profanavisset
1116 4467 1197 4524 illud.
1236 4467 1296 4524 Hic
1307 4477 1406 4525 status

280 4539 439 4609 potentiae
459 4538 566 4594 inferni
587 4555 709 4609 prorsus
727 4537 839 4596 fractus
857 4550 905 4596 est
924 4555 976 4610 per
994 4539 1135 4594 ultimum
1150 4539 1305 4610 judicium.
1321 4540 1405 4612 quod

282 4624 364 4664 nunc
388 4609 541 4681 peractum
564 4621 626 4666 est:
654 4621 724 4682 post
746 4611 829 4675 illud,
851 4611 894 4666 ita
914 4625 1004 4675 nunc.
1027 4610 1127 4669 omnis
1148 4611 1250 4675 homo,
1270 4611 1408 4684 quivult

280 4679 424 4736 illustrari
435 4691 468 4736 et
482 4697 595 4754 sapere.
608 4681 633 4738 is
646 4682 773 4754 potest.”
