3448 5374
315 671 374 736 188
682 682 885 736 smmum
909 684 1105 735 nuoaurcu

310 854 415 919 corde
445 873 507 936 per
535 853 679 919 arterias
707 863 743 919 et
773 873 888 918 venas.
934 851 992 917 Ex
1025 853 1079 918 his
1114 855 1293 918 manifeste
1323 866 1438 938 patet,

310 949 401 1033 quod
424 951 507 1024 vita,
529 969 616 1033 quae
639 958 693 1013 est
717 969 813 1013 amor
836 959 871 1013 et
894 949 974 1013 inde
998 949 1171 1024 voluntas,
1192 952 1225 1013 in
1249 949 1436 1016 humanam

310 1046 455 1111 formam
474 1046 638 1109 continue
655 1045 805 1122 nitatur;
829 1053 865 1108 et
884 1045 962 1128 quia
978 1045 1128 1110 humana
1147 1044 1254 1109 forma
1274 1048 1437 1114 consistit

311 1163 356 1206 ex
374 1142 532 1205 omnibus
548 1140 615 1204 illis
634 1160 722 1224 quae
740 1141 774 1204 in
794 1140 932 1205 homine
951 1150 1043 1218 sunt,
1061 1143 1213 1226 sequitur
1229 1143 1319 1224 quod
1339 1163 1438 1208 amor

310 1256 371 1300 seu
389 1235 552 1302 voluntas
576 1237 610 1301 in
633 1238 799 1301 continuo
819 1246 946 1301 conatu
968 1247 1004 1302 et
1029 1238 1105 1302 nisu
1127 1237 1296 1303 formandi
1320 1239 1436 1303 omnia

310 1331 371 1395 illa
393 1332 458 1395 sit:
484 1331 576 1416 quod
599 1343 747 1396 conatus
769 1341 805 1396 et
830 1332 922 1396 nisus
946 1333 990 1396 sit
1015 1334 1048 1396 in
1071 1332 1257 1398 humanam
1276 1333 1432 1413 sormam,

310 1438 365 1493 est
384 1430 462 1512 quia
482 1428 577 1492 Deus
596 1437 650 1492 est
670 1427 798 1504 Homo,
816 1449 856 1492 ac
877 1428 1020 1492 Divinus
1040 1429 1152 1493 Amor
1170 1440 1205 1493 et
1226 1429 1353 1496 Divina
1372 1428 1432 1494 Sa·

311 1525 441 1606 pientia
460 1533 513 1588 est
532 1523 619 1588 Vita
638 1524 770 1606 ipsius;
802 1546 821 1589 e
844 1545 910 1608 qua
933 1545 1035 1590 omne
1054 1526 1147 1589 vitae
1171 1535 1235 1588 est.
1282 1523 1435 1609 Quisque

310 1620 426 1684 videre
446 1628 576 1702 potest,
595 1621 685 1704 quod
706 1621 769 1683 nisi
785 1619 881 1696 Vita,
898 1640 986 1704 quae
1006 1630 1059 1685 est
1078 1621 1152 1703 ipse
1169 1619 1297 1698 Homo,
1315 1629 1435 1704 ageret

310 1714 345 1779 in
368 1714 402 1779 id
426 1715 518 1799 quod
541 1715 576 1778 in
599 1735 636 1779 se
659 1735 728 1778 non
752 1716 824 1779 vita
854 1724 919 1792 est,
940 1735 1007 1779 non
1029 1717 1196 1799 potuisset
1215 1716 1343 1800 aliquid
1363 1715 1435 1781 tale

310 1809 449 1874 formari
477 1809 569 1892 quod
600 1810 633 1873 in
661 1809 801 1874 homine
826 1819 891 1886 est,
912 1811 946 1874 in
973 1831 1040 1894 quo
1063 1820 1142 1874 sunt
1165 1811 1273 1874 millia
1291 1811 1435 1875 millium

311 1924 398 1987 quae
415 1924 518 1967 unum
534 1904 672 1982 iaciunt,
690 1926 730 1969 ac
747 1906 954 1969 unanimiter
969 1908 1168 1990 conspirant
1185 1907 1229 1970 ad
1248 1908 1434 1989 imaginem

310 1998 418 2065 Vitae
437 2021 457 2064 a
476 2021 552 2084 qua,
567 2011 604 2064 ut
624 2001 731 2082 possit
751 2000 856 2064 homo
872 2002 1127 2083 receptaculum
1143 2011 1179 2065 et
1198 2000 1434 2065 habitaculum

311 2091 423 2177 Ipsius
437 2095 517 2158 fieri.
563 2095 620 2159 Ex
637 2096 690 2159 his
706 2096 813 2159 videri
827 2105 955 2178 potest,
969 2097 1061 2179 quod
1077 2116 1184 2172 amor,
1202 2107 1238 2161 et
1254 2117 1299 2160 ex
1316 2115 1435 2161 amore

310 2191 485 2267 voluntas,
505 2201 541 2255 et
565 2212 611 2255 ex
630 2191 812 2256 voluntate
832 2211 902 2268 cor,
922 2192 957 2255 in
979 2191 1164 2257 humanam
1184 2191 1326 2256 sormam
1349 2212 1434 2256 con-

311 2286 407 2349 tinue
426 2288 591 2350 nitantur.

374 2396 475 2463 4⁰1.
499 2380 575 2467 (iii.)
602 2379 700 2461 Quod
706 2403 803 2446 amor
816 2403 873 2447 seu
887 2381 1044 2446 voluntas
1059 2381 1183 2465 absque
1196 2382 1345 2468 conjugia
1362 2403 1435 2446 cum

310 2477 479 2558 sapientia
496 2499 554 2541 seu
569 2477 734 2542 intelleliu
752 2499 815 2540 non
828 2477 942 2560 possit
958 2487 1024 2560 per
1045 2477 1227 2542 humanam
1246 2499 1342 2542 suam
1352 2479 1432 2559 sor-

310 2593 400 2636 mam
412 2571 547 2654 aliquid
545 2573 795 2654 facere-Hoc
816 2575 923 2638 etiam
942 2581 1042 2655 patet
1061 2595 1107 2637 ex
1127 2573 1435 2656 correspondentia

311 2668 424 2732 cordis
438 2689 514 2732 cum
531 2669 723 2733 voluntate.
771 2668 886 2732 Homo
900 2669 1042 2750 embryo
1056 2669 1141 2732 vivit
1157 2669 1272 2744 corde,
1288 2669 1348 2732 sed
1364 2687 1434 2732 non

312 2763 495 2845 pulmone;
520 2766 695 2828 nonenim
713 2773 795 2828 tunc
813 2785 833 2827 a
849 2756 1074 2828 corde'influit
1092 2765 1230 2846 sanguis
1249 2765 1282 2827 in
1299 2763 1433 2846 pulmo.

311 2878 402 2934 nem,
426 2869 462 2922 et
493 2860 523 2922 ei
554 2860 615 2924 dat
646 2858 850 2924 facultatem
873 2860 1073 2943 respirandi,
1098 2861 1159 2923 sed
1190 2879 1250 2942 per
1278 2859 1432 2922 foramen

312 2955 345 3018 in
365 2954 591 3019 ventriculum
611 2956 725 3019 cordis
744 2957 939 3034 sinistrum;
964 2976 1067 3038 quare
1090 2955 1234 3037 embryo
1257 2975 1326 3019 non
1349 2965 1433 3018 tunc

312 3049 438 3132 aliquid
463 3052 615 3132 corporis
643 3060 763 3134 potest
786 3066 935 3126 movere,
956 3049 1051 3132 jacet
1076 3051 1166 3113 enim
1190 3050 1431 3125 confasciatus,

312 3165 375 3210 nec
407 3155 524 3228 potest
555 3146 683 3230 aliquid
717 3148 856 3222 sentire,
882 3166 1014 3228 organa
1043 3147 1134 3210 enim
1164 3165 1323 3208 sensuum
1354 3154 1435 3208 sunt

311 3241 460 3306 occlusa.
512 3240 629 3306 Simile
657 3253 712 3306 est
741 3262 818 3306 cum
843 3262 959 3306 amore
985 3263 1045 3306 seu
1069 3241 1263 3315 voluntate,
1290 3262 1336 3303 ex
1366 3260 1433 3323 qua

312 3360 418 3422 usque
437 3339 533 3413 vivit,
551 3338 611 3401 sed
631 3339 664 3401 in
684 3339 840 3413 obscuro,
855 3337 920 3401 hoc
941 3347 1006 3412 est,
1020 3338 1149 3419 absque
1169 3357 1269 3400 sensu
1289 3346 1324 3400 et
1344 3333 1432 3400 alliu.

312 3434 363 3499 At
380 3456 461 3498 vero
482 3445 519 3497 ut
540 3435 684 3516 primum
701 3435 852 3515 aperitur
868 3433 995 3516 pulm0,
1014 3434 1105 3515 quod
1125 3431 1163 3495 fit
1183 3442 1262 3514 post
1280 3432 1430 3505 enixum,

311 3539 394 3592 tunc
411 3531 530 3612 incipit
548 3531 677 3592 sentire
694 3538 729 3592 et
746 3549 861 3610 agere,
879 3549 918 3592 ac
936 3529 1092 3592 similiter
1109 3528 1199 3592 velle
1215 3538 1251 3591 et
1269 3529 1432 3608 cogitare.

312 3625 368 3689 Ex
392 3626 445 3688 his
469 3635 630 3688 constare
654 3635 784 3706 potest,
805 3625 896 3708 quod
920 3644 1016 3686 amor
1039 3645 1098 3687 seu
1121 3623 1280 3687 voluntas
1304 3623 1434 3703 absque

311 3719 470 3801 conjugio
490 3739 565 3781 cum
589 3721 760 3799 sapientia
783 3741 842 3782 seu
866 3715 1045 3783 intellectu
1066 3739 1133 3782 non
1155 3719 1263 3800 possit
1288 3738 1347 3801 per
1369 3716 1432 3779 hu·

311 3833 448 3878 manam
468 3833 563 3877 suam
583 3813 725 3878 formam
746 3815 872 3898 aliquid
892 3816 1013 3879 lacere.

373 3924 474 3993 4112·
506 3906 581 3994 (iv.)
615 3906 712 3986 Quod
725 3931 821 3974 autor
844 3931 901 3973 seu
923 3909 1077 3974 voluntas
1096 3920 1281 3994 praeparet
1302 3909 1434 3972 domum

310 4027 369 4072 seu
384 4003 572 4069 thalamum
584 4014 652 4089 pro
658 4006 787 4086 sutura
801 4005 943 4088 comaga,
955 4026 1039 4087 quae
1052 4016 1104 4068 est
1118 4005 1287 4087 sapientia
1303 4025 1361 4068 seu
1380 4003 1433 4066 in·

310 4101 553 4166 milesius-ln
573 4102 731 4166 universo
750 4113 867 4166 creato
886 4112 921 4164 et
941 4102 975 4165 in
994 4102 1137 4184 singulis
1154 4101 1223 4184 ejus
1243 4110 1296 4163 est
1316 4099 1433 4181 conju·

309 4199 403 4281 gium
422 4199 503 4262 boni
522 4207 558 4262 et
576 4199 657 4274 veri,
678 4208 714 4262 et
733 4197 798 4261 hoc
818 4197 897 4261 inde
913 4207 978 4273 est,
996 4199 1074 4281 quia
1091 4198 1219 4261 bonum
1238 4205 1290 4260 est
1308 4196 1433 4259 amoris

309 4305 346 4359 et
365 4315 482 4359 verum
502 4304 556 4359 est
576 4295 776 4378 sapientiae,
798 4304 833 4358 et
858 4293 943 4359 haec
968 4293 1036 4358 duo
1058 4294 1092 4357 in
1117 4293 1265 4357 Domino
1285 4301 1375 4367 sunt,
1397 4299 1433 4353 et

308 4411 355 4454 ex
380 4389 460 4471 Ipso
479 4391 593 4454 omnia
613 4401 729 4454 creata
749 4401 838 4453 sunt.
886 4389 963 4453 Hoc
983 4389 1179 4472 conjugium
1202 4387 1376 4471 quomodo
1399 4386 1433 4448 in

309 4486 449 4550 homine
472 4487 604 4560 existit,
625 4487 731 4549 videri
756 4496 873 4570 potest
903 4487 935 4550 in
961 4485 1101 4570 speculo
1131 4486 1163 4549 in
1194 4482 1434 4566 conjunitione

309 4582 423 4645 cordis
446 4602 522 4645 cum
547 4584 729 4664 pulmone;
765 4603 844 4646 nam
875 4604 933 4647 cor
964 4583 1210 4664 correspondet
1234 4583 1342 4644 amori
1374 4601 1435 4644 seu

309 4677 415 4753 bono,
435 4698 473 4741 ac
494 4679 611 4760 pulmo
628 4680 818 4761 sapientiae
839 4701 897 4743 seu
916 4700 998 4743 vero
1020 4677 1070 4762 (ut
1091 4700 1203 4762 supra¹
1225 4699 1255 4740 n.
1275 4677 1437 4759 378-381,
