3418 5368
479 645 529 695 DE
552 645 690 698 DlVlNA
713 647 1068 700 PnovlnENT1A.-N.
1088 652 1160 700 202.
1325 655 1379 718 141

252 812 450 896 hominem;
480 825 517 881 et
540 816 631 900 quod
659 817 744 882 haec
771 817 958 902 singularia
983 819 1017 884 in
1043 818 1230 905 complexu
1253 821 1382 888 intelli·

254 921 380 994 gantur
396 933 456 994 per
474 911 658 975 humanam
675 914 902 995 prudentiam.
949 926 1006 989 [2.]
1034 913 1103 980 Sed
1122 917 1239 1000 cogita
1254 929 1383 998 tecum,

253 1007 334 1092 quid
352 1008 553 1070 universalis
571 1008 800 1085 Providentia,
815 1030 892 1073 cum
906 1009 1091 1092 singularia
1104 1025 1265 1095 separata
1280 1025 1385 1095 sunt;

254 1123 335 1166 num
352 1105 395 1166 sit
412 1102 504 1166 aliud
524 1122 626 1185 quam
646 1101 720 1166 sola
733 1104 828 1167 vox?
869 1105 1074 1170 Universale
1090 1109 1181 1170 enirn
1202 1109 1327 1174 dicitur
1347 1110 1385 1174 id

254 1199 344 1283 quod
365 1219 385 1262 a
403 1199 634 1281 singularibus
654 1199 753 1262 simul
778 1198 826 1274 fit,
847 1201 935 1263 sicut
954 1222 1137 1266 commune
1156 1205 1247 1286 quod
1267 1225 1288 1268 a
1306 1225 1384 1288 par·

254 1295 454 1359 ticularibus
471 1295 614 1373 existit;
638 1295 666 1357 si
689 1295 806 1378 itaque
826 1297 1011 1378 singularia
1030 1319 1182 1380 separas,
1199 1300 1279 1382 quid
1302 1310 1384 1365 tunc

255 1390 458 1464 universale,
477 1391 540 1452 nisi
560 1391 646 1452 sicut
666 1391 840 1473 quoddam
859 1393 950 1474 quod
970 1393 1061 1456 intus
1080 1415 1225 1458 vacuum
1249 1406 1315 1473 est,
1335 1397 1386 1460 ita

254 1488 343 1550 sicut
360 1483 556 1568 superficies
573 1485 660 1548 intra
676 1505 778 1568 quam
796 1486 880 1551 nihil
894 1498 958 1560 est,
972 1499 1031 1551 ant
1045 1489 1251 1572 complexus
1267 1492 1300 1554 in
1317 1511 1386 1574 quo

255 1602 324 1646 non
355 1580 504 1663 aliquid?
550 1577 584 1642 Si
615 1581 796 1657 diceretur,
824 1584 916 1666 quod
944 1582 1069 1647 Divina
1096 1585 1318 1650 Providentia
1339 1587 1385 1652 sit

254 1678 408 1760 regimen
429 1675 632 1750 universale,
651 1686 685 1738 et
702 1697 770 1741 non
788 1678 915 1762 aliquid
935 1681 1073 1760 regitur,
1094 1682 1155 1744 sed
1175 1683 1281 1744 modo
1300 1702 1385 1747 con·

255 1773 383 1839 tinetur
402 1775 435 1835 in
453 1793 556 1846 nexu,
574 1782 610 1835 et
628 1771 688 1835 illa
704 1793 791 1856 quae
808 1776 981 1857 regiminis
999 1787 1079 1840 sunt
1096 1778 1325 1860 disponuntur
1340 1780 1387 1844 ab

255 1867 340 1944 aliis,
369 1887 449 1931 num
476 1866 541 1930 hoc
570 1876 689 1950 potest
715 1871 830 1933 vocari
857 1871 1048 1934 universale
1075 1873 1252 1954 regimen?
1297 1875 1386 1942 Tale

254 1966 409 2049 regimen
426 1973 563 2026 nonest
580 1963 639 2026 ulli
656 1965 728 2047 regi
744 1986 751 2042 ;
777 1985 856 2029 nam
873 1966 900 2028 si
917 1987 978 2028 rex
997 1967 1134 2049 quidam
1151 1969 1251 2033 daret
1268 1970 1386 2035 subdi·

255 2061 300 2125 tis
319 2079 442 2141 regere
465 2059 580 2121 omnia
604 2059 654 2122 sui
679 2062 786 2142 regni,
807 2061 835 2123 is
858 2081 928 2123 non
952 2062 1100 2143 amplius
1123 2085 1186 2128 rex
1205 2065 1305 2142 soret,
1323 2067 1386 2131 sed

255 2155 360 2221 modo
371 2161 551 2218 vocaretur
566 2174 628 2217 rex
643 2175 651 2232 3
675 2155 725 2218 ita
742 2154 853 2218 solum
866 2155 1071 2238 dignitatem
1089 2160 1248 2236 nominis,
1262 2171 1298 2224 et
1314 2183 1385 2228 non

254 2251 463 2334 dignitatem
482 2247 624 2328 alicujus
642 2248 690 2312 rei
708 2248 863 2313 haberet.
909 2249 1015 2334 Apud
1039 2253 1146 2317 talem
1169 2275 1287 2336 regem
1314 2277 1385 2323 non

255 2356 373 2431 potest
389 2344 579 2429 praedicari
594 2345 761 2426 regimen,
779 2345 892 2409 minus
908 2348 1101 2412 universale
1118 2351 1284 2432 regimen.
1326 2365 1385 2430 [3.]

255 2442 476 2508 Providentia
492 2439 583 2523 apud
600 2439 711 2504 Deum
728 2451 874 2506 vocatur
890 2443 1073 2525 prudentia
1088 2445 1179 2526 apud
1196 2445 1384 2511 hominem.

252 2539 349 2609 Sicut
372 2559 442 2603 non
466 2535 535 2601 dici
558 2544 678 2618 potest
705 2535 907 2602 universalis
931 2539 1114 2621 prudentia
1136 2539 1227 2624 apud
1250 2559 1384 2623 regem,

252 2637 310 2722 qui
339 2635 403 2700 sibi
430 2651 499 2697 non
527 2631 603 2715 plus
630 2633 819 2698 reservavit
847 2653 949 2717 quam
976 2651 1103 2698 nomen
1131 2646 1316 2720 propterea
1346 2646 1384 2701 ut

251 2751 397 2816 regnum
418 2729 552 2792 dicatur
570 2746 725 2808 regnum,
743 2738 780 2792 et
795 2729 843 2792 sic
864 2731 1095 2807 contineatur,
1112 2731 1161 2795 ita
1181 2752 1249 2796 non
1266 2740 1386 2816 potest

252 2829 318 2894 dici
334 2823 535 2891 universalis
552 2823 774 2888 Providentia
793 2826 820 2888 si
840 2823 997 2889 homines
1017 2845 1062 2888 ex
1079 2829 1215 2910 propria
1235 2828 1383 2912 pruden-

251 2925 302 2992 tia
317 2921 539 3006 providerent
558 2919 683 2982 omnia.
728 2917 847 2983 Simile
863 2930 917 2984 est
934 2939 1012 2984 cum
1028 2923 1167 2986 nomine
1184 2924 1386 2988 universalis

252 3018 492 3087 Providentiae
515 3035 555 3079 ac
575 3015 777 3080 universalis
800 3017 976 3099 regiminis
1003 3037 1080 3082 cum
1104 3019 1229 3084 dicitur
1252 3022 1294 3085 de
1322 3041 1383 3084 na-

252 3126 341 3193 tura,
362 3112 502 3199 quando
520 3111 727 3193 intelligitur
746 3111 837 3195 quod
861 3111 956 3175 Deus
980 3117 1150 3178 creaverit
1174 3117 1383 3194 universum,

251 3233 292 3280 ac
309 3208 472 3277 indiderit
489 3217 635 3271 naturae
651 3215 689 3271 ut
706 3206 764 3270 illa
780 3228 826 3271 ex
843 3229 880 3270 se
899 3207 1104 3290 produceret
1121 3212 1246 3275 omnia.
1292 3210 1384 3293 Quid

251 3318 335 3376 tunc
352 3303 553 3370 universalis
570 3301 802 3380 Providentia,
820 3322 921 3386 quam
938 3324 1009 3367 vox
1027 3306 1278 3388 metaphysica,
1297 3330 1385 3391 quae

251 3413 388 3492 praeter
410 3421 533 3465 vocem
556 3407 610 3464 est
632 3419 701 3463 non
725 3419 798 3463 ens.
843 3397 931 3464 Sunt
958 3420 1094 3484 quoque
1124 3403 1224 3467 multi
1247 3425 1292 3467 ex
1316 3405 1385 3469 illis

251 3501 308 3586 qui
327 3499 482 3564 tribuunt
506 3505 650 3560 naturae
665 3514 768 3560 omne
787 3494 879 3579 quod
896 3494 1108 3578 producitur,
1125 3507 1161 3561 et
1179 3499 1385 3581 prudentiae

251 3595 423 3661 humanae
444 3611 547 3656 omne
566 3590 658 3675 quod
682 3589 732 3668 fit,
753 3599 788 3655 et
810 3601 928 3656 tamen
948 3611 1009 3656 ore
1032 3592 1154 3656 dicunt
1176 3595 1269 3677 quod
1289 3595 1385 3661 Deus

252 3691 419 3756 creaverit
443 3698 613 3761 naturam,
639 3685 695 3769 qui
719 3706 782 3751 nec
806 3687 906 3751 aliter
932 3687 975 3752 de
1000 3686 1127 3752 Divina
1149 3687 1382 3769 Providentia,

252 3806 354 3870 quam
379 3787 469 3849 sicut
493 3783 536 3847 de
559 3801 646 3846 voce
670 3781 773 3858 inani,
797 3783 968 3866 cogitant.
1013 3781 1083 3848 Sed
1107 3805 1162 3848 res
1185 3785 1219 3848 in
1242 3806 1279 3848 se
1303 3787 1384 3852 talis

251 3893 317 3959 est,
331 3882 423 3966 quod
440 3881 567 3945 Divina
583 3875 806 3942 Providentia
822 3879 867 3942 sit
883 3879 917 3942 in
934 3878 1215 3963 singularissimis
1228 3891 1382 3960 naturae,

251 3998 291 4043 ac
311 3979 345 4042 in
365 3973 645 4060 singularissimis
663 3974 868 4057 prudentiae
885 3973 1067 4052 humanae,
1086 3986 1122 4040 et
1140 3976 1232 4061 quod
1251 3997 1297 4041 ex
1317 3976 1384 4042 illis

251 4075 297 4140 sit
313 4073 525 4138 universalis.

316 4181 414 4235 Μ.
445 4167 572 4232 Divina
590 4161 731 4230 Domini
746 4164 967 4230 Providentia
983 4165 1185 4230 universalis
1200 4187 1246 4230 ex
1265 4167 1384 4248 singu·

253 4263 432 4330 larissimis
451 4274 505 4328 est
528 4263 563 4328 in
586 4283 640 4339 eo,
665 4261 757 4345 quod
780 4261 949 4325 creaverit
976 4261 1180 4336 universum,
1205 4271 1242 4326 ut
1266 4263 1299 4326 in
1322 4261 1386 4327 illo

253 4359 385 4425 creatio
400 4356 534 4424 infinita
548 4377 588 4422 ac
607 4365 751 4422 aeterna
766 4356 811 4421 ab
826 4355 907 4439 ipso
922 4355 1053 4420 existat
1069 4377 1077 4434 ;
1101 4366 1136 4419 et
1153 4355 1238 4421 haec
1255 4359 1386 4422 creatio

254 4456 388 4532 existit,
412 4475 475 4539 per
495 4453 587 4538 quod
611 4452 780 4519 Dominus
802 4473 848 4515 ex
871 4452 1067 4516 hominibus
1089 4451 1214 4517 formet
1237 4452 1385 4531 caelum,

165 4594 168 4598 -
255 4551 348 4636 quod
367 4569 483 4614 coram
503 4550 587 4632 Ipso
605 4549 650 4612 sit
673 4550 761 4613 sicut
782 4568 868 4610 unus
886 4547 1003 4623 homo,
1024 4549 1081 4633 qui
1100 4547 1215 4631 imago
1235 4558 1272 4614 et
1290 4550 1385 4613 simi·

254 4647 367 4714 litudo
390 4645 514 4728 Ipsius.
560 4641 663 4728 Quod
690 4639 824 4708 caelum
851 4665 897 4707 ex
920 4644 1115 4708 hominibus
1138 4645 1172 4709 in
1197 4642 1387 4729 conspeetu
