3426 5382
335 669 395 718 100
683 665 888 718 SAPIENTIA
912 666 1107 718 ANGELICA

329 837 436 902 homo
464 838 552 903 sicut
579 859 599 900 a
627 859 663 902 se
691 847 846 902 removet
880 837 970 902 mala
998 847 1035 900 ut
1067 848 1223 920 peccata.
1269 835 1461 907 Ostensum

329 935 420 1016 prius
438 944 503 1008 est,
522 935 612 1016 quod
630 934 759 999 homini
776 934 820 997 sit
836 953 933 997 mens
950 933 1128 1008 naturalis,
1148 953 1245 999 mens
1261 938 1460 1020 spiritualis,

328 1042 365 1094 et
385 1051 482 1094 mens
504 1031 683 1107 caelestis;
719 1039 755 1093 et
775 1029 867 1113 quod
890 1029 994 1094 homo
1017 1030 1051 1092 in
1075 1030 1151 1094 sola
1175 1042 1292 1095 mente
1312 1034 1460 1096 naturali

328 1128 385 1202 sit,
410 1127 571 1210 quamdiu
595 1127 629 1188 in
652 1125 942 1207 concupiscentiis
968 1125 1048 1188 mali
1078 1135 1115 1189 et
1142 1126 1277 1190 illarum
1301 1127 1461 1208 jucundis

327 1233 392 1298 est,
412 1231 448 1287 et
472 1221 564 1306 quod
588 1221 722 1285 tamdiu
745 1239 842 1284 mens
866 1221 1054 1303 spiritualis
1073 1221 1192 1284 clausa
1215 1223 1271 1286 sit.
1317 1222 1368 1288 Ut
1391 1226 1458 1307 pri-

327 1337 420 1382 mum
443 1338 527 1382 vero
556 1317 662 1382 homo
691 1325 771 1400 post
802 1317 1080 1400 explorationem
1109 1319 1270 1400 agnoscit
1300 1320 1391 1384 mala
1421 1333 1459 1387 ut

326 1424 474 1496 peccata
492 1423 615 1478 contra
635 1411 760 1488 Deum,
780 1412 861 1497 quia
880 1422 1004 1477 contra
1024 1410 1121 1496 leges
1146 1411 1298 1489 Divinas,
1319 1435 1359 1479 ac
1378 1417 1458 1482 ideo

325 1510 401 1575 vult
425 1512 593 1574 desistere
621 1509 666 1573 ab
691 1509 771 1586 illis,
797 1519 879 1574 tunc
908 1509 1076 1574 Dominus
1105 1513 1215 1593 aperit
1243 1512 1456 1595 spiritualem

327 1617 491 1680 mentem,
516 1626 556 1670 ac
587 1605 695 1670 intrat
726 1606 760 1669 in
791 1606 985 1670 naturalem
1015 1627 1075 1689 per
1106 1603 1304 1670 affectiones
1327 1611 1398 1672 veri
1420 1619 1457 1673 et

325 1700 418 1778 boni,
436 1722 476 1766 ac
492 1702 600 1766 intrat
620 1702 654 1765 in
673 1701 855 1777 rationale,
872 1714 908 1766 et
927 1723 972 1765 ex
994 1701 1053 1764 illo
1073 1703 1227 1785 disponit
1245 1703 1279 1766 in
1300 1705 1455 1770 ordinem

323 1795 393 1872 illa,
415 1817 502 1881 quae
522 1797 660 1862 inferius
684 1798 718 1861 in
742 1797 890 1861 naturali
915 1808 1037 1862 contra
1062 1797 1218 1862 ordinem
1238 1809 1328 1862 sunt.
1376 1799 1454 1865 Hoc

324 1901 379 1956 est
403 1893 494 1975 quod
518 1902 664 1974 apparet
687 1892 817 1957 homini
848 1893 936 1958 sicut
968 1913 1094 1976 pugna,
1120 1904 1155 1957 et
1180 1895 1269 1977 apud
1292 1894 1372 1958 illos
1398 1897 1455 1979 qui

325 1986 471 2053 multum
495 1987 712 2052 indulserunt
731 1987 889 2071 jucundis
918 1989 1010 2060 mali,
1037 2000 1073 2053 ut
1101 1991 1271 2068 tentatio,
1303 1989 1341 2055 fit
1362 1993 1454 2056 enim

323 2081 425 2147 dolor
461 2084 588 2159 animo,
623 2102 700 2147 cum
738 2084 921 2149 invertitur
957 2085 1043 2146 ordo
1080 2087 1332 2167 cogitationum
1370 2087 1451 2170 ejus.

323 2176 424 2242 Nunc
441 2180 519 2263 quia
538 2189 592 2243 est
609 2199 724 2262 pugna
740 2191 862 2244 contra
882 2179 940 2243 illa
960 2183 1095 2263 quaein
1114 2184 1188 2264 ipso
1204 2181 1344 2246 homine
1360 2193 1452 2260 sunt,

320 2283 358 2338 et
382 2296 468 2359 quae
492 2275 598 2340 homo
617 2277 723 2340 sentit
741 2277 828 2340 sicut
849 2297 920 2347 sua,
941 2288 976 2339 et
1001 2296 1103 2340 nemo
1127 2287 1245 2359 potest
1270 2287 1392 2342 contra
1414 2299 1453 2343 se
1554 2273 1559 2280 ’

321 2390 476 2454 pugnare
497 2371 561 2434 nisi
578 2391 624 2434 ex
644 2371 798 2436 interiori
816 2390 866 2446 se,
886 2380 922 2434 et
943 2373 1004 2434 nisi
1030 2392 1074 2434 ex
1095 2372 1203 2436 libero
1221 2372 1278 2448 ibi,
1299 2375 1454 2456 sequitur

319 2467 413 2549 quod
443 2467 600 2531 internus
630 2466 736 2530 homo
764 2477 845 2531 tunc
876 2477 1007 2548 pugnet
1039 2477 1161 2531 contra
1191 2477 1385 2543 externum,
1415 2479 1452 2534 et

320 2564 413 2647 quod
432 2585 477 2627 ex
495 2562 614 2636 libero,
635 2572 671 2625 et
690 2562 781 2647 quod
802 2570 908 2644 cogat
928 2573 1112 2626 externum
1132 2564 1176 2626 ad
1193 2563 1449 2642 obedientiam

319 2658 386 2722 hoc
404 2661 520 2741 itaque
537 2668 590 2722 est
607 2678 733 2740 cogere
753 2679 789 2720 se
809 2659 930 2740 ipsum.
977 2656 1079 2740 Quod
1096 2657 1161 2721 hoc
1180 2678 1249 2722 non
1267 2660 1310 2722 sit
1328 2668 1451 2723 contra

320 2753 515 2819 libertatem
541 2765 576 2817 et
600 2754 886 2828 rationalitatem,
905 2754 966 2816 sed
986 2754 1175 2817 secundum
1193 2754 1279 2828 lilas,
1298 2764 1405 2837 patet.

385 2851 482 2933 148.
514 2849 694 2912 Praeterea
718 2849 830 2914 omnis
853 2849 959 2911 homo
982 2849 1057 2911 vult
1086 2849 1172 2913 liber
1202 2870 1289 2922 esse,
1314 2870 1353 2912 ac
1378 2869 1449 2914 non

319 2945 464 3009 liberum
485 2966 545 3008 seu
568 2963 703 3007 servum
726 2966 746 3008 a
769 2965 806 3008 se
825 2963 1013 3008 removere.
1060 2942 1182 3008 Omnis
1201 2964 1283 3026 puer
1306 2946 1362 3029 qui
1385 2947 1449 3010 sub

317 3043 487 3123 magistro
504 3051 568 3114 est,
586 3040 662 3105 vult
681 3039 830 3122 suijuris
850 3059 926 3103 esse
946 3050 982 3104 et
1003 3040 1051 3103 sic
1072 3038 1178 3118 liber;
1209 3042 1320 3103 omnis
1339 3041 1446 3106 famu·

318 3136 371 3200 lus
395 3137 458 3201 sub
481 3157 542 3200 suo
561 3134 714 3212 domino,
735 3147 771 3200 et
790 3134 918 3199 ancilla
936 3135 1001 3198 sub
1016 3156 1077 3198 sua
1100 3135 1251 3212 domina,
1272 3137 1447 3217 similiter;

318 3235 432 3298 omnis
448 3233 547 3314 virgo
562 3232 636 3296 vult
656 3233 752 3296 exire
772 3232 876 3295 domo
895 3232 1003 3313 patris
1022 3239 1057 3295 et
1075 3230 1214 3308 nubere,
1233 3240 1270 3297 ut
1288 3231 1394 3297 libere
1412 3235 1446 3298 in

318 3338 452 3395 suamet
476 3330 581 3392 domo
604 3338 708 3412 agat;
746 3327 857 3390 omnis
887 3325 1094 3392 adolescens
1117 3326 1174 3410 qui
1197 3327 1273 3393 vult
1302 3331 1446 3411 operari,

317 3426 374 3490 vel
391 3424 573 3508 negotiari,
591 3424 646 3488 vel
665 3423 759 3504 fungi
776 3421 892 3507 aliquo
908 3420 1032 3498 officio,
1050 3423 1130 3486 dum
1150 3424 1185 3486 in
1201 3423 1368 3488 servitute
1383 3427 1447 3490 sub

316 3521 393 3586 aliis
416 3531 481 3596 est,
501 3520 576 3584 vult
601 3519 820 3602 emancipari,
845 3529 882 3582 ut
908 3520 958 3582 sui
980 3518 1112 3582 arbitrii
1138 3520 1193 3582 sit.
1239 3515 1371 3584 Omnes
1397 3521 1446 3584 illi

315 3619 373 3701 qui
392 3625 518 3701 sponte
542 3616 694 3680 serviunt
717 3625 859 3699 propter
883 3615 1092 3691 libertatem,
1113 3623 1245 3697 cogunt
1269 3635 1306 3679 se
1329 3617 1446 3698 ipsos;

313 3724 351 3777 et
380 3732 458 3777 cum
489 3731 526 3775 se
555 3711 649 3796 ipsos
679 3720 820 3794 cogunt,
844 3731 891 3774 ex
922 3709 1030 3775 libero
1057 3712 1246 3775 secundum
1275 3712 1445 3775 rationem

312 3817 436 3892 agunt,
460 3807 523 3872 sed
549 3828 596 3872 ex
624 3807 778 3872 interiori
805 3805 926 3884 libero,
951 3826 1063 3890 aquo
1089 3803 1266 3890 spectatur
1291 3807 1446 3873 exterius

314 3903 460 3969 liberum
481 3903 570 3969 sicut
589 3921 734 3968 servum.
781 3901 860 3966 Hoc
883 3897 1070 3967 adductum
1089 3912 1155 3980 est,
1175 3902 1220 3967 ad
1237 3902 1444 3968 confirman-

313 4001 395 4066 dum
416 4000 510 4086 quod
530 3999 754 4082 semetipsum
776 4017 903 4082 cogere
922 4019 991 4064 non
1014 3998 1060 4064 sit
1083 4008 1207 4064 contra
1226 3999 1444 4065 rationalita-

314 4107 387 4162 tem
407 4106 443 4163 et
463 4096 672 4162 libertatem.

379 4206 477 4276 149.
508 4189 613 4276 Quod
633 4191 739 4257 homo
766 4211 836 4256 non
866 4190 1026 4256 similiter
1047 4191 1132 4255 velit
1156 4191 1272 4257 venire
1294 4213 1313 4256 e
1336 4191 1443 4256 servi·

313 4299 392 4354 tute
414 4288 581 4370 spirituali
613 4288 646 4352 in
678 4287 875 4352 libertatem
902 4286 1127 4371 spiritualem,
1151 4297 1205 4351 est
1234 4307 1301 4352 una
1328 4307 1442 4364 causa,

314 4384 406 4470 quod
429 4404 500 4450 non
525 4385 612 4449 sciat
643 4384 723 4468 quid
754 4401 890 4447 servum
920 4382 1108 4467 spirituale,
1133 4392 1167 4448 et
1192 4383 1273 4467 quid
1298 4382 1442 4448 liberum

313 4481 513 4565 spirituale;
542 4500 611 4545 non
630 4480 661 4544 ei
681 4489 761 4543 sunt
777 4499 859 4542 vera
874 4498 963 4561 quae
981 4479 1130 4556 docent;
1153 4488 1189 4543 et
1205 4478 1335 4564 absque
1355 4479 1444 4544 veris

313 4577 466 4642 creditur
494 4578 586 4662 quod
614 4594 748 4640 servum
779 4573 956 4656 spirituale
983 4575 1028 4637 sit
1056 4573 1211 4650 liberum,
1230 4584 1267 4639 et
1298 4573 1444 4641 liberum

313 4671 493 4754 spirituale
527 4671 572 4735 sit
602 4688 749 4736 servum.
795 4669 920 4734 Altera
953 4689 1057 4733 causa
1091 4680 1154 4745 est,
1183 4669 1288 4754 ¹¹¹quia
1321 4671 1444 4754 religio
