3418 5370
522 697 573 749 na
596 696 733 748 mvrna
755 695 1113 748 momontum—u.
1133 699 1205 766 310.
1367 700 1431 770 257

298 871 479 960 spirituali,
500 874 592 958 quod
612 873 700 937 sicut
721 872 762 936 se‘
781 869 999 950 confirmant,
1017 873 1068 938 ita
1089 873 1216 938 mentis
1237 893 1320 938 suae
1339 873 1430 938 inte·

297 971 387 1034 riora
406 968 604 1045 occludam,
625 989 731 1052 usque
750 969 892 1033 tandem
912 969 955 1031 ad
976 986 1109 1046 nasum,
1127 989 1230 1032 nasus
1249 969 1341 1033 enirn
1361 971 1431 1052 sig·

298 1065 415 1130 nificat
431 1066 692 1149 perceptionem
708 1065 790 1140 veri,
804 1073 840 1128 et
857 1065 891 1128 id
908 1085 977 1128 non
994 1065 1155 1149 aliquam.
1202 1063 1332 1146 Quales
1348 1074 1431 1129 sunt

297 1181 388 1225 nunc
405 1162 549 1224 dicetur.
595 1165 652 1224 [2.]
678 1158 766 1224 Sunt
783 1181 864 1242 prae
881 1159 957 1224 aliis
970 1161 1086 1224 callidi
1102 1172 1138 1228 et
1155 1162 1328 1236 astutiae
1346 1161 1431 1224 rati·

299 1258 495 1320 ocinatores
514 1256 707 1337 ingeniosi;
734 1275 774 1320 ac
798 1255 1028 1320 calliditatem
1051 1266 1087 1320 et
1112 1258 1277 1320 astutiam
1301 1265 1431 1321 vocant

298 1351 562 1433 intelligentiam
580 1361 615 1414 et
636 1351 864 1432 sapientiam;
889 1371 952 1415 nec
970 1353 1083 1416 sciunt
1100 1352 1212 1415 aliter.
1259 1350 1354 1427 Illos,
1373 1352 1432 1435 qui

298 1467 366 1510 non
387 1447 475 1510 tales
500 1457 591 1522 sunt,
613 1444 774 1530 spectant
799 1457 837 1511 ut
860 1446 1035 1529 simplices
1058 1456 1094 1511 et
1121 1447 1291 1530 stupidos,
1313 1448 1431 1530 impri-

299 1545 361 1606 mis
393 1542 544 1606 cultores
576 1543 652 1618 Dei,
684 1553 721 1606 et
751 1542 967 1606 confessores
998 1541 1146 1606 Divinae
1174 1542 1431 1607 Providentiae.

299 1637 421 1720 Quoad
449 1639 615 1721 principia
641 1639 805 1703 interiora
834 1640 963 1702 mentis
992 1657 1121 1714 eorurn,
1139 1639 1182 1702 de
1213 1638 1334 1722 quibus
1364 1639 1433 1722 ipsi

298 1754 417 1817 parurn
437 1736 561 1810 sciunt,
582 1744 662 1799 sunt
682 1736 771 1798 sicut
791 1733 840 1798 illi
863 1735 920 1818 qui
939 1745 1109 1798 vocantur
1128 1733 1429 1812 Machiavelistae,

297 1832 353 1913 qui
376 1831 572 1905 homicidia,
596 1830 778 1906 adulteria,
804 1828 894 1894 furta
923 1839 959 1894 et
988 1829 1073 1893 falsa
1097 1831 1299 1894 testimonia
1327 1830 1361 1894 in
1388 1851 1428 1894 se

297 1925 465 2009 spectata,
487 1927 583 1989 nihili
602 1926 744 2002 faciunt,
765 1935 801 1990 et
821 1927 850 1989 si
868 1927 1120 1990 ratiocinantur
1139 1937 1263 1990 contra
1282 1925 1351 2002 illa,
1371 1935 1427 1991 est

296 2022 407 2085 solum
437 2043 482 2084 ex
514 2021 698 2102 prudentia
727 2042 770 2085 ne
804 2031 996 2105 appareant
1028 2021 1128 2086 tales.
1175 2025 1233 2088 [3.]
1268 2020 1320 2084 De
1354 2023 1427 2086 vita

296 2116 440 2180 hominis
460 2119 493 2180 in
513 2118 642 2180 mundo
662 2137 730 2180 non
750 2117 853 2181 aliter
872 2119 1041 2201 cogitant,
1060 2137 1161 2202 quam
1181 2117 1273 2199 quod
1297 2116 1356 2180 illa
1379 2119 1439 2184 sit„

296 2213 414 2275 similis
437 2213 529 2275 vitae
553 2212 706 2292 bestiae;
742 2222 778 2276 et
809 2213 852 2276 de
882 2215 956 2277 vita
980 2212 1131 2277 hominis
1161 2211 1437 2295 postmortem,

295 2308 387 2390 quod
406 2309 450 2370 sit
471 2308 559 2370 sicut
575 2327 684 2390 vapor
703 2307 832 2384 vitalis,
853 2309 909 2392 qui
928 2329 1122 2390 exsurgens
1138 2329 1156 2371 e
1176 2310 1345 2373 cadavere
1364 2331 1428 2372 seu

294 2401 453 2484 sepulcro
477 2401 655 2478 relabitur,
681 2411 717 2466 et
744 2403 793 2466 sic
818 2405 972 2467 moritur.
1017 2403 1075 2466 Ex
1102 2402 1168 2479 hac
1192 2405 1333 2467 vesania
1357 2417 1425 2479 est,

293 2497 384 2580 quod
404 2497 544 2578 spiritus
562 2505 598 2560 et
618 2496 735 2578 angeli
754 2497 824 2560 sint
841 2518 950 2574 aeres,
971 2506 1007 2560 et
1025 2498 1116 2579 apud
1134 2496 1212 2560 illos
1231 2499 1351 2580 quibus
1371 2501 1423 2561 in-

289 2590 526 2676 junctum‘est
553 2591 694 2655 credere
721 2593 832 2657 vitam
858 2603 1049 2668 aeternam,
1078 2592 1170 2675 quod
1198 2593 1333 2657 animae
1359 2593 1425 2658 ho·

294 2687 421 2751 minum
450 2686 628 2765 similiter;
663 2695 699 2750 et
731 2687 779 2750 sic
807 2687 900 2771 quod
931 2708 1002 2750 non
1031 2687 1185 2764 videant,
1213 2687 1354 2753 audiant
1386 2700 1424 2754 et

292 2779 487 2866 loquantur,
506 2782 650 2866 proinde
667 2782 759 2866 quod
776 2783 882 2860 caeci,
900 2784 992 2846 surdi
1012 2791 1048 2846 et
1068 2783 1155 2845 muti
1175 2782 1256 2857 sint,
1276 2791 1312 2846 et
1331 2783 1426 2866 quod

293 2876 404 2941 solum
427 2879 461 2941 in
481 2877 652 2961 particula
675 2877 762 2942 aeris
786 2879 838 2942 sui
861 2879 1030 2961 cogitent.
1075 2875 1218 2953 Dicunt,
1237 2875 1425 2959 Quomodo

291 2982 409 3056 potest
426 2975 541 3039 anima
560 2995 637 3038 esse
656 2973 772 3037 aliud?
817 2973 942 3038 Nonne
962 2993 1083 3038 sensus
1100 2973 1238 3037 externi
1258 2992 1422 3038 unacum

292 3089 436 3152 corpore
460 3069 584 3132 mortui
606 3068 712 3133 sunt?
740 3078 777 3133 et
801 3069 892 3153 quod
915 3068 995 3133 illos
1018 3088 1088 3132 non
1111 3068 1246 3152 possint
1270 3069 1424 3151 recipere

290 3165 486 3249 priusquam
503 3165 619 3228 anima
636 3165 790 3229 reunitur
809 3183 886 3228 cum
903 3185 1066 3247 corpore;
1091 3174 1128 3227 et
1146 3163 1224 3247 quia
1240 3183 1308 3226 non
1320 3162 1424 3228 aliter

291 3281 393 3346 quam
410 3261 616 3324 sensualiter
629 3270 664 3324 et
681 3281 751 3325 non
769 3260 995 3345 spiritualiter
1006 3258 1301 3343 comprehendere
1318 3268 1421 3342 potu·

291 3367 391 3423 erunt
407 3367 537 3421 statum
554 3358 690 3422 animae
707 3368 787 3441 post
805 3367 964 3433 mortem,
976 3355 1072 3420 illurn
1088 3354 1420 3434 constabiliverunt;

292 3455 418 3538 alioqui
441 3454 601 3537 periisset
626 3453 710 3516 fides
734 3454 778 3517 de
801 3454 874 3516 vita
897 3463 1052 3516 aeterna.
1105 3451 1276 3533 Imprimis
1296 3448 1420 3517 confir·

293 3559 388 3615 mant
407 3550 497 3632 apud
517 3571 553 3614 se
570 3569 726 3614 amorem
746 3550 807 3624 sui,
825 3548 921 3612 illum
938 3558 1110 3612 vocantes
1125 3547 1219 3610 vitae
1235 3548 1363 3630 ignem,
1383 3555 1420 3612 et

291 3645 568 3710 excitamentum
581 3645 625 3708 ad
638 3647 752 3709 varios
764 3645 799 3706 in
812 3665 921 3727 regno
934 3665 1025 3706 usus.
1071 3643 1119 3707 Et
1136 3642 1214 3726 quia
1226 3640 1313 3705 tales
1327 3651 1421 3718 sunt,

291 3743 397 3806 etiam
421 3751 501 3806 sunt
528 3740 622 3805 idola
649 3741 710 3817 sui,
735 3760 774 3803 ac
806 3740 1043 3822 cogitationes
1065 3739 1215 3814 illorum,
1238 3738 1317 3820 quia
1338 3747 1420 3803 sunt

290 3836 446 3902 fallaciae
462 3847 498 3902 et
515 3858 561 3901 ex
576 3836 732 3914 fallaciis,
750 3845 830 3898 sunt
847 3835 1017 3918 imagines
1035 3834 1132 3913 salsi;
1156 3843 1192 3898 et
1208 3833 1285 3917 quia
1296 3829 1417 3915 jucun·

291 3935 343 3998 dis
362 3933 719 4016 concupiscentiarum
739 3932 869 4008 favent,
887 3940 969 3996 sunt
987 3931 1037 3996 illi
1054 3941 1198 3995 satanae
1218 3937 1254 3993 et
1272 3927 1398 3994 diaboli
1409 3951 1417 4010 ;

290 4040 433 4094 satanae
453 4030 612 4093 dicuntur
630 4029 686 4112 qui
706 4028 1005 4110 concupiscentias
1029 4025 1111 4091 mali
1129 4024 1218 4110 apud
1239 4045 1276 4089 se
1295 4023 1418 4089 confir·

291 4137 399 4202 mant,
414 4135 450 4190 et
467 4123 596 4189 diaboli
612 4125 669 4208 qui
684 4124 763 4188 illas
773 4126 904 4210 vivunt.
952 4127 1010 4190 [⁴·]
1041 4120 1173 4205 Quales
1184 4130 1264 4184 sunt
1277 4141 1417 4184 sensua-

290 4219 342 4285 les
356 4221 515 4286 homines
531 4221 747 4298 astutissimi,
766 4220 871 4284 etiam
889 4220 1011 4284 datum
1029 4227 1085 4290 est
1104 4219 1201 4283 scire.
1246 4216 1418 4281 Internum

290 4337 408 4382 eorum
431 4327 486 4382 est
508 4316 675 4400 profunde
700 4338 720 4381 a
747 4325 861 4398 tergo,
881 4325 918 4381 et
941 4315 1065 4381 volunt
1087 4313 1299 4396 inconspicui
1322 4333 1418 4392 esse;

291 4434 396 4498 quare
414 4423 584 4497 apparent
603 4413 649 4477 ibi
668 4412 829 4476 volantes
846 4412 936 4476 sicut
955 4410 1083 4489 larvae,
1102 4432 1190 4496 quae
1209 4419 1289 4474 sunt
1309 4409 1420 4492 phan-

290 4510 402 4575 tasiae
415 4529 545 4586 eorum,
562 4518 599 4575 et
615 4519 786 4574 vocantur
797 4508 900 4592 genii.
947 4506 1134 4590 Quondam
1151 4528 1197 4570 ex
1213 4505 1274 4570 illo
1290 4505 1421 4569 inferno

291 4605 395 4690 aliqui
408 4606 524 4671 emissi
536 4615 628 4682 sunt,
640 4614 679 4669 ut
695 4607 819 4669 scirem
832 4603 952 4688 quales
969 4612 1062 4667 sunt.
1109 4601 1164 4666 Illi
1178 4602 1298 4665 statim
1311 4600 1421 4684 appli-

290 4703 419 4768 cabant
438 4724 476 4767 se
495 4704 619 4768 cervici
639 4721 736 4766 meae
756 4701 819 4765 sub
838 4700 1009 4782 occipitio,
1031 4707 1067 4761 et
1091 4697 1171 4760 inde
1190 4697 1366 4760 intrabant
1387 4697 1422 4758 in
