3426 5382
323 641 364 703 88
666 653 870 704 sumnum
893 651 1092 706 nvoattcn

323 821 498 902 miraculo,
528 844 597 888 non
628 825 818 890 attendunt
847 824 947 892 aliter
975 826 1018 891 ad
1046 827 1130 893 illud
1156 847 1257 913 quam
1288 830 1376 899 sicut
1407 835 1452 900 ad

321 918 400 983 leve
420 931 661 1002 argumentum
684 921 777 1004 quod
801 921 982 987 confirmat
1007 921 1109 988 fidem
1133 944 1273 1006 eorum3
1298 947 1378 993 nam
1403 931 1453 995 illi

321 1035 343 1079 a
369 1015 498 1093 Verbo,
530 1017 580 1081 ita
610 1039 630 1080 a
648 1016 811 1083 'Domino
841 1019 1009 1102 cogitant,
1037 1027 1073 1083 et
1103 1040 1173 1084 non
1198 1042 1244 1084 ex
1274 1024 1451 1090 miraculo.

322 1110 437 1176 Aliter
455 1134 537 1177 vero
561 1112 660 1177 mali:
684 1113 734 1177 illi
758 1113 895 1196 quidem
919 1135 980 1197 per
999 1115 1165 1179 miracula
1187 1129 1334 1199 possunt
1357 1122 1453 1206 adigi

322 1217 359 1271 et
387 1210 465 1292 cogi
492 1210 536 1272 ad
559 1208 673 1286 fidem,
699 1209 805 1274 immo
828 1210 873 1274 ad
899 1209 1031 1275 cultum
1055 1219 1092 1275 et
1116 1211 1160 1274 ad
1184 1213 1363 1295 pietatem,
1387 1219 1451 1282 sed

321 1304 434 1368 solum
453 1306 496 1369 ad
516 1325 662 1389 paucum
682 1315 840 1389 tempus;
863 1324 944 1370 nam
963 1306 1056 1370 mala
1072 1326 1189 1371 eorum
1209 1308 1342 1375 inclusa
1357 1322 1450 1388 sunt,

322 1420 465 1483 quorum
489 1401 791 1485 concupiscentiae
815 1411 851 1467 et
874 1402 955 1466 inde
978 1401 1130 1485 jucunda
1156 1405 1321 1470 continue
1340 1420 1450 1490 agunt

321 1497 355 1560 in
385 1509 570 1564 externum
601 1499 715 1564 cultus
745 1507 781 1563 et
807 1500 949 1584 pietatis
977 1520 1106 1578 eorum,
1134 1521 1174 1565 ac
1204 1510 1242 1566 ut
1269 1515 1401 1570 exeant
1430 1528 1450 1572 e

322 1593 477 1659 claustro
495 1616 558 1660 suo
577 1605 613 1661 et
632 1605 825 1677 erumpant,
847 1595 1034 1678 ¹¹¹cogitant
1058 1597 1102 1662 de
1120 1596 1296 1675 miraculo,
1316 1609 1352 1664 et
1370 1611 1449 1666 tan·

320 1689 400 1753 dem
420 1703 550 1754 vocant
568 1690 654 1755 illud
674 1691 853 1755 ludibrium
873 1691 928 1756 vel
952 1691 1146 1768 artificium,
1165 1692 1221 1757 vel
1241 1714 1328 1778 opus
1347 1707 1448 1762 natu·

321 1806 390 1860 rae,
408 1797 444 1850 et
467 1788 516 1850 sic
535 1788 681 1850 redeunt
703 1787 737 1851 in
760 1807 822 1850 sua
839 1787 949 1851 mala:
975 1797 1011 1851 et
1030 1790 1087 1870 qui
1105 1788 1195 1852 redit
1218 1788 1253 1853 in
1273 1810 1334 1854 sua
1357 1793 1450 1858 mala

322 1892 402 1964 post
425 1883 567 1958 cultum,
588 1882 646 1946 ille
666 1882 823 1964 profanat
839 1903 923 1946 vera
945 1892 982 1948 et
1005 1883 1099 1948 bona
1120 1884 1245 1961 cultus,
1270 1906 1311 1950 ac
1335 1887 1448 1972 prola·

321 1987 481 2040 natorum
499 1998 573 2041 sors
589 1986 670 2061 post
689 1987 838 2042 mortem
855 1987 908 2042 est
928 1979 1079 2043 omnium
1097 1998 1257 2061 pessima.
1304 1981 1351 2046 Hi
1367 1996 1448 2049 sunt

321 2074 377 2154 qui
401 2073 641 2154 intelliguntur
659 2093 721 2156 per
739 2073 879 2137 Domini
895 2076 1002 2138 verba
1024 2075 1114 2158 apud
1136 2074 1350 2142 Matthaeum
1374 2079 1448 2161 (xii.

319 2168 453 2251 43-45)‚
470 2186 613 2251 quorum
631 2179 745 2232 status
761 2170 931 2252 posterior
946 2169 984 2233 fit
998 2170 1093 2254 pejor
1107 2172 1221 2254 priori.
1266 2172 1449 2240 Praeterea

320 2263 349 2325 si
376 2264 539 2327 miracula
566 2265 656 2347 apud
685 2263 775 2340 illos,
800 2266 950 2348 quinon
977 2266 1123 2331 credunt
1148 2287 1193 2329 ex
1218 2268 1391 2334 miraculis
1414 2273 1446 2335 in

320 2357 450 2435 Verbo,
467 2359 601 2436 fierent,
618 2362 782 2424 continue
798 2359 930 2435 fierent,
944 2369 981 2423 et
997 2380 1112 2425 coram
1127 2362 1202 2425 visu
1218 2364 1309 2446 apud
1327 2385 1448 2430 omnes

317 2455 418 2519 tales.
464 2455 521 2520 Ex
549 2455 601 2519 his
629 2464 791 2519 constare
815 2465 946 2538 potest,
972 2456 1061 2520 unde
1088 2458 1258 2542 estquod
1282 2460 1448 2540 miracula

318 2549 421 2614 hodie
442 2571 511 2615 non
531 2551 626 2614 fiant.

383 2641 540 2728 134[a].
575 2640 639 2726 (ii.)
667 2640 765 2721 Quod
790 2663 882 2706 nemo
913 2643 1117 2724 reformetur
1139 2653 1207 2726 per
1234 2645 1380 2712 vastem
1412 2657 1448 2714 et

314 2747 381 2822 per
406 2737 554 2820 loquelas
585 2758 658 2802 cum
686 2738 863 2818 defundis,
887 2739 968 2822 quia
999 2741 1339 2822 cogunt-Visiones
1364 2754 1446 2812 sunt

315 2832 461 2915 duplicis
487 2834 635 2913 generis,
664 2831 812 2896 Divinae
842 2842 878 2897 et
901 2831 1104 2896 diabolicae.
1150 2830 1314 2899 Visiones
1346 2835 1443 2900 Divi·

315 2951 380 2993 nae
404 2926 490 2991 liunt
510 2948 571 3008 per
586 2929 883 3010 repraesentativa
899 2929 934 2991 in
954 2926 1074 3006 caelo;
1098 2946 1137 2991 ac
1153 2929 1306 2994 visiones
1322 2931 1443 2996 diabo-

315 3025 402 3088 licae
431 3022 516 3088 fiunt
542 3044 603 3106 per
632 3024 768 3105 magica
796 3024 831 3088 in
855 3024 998 3087 inferno.
1048 3021 1136 3087 Sunt
1165 3025 1268 3088 etiarn
1293 3027 1444 3092 visiones

314 3119 568 3203 phantasticae,
588 3140 677 3203 quae
703 3131 785 3183 sunt
809 3117 1062 3182 ludificationes
1085 3120 1212 3183 mentis
1234 3119 1442 3187 abstractae.

314 3215 477 3280 Visiones
501 3214 660 3292 Divinae,
680 3235 779 3298 quae,
804 3224 841 3277 ut
864 3212 994 3278 dietum
1014 3223 1081 3290 est,
1105 3213 1191 3278 fiunt
1217 3234 1278 3298 per
1304 3237 1441 3300 reprae-

314 3313 491 3376 sentativa
502 3311 535 3375 in
549 3310 659 3386 caelo,
674 3321 753 3374 sunt
769 3309 889 3393 quales
904 3309 1040 3374 luerunt
1056 3309 1235 3392 prophetis
1250 3332 1257 3390 ;
1282 3315 1349 3394 qui,
1363 3332 1442 3378 cum

314 3409 348 3471 in
372 3407 439 3471 illis
462 3415 573 3482 erant,
597 3427 667 3470 non
691 3415 790 3469 erant
814 3407 848 3469 in
871 3425 1026 3488 corpore,
1046 3405 1109 3468 sed
1133 3405 1167 3469 in
1191 3407 1313 3488 spiritu
1327 3429 1335 3488 ;
1361 3428 1442 3473 narn

313 3504 464 3566 visiones
494 3521 563 3566 non
593 3513 740 3585 possunt
769 3521 935 3585 apparere
964 3501 1065 3564 alicui
1098 3499 1230 3565 homini
1262 3503 1297 3567 in
1323 3504 1442 3587 vigilia

315 3599 467 3680 corporis
490 3599 551 3661 sui.
598 3594 713 3679 Quare
735 3617 813 3660 cum
840 3606 1072 3679 apparuerunt
1100 3596 1292 3680 prophetis,
1316 3600 1442 3665 dicitur

314 3695 421 3758 etiam
444 3694 536 3775 quod
556 3703 638 3757 tunc
662 3693 787 3758 luerint
810 3693 844 3758 in
867 3692 1011 3775 spiritu3
1042 3700 1081 3756 ut
1099 3701 1199 3777 patet
1221 3713 1243 3759 a
1264 3697 1440 3780 sequenti·

313 3789 377 3852 bus
393 3789 455 3852 his.
502 3787 666 3852 Ezechiel
681 3789 776 3862 dicit,

364 3951 501 4014 “Spiritus
517 3951 626 4001 sustulit
641 3966 692 4010 me,
705 3960 732 4000 et
747 3950 853 4001 reduxit
870 3965 914 4000 me
932 3951 960 4000 in
979 3949 1145 4002 chaldaeam
1163 3953 1198 4003 sd
1213 3952 1397 4016 captivitatem
1413 3953 1441 4002 in

445 4017 551 4066 visione
575 4017 634 4074 Dei,
658 4017 685 4066 in
704 4017 800 4080 spiritu
818 4016 886 4076 Dei;
905 4017 943 4066 ita
962 4014 1085 4067 ascendit
1102 4031 1184 4081 super
1201 4032 1244 4068 me
1261 4016 1338 4067 Vislo
1359 4033 1440 4081 quam

445 4082 521 4134 vidi”
534 4079 660 4148 qamt]
674 4083 709 4133 xi.
727 4095 748 4141 1,
761 4083 819 4143 220:

363 4150 434 4200 Tum
449 4151 520 4213 quod
533 4149 673 4199 sustulerit
684 4149 759 4199 illum
775 4148 889 4212 Spiritus
904 4149 975 4198 inter
986 4158 1084 4198 terram
1098 4158 1125 4199 et
1136 4150 1249 4206 caelum.
1260 4159 1288 4199 et
1299 4149 1442 4198 abduxerit

446 4218 473 4266 in
488 4216 707 4280 Hierosolymam
722 4217 748 4265 in
762 4216 912 4264 visionibus
927 4214 976 4264 Dei
989 4214 1054 4274 (viii.
1067 4227 1090 4276 3,
1102 4218 1185 4279 seq.);

364 4282 493 4332 Similiter
511 4283 561 4332 luit
579 4283 605 4332 in
625 4282 730 4331 visione
750 4281 799 4330 Dei
818 4295 866 4330 seu
884 4278 989 4344 spiritu,
1006 4295 1067 4330 cum
1085 4281 1152 4331 vidit
1169 4291 1286 4346 quatuor
1301 4281 1441 4334 animalia.

446 4364 513 4412 quae
525 4359 603 4398 erant
615 4349 725 4397 cherubi
737 4347 764 4407 (i.
777 4357 804 4396 et
816 4347 868 4406 x.);

365 4415 402 4466 Ut
414 4423 449 4473 et,
464 4429 524 4464 cum
537 4415 604 4463 vidit
616 4429 717 4463 novum
731 4412 862 4476 ternplum
874 4423 901 4463 et
914 4426 1014 4463 novam
1026 4422 1134 4474 terram,
1143 4421 1172 4464 et
1185 4413 1313 4476 angelum
1328 4413 1442 4462 metien-

445 4490 500 4530 tem
514 4480 561 4530 illa
572 4479 748 4542 (xl.-xlviii.);
852 4473 859 4490 '

312 4643 404 4727 quod
424 4652 507 4707 tunc
527 4641 676 4707 fueritin
695 4643 883 4706 visionibus
902 4641 979 4719 Dei,
996 4640 1090 4719 dicit,
1107 4661 1182 4726 cap.
1202 4639 1251 4704 xl.
1268 4657 1297 4718 2,
1318 4642 1379 4720 263
1405 4655 1442 4707 et
