3352 5374
425 677 475 726 nu
498 673 634 726 mvmo
657 672 803 736 anona,
824 672 917 724 runs
940 671 1073 722 111.-N.
1090 670 1162 739 215.
1314 657 1354 738 85

233 850 302 926 ris;
325 857 429 933 atque
448 867 527 910 usus
550 854 604 909 est
628 843 707 908 talis
726 843 930 927 complexus
952 852 987 908 et
1012 842 1085 908 tale
1103 843 1305 920 continens,·
1319 852 1358 907 ut

230 943 351 1007 omnia
363 941 487 1004 amoris
504 947 539 1002 et
557 937 672 1002 omnia
688 937 877 1019 sapientiae
891 934 1071 1001 adinaliter
1086 935 1136 999 illi
1155 935 1260 999 insint
1275 957 1283 1014 ;
1303 947 1358 999 est

230 1034 477 1098 simultaneum
491 1050 617 1095 eorum.
663 1027 731 1093 Sed
749 1030 853 1112 probe
865 1030 1041 1093 sciendum
1054 1037 1119 1104 est,
1134 1028 1225 1112 quod
1242 1029 1357 1091 omnia

229 1127 361 1190 amoris
388 1135 424 1188 et
454 1124 655 1206 sapientiae,
680 1143 767 1206 quae
794 1121 1012 1204 homogenea
1041 1129 1077 1185 et
1107 1119 1357 1185 concordantia

229 1228 326 1292 sunt,
351 1219 424 1281 usui
447 1217 564 1290 insint,
589 1215 778 1278 secundum
800 1213 871 1289 illa,
897 1234 984 1296 quae
1007 1233 1109 1296 supra
1133 1211 1183 1296 (in
1209 1213 1356 1277 articulo

229 1331 267 1374 n.
290 1307 448 1392 189-194)
468 1306 562 1372 ditia
581 1317 616 1373 et
636 1318 779 1371 ostensa
798 1314 891 1370 sunt.
1291 1315 1294 1320 '

297 1427 391 1495 214.
422 1411 461 1474 In
484 1411 571 1475 serie
590 1409 749 1474 similium
769 1410 937 1491 graduum
957 1417 1036 1472 sunt
1055 1428 1189 1493 quoque
1208 1405 1355 1484 affectio,

227 1505 402 1586 cogitatio
418 1513 454 1567 et
471 1501 580 1581 adiio;
598 1504 676 1587 quia
692 1502 803 1566 omnis
818 1499 952 1565 affectio
968 1521 1005 1564 se
1018 1502 1121 1564 refert
1135 1501 1178 1563 ad
1191 1520 1355 1575 amorem,

226 1597 402 1678 cogitatio
414 1595 458 1659 ad
471 1597 688 1678 sapientiam,
702 1605 737 1658 et
749 1591 839 1658 aetio
852 1593 895 1656 ad
907 1612 1013 1656 usum.
1043 1593 1082 1656 In
1096 1593 1182 1656 serie
1195 1592 1355 1656 similium

227 1688 401 1770 graduum
420 1699 499 1751 sunt
516 1688 677 1762 charitas,
696 1686 791 1761 lides,
809 1694 845 1749 et
864 1685 993 1749 bonum
1013 1704 1120 1767 opus;
1144 1705 1225 1749 nam
1244 1685 1356 1748 chari·

228 1791 288 1844 tas
304 1791 358 1844 est
374 1777 574 1855 affectionis,
588 1777 674 1843 fides
686 1788 740 1843 est
754 1777 989 1859 cogitationis,
1003 1786 1039 1840 et
1054 1777 1181 1840 bonum
1198 1798 1284 1860 opus
1301 1789 1356 1843 est

227 1869 388 1936 actionis.
434 1871 474 1935 In
493 1873 580 1936 serie
596 1871 755 1934 similium
771 1870 939 1952 graduum
959 1877 1039 1934 sunt
1056 1870 1162 1932 etiam
1179 1869 1355 1946 voluntas,

226 1962 440 2040 intellectus,
461 1974 497 2028 et
510 1965 711 2028 exercitium
727 1984 734 2041 ;
752 1981 832 2026 nam
845 1961 1006 2027 voluntas
1019 1971 1074 2026 est
1086 1963 1210 2027 amoris
1223 1973 1260 2027 et
1276 1962 1357 2028 inde

226 2053 431 2132 affeetionis,
449 2053 646 2121 intellectus
662 2064 718 2120 est
736 2056 926 2136 sapientiae
946 2065 982 2118 et
999 2054 1079 2118 inde
1096 2054 1185 2129 fidei,
1202 2063 1237 2119 et
1254 2076 1357 2120 exer·

225 2148 353 2212 citium
375 2158 430 2212 est
450 2168 529 2212 usus
555 2158 591 2212 et
618 2147 698 2212 inde
721 2149 843 2230 operis.
889 2145 985 2212 Sicut
1004 2147 1121 2230 itaque
1144 2148 1218 2210 usui
1239 2149 1356 2213 insunt

225 2241 348 2304 omnia
364 2241 554 2324 sapientiae
572 2249 608 2305 et
625 2240 762 2317 amoris,
780 2241 829 2304 ita
844 2238 971 2304 attioni
987 2240 1105 2304 insunt
1123 2241 1239 2303 omnia
1258 2243 1354 2322 cogi-

227 2333 373 2397 tationis
388 2343 424 2398 et
443 2330 641 2408 affectionis,
660 2333 752 2396 bono
770 2332 865 2414 operi
882 2333 998 2396 omnia
1013 2331 1091 2396 fidei
1110 2341 1146 2396 et
1163 2330 1355 2407 charitatis,

185 2491 187 2494 .
224 2433 269 2488 et
284 2426 331 2488 sic
345 2445 467 2508 porro;
487 2425 547 2490 sed
564 2425 681 2489 omnia
693 2424 921 2506 homogenea,
935 2423 1000 2487 hoc
1013 2432 1067 2488 est
1078 2424 1337 2488 concordantia.

294 2540 388 2610 215·
418 2523 520 2610 Quod
554 2525 712 2591 ultimum
742 2526 888 2608 cujusvis
918 2526 1028 2601 seriei,
1056 2526 1148 2609 quod
1178 2535 1232 2589 est
1263 2547 1354 2604 usus,

223 2615 333 2694 attio,
351 2639 436 2701 opus
451 2629 488 2684 et
508 2621 723 2694 exercitium,
741 2620 786 2683 sit
803 2615 1006 2701 complexus
1026 2627 1062 2682 et
1081 2620 1264 2681 continens
1280 2639 1354 2683 om·

225 2711 324 2773 nium
341 2712 500 2793 priorum,
518 2711 671 2775 nondum
687 2721 741 2775 est
758 2720 889 2775 notum.
935 2709 1094 2793 Apparet
1110 2711 1199 2774 sicut
1221 2711 1256 2774 in
1280 2731 1353 2786 usu,

223 2799 377 2878 actione,
395 2823 499 2886 opere
518 2813 554 2867 et
574 2805 755 2880 exercitio,
773 2823 842 2867 non
861 2803 937 2885 plus
955 2803 1036 2867 insit
1054 2823 1154 2885 quam
1172 2802 1242 2867 tale
1261 2803 1354 2886 quod

223 2904 286 2958 est
305 2896 339 2958 in
356 2906 473 2974 motu;
497 2896 558 2959 sed
576 2917 681 2979 usque
697 2895 764 2960 illis
778 2897 893 2959 omnia
909 2896 1020 2978 priora
1032 2893 1213 2960 adtualiter
1225 2896 1353 2971 insunt,

222 2996 266 3050 et
279 2995 351 3050 tam
364 2986 465 3070 plene
479 2997 515 3052 ut
530 2987 614 3052 nihil
628 2988 716 3052 desit
729 3008 736 3050 :
761 2999 841 3052 sunt
853 2988 887 3051 in
900 2987 967 3051 illis
980 2987 1122 3062 inclusa,
1136 2987 1225 3051 sicut
1238 2987 1354 3051 vinum

223 3078 264 3142 in
280 3099 343 3142 suo
354 3099 445 3154 vase,
458 3090 493 3144 et
510 3081 597 3144 sicut
611 3081 772 3144 utensilia
787 3081 821 3143 in
835 3101 896 3144 sua
908 3081 1022 3144 domo.
1068 3077 1171 3161 Quod
1184 3078 1270 3143 haec
1284 3100 1355 3144 non

221 3181 432 3253 appareant,
449 3181 504 3236 est
523 3173 601 3254 quia
619 3172 730 3237 solum
747 3173 901 3236 exterius
917 3168 1128 3254 spediantur,
1145 3182 1181 3236 et
1200 3173 1354 3236 exterius

222 3261 388 3344 spectata
405 3274 485 3327 sunt
504 3265 608 3328 modo
627 3263 825 3329 adtivitates
847 3273 882 3328 et
906 3275 1031 3328 motus.
1077 3262 1143 3328 Est
1167 3266 1256 3328 sicut
1276 3282 1353 3327 cum

223 3354 369 3418 brachia
387 3365 423 3418 et
440 3375 560 3420 manus
579 3377 617 3420 se
633 3367 787 3432 movent,
805 3376 844 3420 ac
861 3357 1014 3420 nescitur
1030 3357 1121 3438 quod
1138 3356 1232 3419 mille
1249 3355 1353 3419 fibrae

222 3447 393 3510 motrices
408 3449 452 3511 ad
471 3448 660 3530 quemlibet
676 3459 808 3512 motum
825 3468 942 3512 eorum
960 3457 1185 3525 concurrunt;
1210 3458 1245 3511 et
1262 3448 1353 3530 quod

224 3538 326 3602 mille
354 3537 446 3603 libris
475 3541 677 3604 motricibus
704 3541 811 3604 millia
841 3541 1066 3621 cogitationis
1096 3552 1132 3605 et
1163 3537 1354 3603 affectionis

222 3632 536 3712 correspondeant,
558 3654 644 3715 quae
664 3632 764 3697 libras
784 3635 945 3696 motrices
965 3635 1144 3711 excitant;
1169 3653 1256 3716 quae
1275 3634 1354 3716 quia

225 3721 352 3787 ⁴·ntime
370 3733 490 3805 agunt,
511 3744 627 3788 coram
647 3725 763 3807 aliquo
782 3745 885 3788 sensu
904 3726 1056 3806 corporis
1080 3745 1148 3788 non
1172 3734 1352 3806 apparent.

228 3809 310 3878 Hoc
328 3825 447 3879 notum
464 3825 529 3892 est,
547 3818 637 3900 quod
657 3816 740 3880 nihil
757 3826 880 3898 agatur
896 3819 929 3880 in
947 3837 1090 3900 corpore
1106 3826 1164 3880 aut
1181 3836 1241 3899 per
1256 3815 1352 3892 illud,

222 3907 294 3970 nisi
310 3927 412 3991 quam
428 3929 474 3972 ex
490 3909 671 3973 voluntate
688 3929 748 3991 per
763 3909 1035 3990 cogitationem
1059 3919 1096 3974 et
1114 3909 1192 3991 quia
1209 3918 1354 3990 utraque

231 3998 315 4081 agit,
336 4019 404 4063 non
424 4011 542 4082 potest
562 4021 631 4065 non
654 4002 734 4084 quin
754 4002 869 4064 omnia
892 4011 927 4065 et
952 4000 1087 4082 singula
1103 4000 1293 4064 voluntatis
1317 4009 1353 4064 et

221 4093 455 4174 cogitationis
477 4079 604 4157 actioni
630 4095 760 4171 insint;
794 4114 864 4156 non
888 4095 1038 4176 separari
1062 4104 1220 4174 possunt.
1266 4091 1353 4155 Inde

219 4192 295 4260 est,
312 4184 403 4267 quod
422 4206 468 4249 ex
487 4182 585 4250 saetis
597 4205 655 4250 seu
672 4184 831 4269 operibus
840 4185 1013 4266 judicetur
1030 4186 1075 4248 ab
1091 4185 1165 4249 aliis
1181 4185 1224 4250 de
1240 4184 1351 4248 homi·

227 4275 282 4338 nis
312 4278 528 4358 cogitatione
551 4277 755 4353 voluntatis,
779 4298 866 4362 quae
896 4288 1041 4342 vocatur
1067 4279 1226 4342 intentio.
1273 4275 1351 4340 Hoc

221 4367 310 4431 mihi
323 4377 444 4432 notum
456 4367 582 4434 {adium
596 4379 662 4446 est,
676 4369 768 4454 quod
787 4369 903 4453 angeli
915 4391 960 4434 ex
980 4369 1057 4434 solo
1069 4367 1160 4434 fatto
1176 4391 1235 4434 seu
1248 4387 1353 4450 opere
1367 4423 1374 4432 .

220 4457 376 4524 hominis
389 4463 580 4546 percipiant
596 4472 631 4527 et
645 4463 785 4528 videant
798 4482 900 4528 omne
911 4461 1102 4527 voluntatis
1118 4461 1352 4543 etcogitatio·

221 4552 280 4614 nis
289 4551 361 4634 ejus
371 4555 428 4636 qui
439 4554 521 4619 facit
533 4576 541 4635 ;
559 4555 675 4637 angeli
685 4557 778 4620 tertii
791 4554 877 4621 caeli
888 4577 934 4620 ex
944 4553 1126 4620 voluntate
1135 4553 1237 4618 finem
1248 4573 1351 4636 prop·

220 4655 283 4711 ter
300 4665 423 4731 quem;
454 4666 494 4711 ac
513 4646 629 4730 angeli
648 4649 791 4713 secundi
814 4649 899 4714 caeli
918 4665 1057 4712 causam
1076 4665 1257 4731 perquam
1277 4642 1354 4708 linis
