3358 5384
354 663 398 742 64
707 671 909 726 stimuum
931 672 1127 726 ANGELICA

356 846 434 910 Duo
463 845 512 909 illi
539 845 656 909 mundi
685 865 823 928 prorsus
853 843 983 910 similes
1008 845 1123 929 quoad
1146 853 1330 912 externam
1351 846 1474 913 faciem

355 953 444 1020 sunt,
465 945 514 1008 ita
533 944 662 1008 similes
682 953 719 1007 ut
737 963 805 1007 non
825 943 991 1028 distingui
1009 944 1155 1027 possint,
1175 955 1212 1010 at
1231 945 1344 1029 quoad
1367 946 1474 1012 inter·

356 1061 435 1106 nam
454 1042 574 1106 laciem
594 1063 732 1125 prorsus
752 1041 934 1108 dissimiles
957 1051 1048 1106 sunt.
1093 1041 1163 1126 ipsi
1185 1041 1341 1108 homines
1365 1045 1421 1129 qui
1438 1046 1473 1111 in

355 1140 483 1204 mundo
502 1139 670 1224 spirituali
689 1145 781 1215 sun‘t,
801 1140 858 1224 qui
877 1149 914 1212 ut
933 1137 1062 1208 ditium
1085 1149 1151 1218 est,
1171 1150 1340 1206 vocantur
1358 1141 1474 1226 angeli

352 1248 390 1302 et
409 1238 557 1321 spiritus,
578 1248 657 1302 sunt
673 1237 888 1321 spirituales3
912 1247 949 1302 et
965 1239 1043 1322 quia
1058 1237 1252 1321 spirituales
1267 1248 1360 1315 sunt,
1377 1241 1474 1323 spiri·

354 1335 494 1400 tualiter
524 1338 683 1419 cogitant
707 1345 743 1402 et
767 1335 989 1420 spiritualiter
1008 1335 1213 1420 loquuntur:
1248 1346 1285 1400 at
1316 1337 1474 1404 homines

353 1435 409 1517 qui
428 1435 462 1497 in
483 1434 629 1498 naturali
649 1436 777 1498 mundo
796 1445 888 1508 sunt,
906 1434 1080 1498 naturales
1099 1443 1191 1508 sunt,
1212 1445 1248 1499 et
1271 1434 1350 1499 ideo
1373 1444 1474 1500 natu·

353 1532 472 1596 raliter
495 1533 652 1614 cogitant
672 1545 707 1597 et
727 1533 930 1597 naturaliter
953 1532 1159 1616 loquuntur;
1191 1552 1231 1596 ac
1251 1534 1418 1616 cogitatio
1437 1541 1474 1600 et

353 1627 492 1712 loquela
510 1629 697 1713 spiritualis
717 1650 793 1694 cum
813 1631 1028 1713 cogitatione
1047 1640 1082 1693 et
1102 1628 1239 1714 loquela
1254 1630 1403 1696 naturali
1422 1631 1473 1696 ni·

353 1725 402 1790 hil
426 1747 607 1791 commune
631 1727 747 1792 habet.
792 1729 849 1792 Ex
872 1749 914 1791 eo
939 1737 1047 1810 patet,
1065 1729 1157 1812 quod
1181 1728 1249 1791 duo
1272 1727 1321 1792 illi
1344 1730 1472 1805 mundi,

353 1824 539 1907 spiritualis
555 1837 590 1888 et
608 1825 790 1901 naturalis,
802 1827 892 1890 inter
908 1846 945 1888 se
961 1846 1099 1908 prorsus
1115 1823 1269 1890 distincti
1285 1827 1365 1901 sint,
1385 1827 1474 1892 adeo

353 1931 392 1985 ut
410 1921 506 1984 nullo
525 1922 630 1986 modo
648 1924 748 1986 simul
767 1944 843 1987 esse
862 1925 1007 2006 possint.

416 2021 515 2102 164.
542 2019 641 2084 Nunc
665 2022 743 2104 quia
766 2023 834 2085 duo
852 2021 901 2085 illi
924 2022 1041 2086 mundi
1063 2021 1113 2085 ita
1129 2018 1282 2085 distintti
1299 2031 1392 2096 sunt,
1413 2041 1473 2087 ne·

353 2136 488 2180 cessum
511 2128 565 2181 est
585 2127 622 2182 ut
641 2117 712 2182 bini
729 2118 820 2183 soles
839 2120 920 2195 sint,
942 2140 1028 2182 unus
1047 2139 1093 2182 ex
1112 2140 1181 2203 quo
1199 2119 1314 2186 omnia
1333 2119 1472 2201 spiritu·

352 2214 420 2279 alia
438 2225 529 2290 sunt,
550 2226 585 2279 et
605 2215 695 2279 alter
714 2237 760 2280 ex
779 2237 846 2300 quo
865 2218 980 2281 omnia
999 2217 1185 2281 naturalia:
1210 2227 1246 2281 et
1261 2216 1340 2300 quia
1358 2217 1474 2281 omnia

352 2311 540 2397 spiritualia
558 2314 591 2377 in
612 2334 672 2377 sua
691 2315 823 2396 origine
841 2324 921 2379 sunt
942 2316 1030 2392 viva,
1051 2326 1087 2379 et
1105 2314 1221 2378 omnia
1239 2313 1409 2377 naturalia
1427 2332 1473 2378 ex

352 2429 414 2474 sua
428 2413 562 2494 origine
586 2422 733 2488 mortua,
753 2432 793 2476 ac
817 2412 910 2476 soles
933 2422 1014 2477 sunt
1032 2413 1193 2494 origines,
1213 2413 1366 2495 sequitur
1380 2410 1472 2494 quod

352 2529 438 2572 unus
454 2508 513 2574 Sol
530 2511 624 2574 vivus
640 2511 695 2586 sit,
713 2520 749 2574 et
764 2510 854 2595 quod
871 2511 960 2575 alter
971 2509 1024 2574 sol
1040 2522 1195 2574 mortuus
1206 2509 1268 2572 sit:
1288 2517 1361 2573 tum
1380 2507 1472 2592 quod

351 2606 425 2688 ipse
445 2606 497 2671 sol
516 2620 672 2672 mortuus
691 2627 752 2690 per
767 2606 884 2673 Solem
900 2610 1014 2672 vivum
1033 2629 1054 2672 a
1073 2607 1224 2672 Domino
1242 2615 1379 2671 creatus
1398 2609 1455 2671 sit.

416 2703 513 2786 165,
544 2704 645 2788 Quod
664 2706 717 2772 sol
737 2718 890 2771 mortuus
909 2716 1046 2770 creatus
1068 2707 1123 2781 sit,
1141 2715 1195 2770 est
1214 2704 1259 2768 ob
1277 2723 1416 2769 causam
1435 2712 1473 2771 ut

352 2801 387 2864 in
406 2800 534 2866 ultimis
553 2805 669 2867 omnia
691 2804 771 2879 fixa,
792 2815 887 2869 stata
905 2814 941 2868 et
960 2805 1158 2868 constantia
1176 2803 1257 2878 sint,
1276 2822 1317 2866 ac
1336 2811 1374 2866 ut
1392 2803 1472 2866 inde

352 2900 509 2965 existant
532 2922 620 2985 quae
644 2913 875 2985 perennatura
897 2912 933 2966 et
956 2902 1182 2984 perduratura
1204 2911 1302 2964 sunt:
1335 2900 1384 2964 ita
1403 2919 1471 2964 non

351 2995 452 3059 aliter
474 2997 636 3063 fundatur
658 3003 797 3065 creatio.
843 2997 946 3064 Orbis
975 3009 1186 3082 terraqueus,
1210 2999 1244 3062 in
1268 3019 1346 3082 quo,
1371 3017 1472 3080 super

352 3116 420 3178 quo
443 3110 479 3164 et
503 3100 628 3162 circum
651 3118 763 3182 quem,
785 3098 870 3162 talia
892 3107 983 3174 sunt,
1004 3106 1058 3161 est
1082 3099 1171 3161 sicut
1194 3097 1286 3162 basis
1305 3105 1340 3160 et
1358 3095 1470 3159 firma·

351 3207 517 3272 mentum,
538 3217 618 3261 nam
634 3207 688 3262 est
707 3196 865 3260 ultimum
884 3215 981 3278 opus,
1001 3197 1035 3260 in
1055 3194 1146 3277 quod
1165 3195 1280 3259 omnia
1298 3193 1470 3268 desinunt,

351 3304 386 3358 et
405 3316 507 3377 super
525 3316 593 3378 quo
611 3297 800 3378 quiescunt.
848 3290 950 3376 Quod
969 3293 1075 3358 etiam
1098 3294 1143 3356 sit
1162 3294 1250 3356 sicut
1269 3292 1408 3366 matrix,
1426 3309 1470 3354 ex

351 3414 418 3476 qua
451 3392 601 3469 effeetus,
626 3395 682 3477 qui
710 3402 790 3456 sunt
822 3391 907 3456 fines
936 3391 1133 3468 creationis,
1162 3391 1406 3473 producuntur,
1437 3390 1471 3451 in

350 3492 571 3574 sequentibus
590 3492 732 3554 dicetur.

415 3588 515 3653 1⁶6.
546 3587 648 3670 Quod
665 3589 779 3652 omnia
798 3609 819 3652 a
839 3589 989 3652 Domino
1008 3607 1069 3669 per
1087 3584 1203 3651 Solem
1219 3586 1334 3648 vivum
1354 3593 1471 3648 creata

350 3689 431 3760 sint,
452 3696 487 3749 et
508 3686 590 3749 nihil
611 3706 670 3768 per
693 3686 802 3749 solem
826 3695 1009 3760 mortuum,
1030 3693 1191 3748 constare
1214 3692 1332 3766 potest
1351 3702 1397 3745 ex
1415 3703 1468 3759 eo,

349 3785 440 3870 quod
457 3785 570 3848 vivum
584 3787 744 3866 disponat
760 3794 932 3848 mortuum
949 3783 992 3847 ad
1008 3784 1059 3846 sui
1073 3781 1283 3863 obsequium,
1298 3789 1333 3843 et
1346 3780 1470 3845 formet

349 3884 434 3949 illud
459 3884 502 3948 ad
529 3905 619 3958 usus,
637 3885 693 3966 qui
720 3892 800 3946 sunt
830 3882 916 3946 lines
946 3882 1039 3964 ejus;
1072 3899 1141 3943 non
1169 3889 1286 3943 autem
1310 3879 1468 3943 vicissim.

350 3983 513 4066 Cogitare
532 3982 622 4066 quod
642 3982 756 4044 omnia
775 4001 796 4044 a
814 3990 938 4044 natura
956 3981 1036 4052 sint,
1056 3987 1093 4042 et
1113 3977 1204 4061 quod
1224 3977 1268 4040 ab
1286 3975 1346 4038 illa
1364 3977 1469 4040 etiam

349 4084 394 4147 sit
412 4084 495 4156 vita,
511 4101 579 4143 non
597 4088 714 4162 potest
734 4079 797 4142 nisi
812 4098 914 4163 quam
931 4078 1072 4141 orbatus
1088 4076 1245 4152 ratione3
1268 4074 1295 4136 is
1315 4093 1383 4136 non
1403 4075 1470 4139 scit

349 4182 430 4266 quid
453 4180 533 4244 vita.
580 4175 714 4242 Natura
736 4198 804 4241 non
828 4185 946 4260 potest
969 4176 1153 4258 disponere
1175 4174 1283 4236 vitam
1306 4171 1351 4234 ad
1375 4173 1468 4253 quic·

349 4297 462 4364 quam,
476 4286 530 4342 est
543 4277 633 4341 enim
650 4286 774 4340 natura
789 4277 822 4339 in
840 4296 878 4338 se
890 4294 1028 4356 prorsus
1041 4274 1140 4336 iners.
1178 4269 1279 4352 Quod
1296 4278 1468 4333 mortuum

348 4379 382 4442 ln
405 4379 530 4452 vivum,
551 4396 612 4440 seu
634 4375 685 4438 vis
709 4384 844 4438 mortua
866 4375 901 4437 in
924 4373 992 4446 vim
1016 4372 1141 4445 vivam,
1167 4390 1226 4433 seu
1249 4367 1340 4450 quod
1366 4367 1466 4442 idem,

349 4476 504 4540 naturale
520 4477 555 4539 in
571 4474 757 4558 spirituale,
774 4482 868 4554 agat,
886 4479 940 4534 est
956 4490 1092 4553 prorsus
1109 4477 1229 4532 contra
1248 4465 1414 4554 ordinem,
1433 4473 1468 4528 et

348 4573 428 4637 inde
448 4574 481 4637 id
502 4575 658 4656 cogitare
677 4581 731 4635 est
751 4580 873 4635 contra
892 4590 996 4633 sanae
1015 4567 1158 4632 rationis
1178 4566 1303 4630 lumen.
1350 4563 1467 4626 Potest

347 4677 487 4760 quidem
507 4682 689 4747 mortuum,
710 4691 770 4734 seu
789 4669 955 4746 naturale,
976 4667 1094 4731 multis
1113 4665 1224 4730 modis
1246 4663 1290 4727 ab
1314 4659 1467 4725 externis
