3418 5368
355 633 415 700 128
705 647 909 700 sinuum
932 647 1130 700 auoacrca

285 843 288 850 ¹
351 829 524 887 mortuum
537 829 656 906 potest
668 841 788 906 regere
801 819 952 907 aliquid?
997 821 1033 888 Si
1048 821 1185 908 cogitas
1199 823 1293 910 quod
1306 833 1480 892 mortuum

351 921 461 1002 possit
481 920 563 984 dare
582 919 646 983 sibi
665 921 784 996 vitam,
806 919 955 983 insanist
979 919 1053 983 vita
1071 919 1137 985 erit
1156 941 1177 983 a
1192 917 1288 984 Vita.

415 1015 510 1100 183·
542 1014 645 1098 Quod
665 1015 694 1080 si
713 1015 819 1079 homo
836 1014 1018 1080 manifeste
1030 1015 1166 1080 videret
1183 1014 1346 1080 Divinam
1363 1017 1481 1083 Provi-

350 1111 503 1176 dentiam
521 1123 556 1177 et
573 1112 644 1195 ejus
661 1113 911 1194 operationem,
926 1121 1071 1196 negaret
1088 1111 1212 1188 Deum,
1230 1122 1374 1196 apparet
1391 1117 1481 1181 sicut

350 1228 419 1272 non
439 1209 654 1288 verosimile;
675 1209 753 1291 quia
770 1207 918 1284 videtur,
937 1208 1028 1293 quod
1047 1209 1075 1272 si
1093 1209 1167 1292 quis
1184 1209 1368 1274 manifeste
1383 1212 1481 1275 vide·

349 1315 402 1369 ret
426 1305 531 1382 illam,
557 1325 626 1368 non
650 1307 822 1386 potuisset
847 1303 950 1368 aliter
972 1324 1075 1390 quam
1098 1325 1290 1388 agnoscere
1312 1306 1419 1384 illam,
1444 1315 1481 1372 et

349 1401 398 1465 sic
419 1401 542 1478 Deum,
563 1402 623 1465 sed
647 1422 754 1483 usque
773 1402 985 1465 contrarium
1004 1409 1070 1466 est.
1115 1401 1241 1465 Divina
1260 1402 1480 1472 Providentia

350 1516 516 1579 nusquam
530 1498 602 1579 agit
622 1517 689 1560 una
705 1516 782 1561 cum
799 1516 917 1560 amore
933 1495 1123 1560 voluntatis
1139 1497 1300 1574 hominis,
1317 1499 1380 1562 sed
1396 1519 1480 1562 con·

349 1594 444 1656 tinue
468 1603 591 1657 contra
613 1592 729 1657 illum:
765 1613 846 1657 nam
868 1591 975 1656 homo
998 1615 1044 1657 ex
1068 1591 1162 1658 malo
1184 1615 1248 1658 suo
1270 1594 1480 1660 hereditario

349 1688 494 1753 anhelat
512 1708 648 1772 semper
667 1711 785 1753 versus
804 1688 957 1753 infimum
974 1689 1154 1766 infernum,
1175 1689 1344 1753 Dominus
1362 1699 1479 1755 autem

349 1806 411 1868 per
425 1805 521 1848 suam
536 1785 793 1850 Providentiam
809 1788 973 1850 continue
989 1787 1130 1850 abducit
1146 1786 1254 1860 illum,
1271 1795 1309 1849 et
1325 1784 1479 1851 extrahit

349 1881 445 1945 illum
468 1882 559 1958 inde,
580 1883 726 1964 primum
749 1881 794 1946 ad
818 1882 988 1946 infernum
1013 1885 1141 1957 mitius,
1162 1882 1242 1945 dein
1266 1882 1310 1945 ab
1332 1881 1479 1958 inferno,

349 1987 385 2041 et
405 1978 543 2040 demum
562 1977 607 2040 ad
627 1975 670 2041 Se
689 1979 723 2041 in
743 1977 886 2041 caelum.
932 1977 1029 2041 Haec
1050 1979 1207 2061 operatio
1230 1977 1377 2041 Divinae
1397 1976 1478 2039 Pro·.

349 2071 526 2136 videntiae
544 2083 599 2137 est
618 2083 795 2156 perpetua.
843 2071 956 2155 Quare
976 2074 1003 2136 si
1022 2073 1128 2137 homo
1147 2072 1329 2137 manifeste
1347 2073 1479 2138 videret

348 2167 405 2233 vel
423 2169 569 2233 sentiret
587 2169 677 2234 hanc
697 2165 949 2234 detraftionem
967 2178 1027 2232 aut
1045 2165 1300 2244 abduftionem,
1315 2169 1480 2232 irascere·

349 2273 415 2340 tur,
436 2274 473 2328 et
492 2264 604 2328 Deum
623 2286 685 2348 pro
705 2265 845 2330 inimico
861 2263 1018 2340 haberet,
1037 2274 1074 2328 et
1096 2285 1142 2328 ex
1161 2265 1254 2328 malo
1277 2265 1328 2326 sui
1351 2261 1479 2346 proprii

349 2370 495 2443 negaret
519 2359 642 2424 illum:
667 2369 876 2445 quapropter
895 2380 939 2423 ne
957 2359 1063 2423 homo
1081 2361 1170 2423 sciat
1188 2359 1267 2434 hoc,
1285 2369 1425 2423 tenetur
1442 2358 1478 2422 in

349 2456 469 2530 libero,
483 2477 529 2520 ex
548 2477 616 2539 quo
631 2477 701 2519 non
717 2458 784 2520 scit
800 2456 902 2520 aliter
917 2475 1019 2538 quam
1037 2456 1128 2537 quod
1145 2455 1219 2537 ipse
1235 2465 1345 2517 semet
1360 2455 1478 2520 ducat.

349 2565 407 2626 [2.]
438 2551 507 2616 Sed
526 2552 689 2634 exempla
700 2551 888 2616 inserviant
904 2550 1136 2615 illustrationi.
1182 2549 1300 2614 Homo
1315 2571 1361 2612 ex
1376 2549 1476 2613 here·

348 2647 475 2711 ditatio
493 2648 567 2711 vult
590 2669 736 2730 magnus
761 2647 843 2726 fieri,
861 2656 897 2712 et
929 2668 1064 2729 quoque
1087 2646 1162 2710 vult
1193 2646 1290 2709 dives
1319 2644 1410 2722 fieri;
1438 2653 1477 2710 et

348 2752 515 2823 quantum
544 2763 679 2808 amores
702 2743 751 2807 illi
776 2765 845 2808 non
869 2743 1094 2818 refrenantur,
1120 2741 1195 2807 vult
1226 2740 1334 2824 major
1362 2751 1400 2804 et
1422 2740 1476 2804 di·

347 2837 424 2912 tior,
449 2847 486 2901 et
509 2839 652 2902 tandem
676 2841 849 2903 maximus
872 2849 908 2903 et
933 2839 1122 2902 ditissimus
1145 2837 1239 2916 fieri3
1273 2847 1310 2901 et
1333 2857 1402 2900 non
1426 2835 1475 2900 sic

346 2933 592 3014 acquiesceret,
613 2934 674 2998 sed
694 2934 800 2999 vellet
824 2934 905 3018 Ipso
924 2933 1000 2997 Deo
1023 2932 1131 3015 major
1147 2932 1228 3009 fieri,
1243 2942 1278 2996 et
1297 2932 1475 3015 possidere

346 3027 457 3109 ipsum
474 3029 618 3093 caelum.
665 3029 762 3094 Haec
779 3031 904 3114 cupido
924 3030 1014 3094 latet
1034 3029 1153 3093 intime
1172 3029 1206 3092 in
1226 3027 1320 3092 malo
1337 3027 1474 3091 heredi·

345 3124 446 3200 tario,
470 3135 507 3189 et
529 3126 610 3190 inde
639 3126 674 3190 in
704 3126 852 3190 hominis
876 3127 949 3190 vita
978 3145 1018 3189 ac
1051 3125 1143 3189 vitae
1166 3132 1300 3187 natura.
1346 3121 1474 3187 Divina

346 3218 567 3286 Providentia
597 3243 666 3286 non
700 3222 810 3287 aufert
841 3222 907 3286 hoc
939 3221 1067 3286 malum
1099 3230 1299 3297 momento;
1334 3237 1413 3281 nam
1443 3217 1473 3283 si

345 3329 525 3382 momento
549 3319 707 3396 auferret,
736 3319 841 3383 homo
869 3338 938 3382 non
965 3317 1119 3381 viveret:
1155 3317 1217 3380 sed
1247 3313 1357 3378 aufert
1385 3313 1472 3378 illud

345 3413 453 3478 tacite
475 3424 512 3479 et
534 3417 739 3493 successive,
765 3425 900 3499 praeter
923 3414 1014 3497 quod
1037 3414 1143 3477 homo
1165 3414 1254 3477 sciat
1276 3410 1404 3493 aliquid
1427 3410 1473 3476 de

344 3529 396 3573 eo.
443 3509 520 3575 Hoc
541 3510 578 3576 fit
602 3533 663 3595 per
685 3513 720 3576 id
744 3512 836 3595 quod
856 3510 959 3574 liceat
979 3509 1109 3573 homini
1127 3507 1314 3572 secundum
1335 3507 1471 3588 cogita·

343 3606 487 3684 tionem,
502 3628 605 3690 quam
617 3609 760 3673 rationis
772 3608 866 3683 facit,
878 3627 1001 3689 agere;
1026 3615 1062 3669 et
1080 3615 1162 3669 tunc
1179 3625 1239 3687 per
1250 3605 1345 3667 varia
1357 3601 1473 3665 media

343 3701 495 3778 abducit,
516 3712 589 3767 tam
613 3725 673 3787 per
690 3704 881 3777 rationalia,
899 3722 1001 3785 quam
1025 3722 1085 3784 per
1107 3700 1221 3764 civilia
1243 3708 1280 3764 et
1306 3695 1470 3776 moralia;

343 3799 447 3862 etsie
473 3809 638 3882 quantum
668 3802 702 3866 in
730 3800 837 3865 libero
861 3808 976 3883 potest
1003 3797 1138 3872 abduci,
1158 3796 1349 3861 abducitur.
1395 3791 1471 3858 Nec

344 3903 462 3975 potest
495 3896 623 3961 malum
654 3897 755 3961 alicui
787 3896 919 3972 auferri,
945 3895 1008 3959 nisi
1041 3901 1218 3977 appareat,
1242 3890 1400 3954 videatur
1433 3897 1470 3954 et

344 4004 575 4076 agnoscatur;
599 4005 654 4060 est
671 3994 759 4057 sicut
779 3995 914 4067 vulnus,
937 3992 1030 4075 quod
1051 4011 1119 4054 non
1140 3997 1281 4052 sanatur
1299 3986 1363 4051 nisi
1385 4005 1469 4068 ape·

342 4088 459 4155 riatur.
506 4099 563 4158 [3.]
596 4090 630 4156 Si
650 4092 766 4174 itaque
782 4091 888 4155 homo
905 4090 1009 4153 sciret
1029 4097 1065 4152 et
1086 4087 1219 4151 videret
1235 4083 1327 4168 quod
1347 4081 1468 4146 Domi·

344 4203 406 4249 nus
429 4208 490 4271 per
509 4187 672 4251 Divinam
697 4206 793 4250 suam
819 4185 1075 4249 Providentiam
1096 4185 1144 4246 ita
1161 4189 1323 4266 operetur
1344 4187 1469 4245 contra

342 4299 495 4347 amorem
512 4285 606 4348 vitae
621 4283 703 4366 ejus,
724 4305 770 4348 ex
787 4302 854 4366 quo
871 4279 919 4344 illi
936 4290 991 4344 est
1007 4298 1178 4344 summurn
1187 4276 1385 4360 jucundum,
1397 4295 1466 4339 non

343 4379 513 4461 potuisset
533 4378 635 4444 aliter
654 4397 755 4463 quam
775 4379 809 4442 in
829 4375 1042 4440 contrarium
1060 4375 1120 4451 ire,
1141 4382 1177 4438 et
1197 4371 1465 4446 excandescere,

343 4476 543 4550 contestari,
564 4476 648 4540 dura
671 4474 775 4558 loqui,
793 4483 828 4536 et
853 4471 995 4536 tandem
1018 4492 1064 4535 ex
1087 4467 1181 4534 maio
1204 4488 1266 4533 suo
1288 4486 1469 4531 removere

342 4573 579 4653 operationem
604 4571 750 4635 Divinae
774 4568 1028 4640 Providentiae,
1049 4567 1209 4648 negando
1229 4563 1335 4634 iiiam,
1355 4571 1391 4626 et
1415 4563 1467 4625 sic

340 4665 474 4746 Deum;
498 4669 663 4750 imprimis
681 4671 708 4730 si
725 4667 857 4730 videret
878 4665 1008 4729 obstari
1026 4663 1252 4738 successibus,
1272 4681 1308 4724 se
1327 4657 1426 4741 dejici
1445 4677 1467 4721 a
