3418 5368
486 679 537 729 DE
560 676 698 728 DIVINA
721 673 1076 727 PRovloENTIAe-N.
1096 674 1167 744 215.
1331 675 1391 744 15ῑ

257 873 344 938 quos
359 851 552 917 contemnit
567 870 648 933 prae
665 869 712 926 se,
726 847 847 932 quibus
864 847 987 912 inferre
999 846 1127 911 malum
1145 845 1240 912 nihili
1256 847 1391 931 pendit.

201 1025 204 1031 ¹
259 961 316 1025 [8.]
348 947 405 1012 Ex
434 968 476 1012 eo
495 956 560 1022 est,
581 946 673 1030 quod
699 947 755 1028 qui
780 947 814 1008 in
841 964 957 1008 amore
981 943 1183 1008 dominandi
1205 963 1391 1008 examore

257 1043 307 1107 sui
324 1053 388 1120 est,
404 1043 499 1107 nihili
516 1043 644 1124 pendat
661 1042 856 1123 proximum
873 1039 1084 1115 defraudare,
1097 1058 1175 1104 cum
1191 1038 1261 1124 ejus
1278 1061 1390 1104 uxore

257 1141 453 1215 adulterari,
489 1138 584 1202 illum
619 1137 873 1220 blasphemare,
908 1135 1096 1201 vindictam
1133 1146 1257 1202 contra
1289 1136 1387 1202 ilium

257 1257 363 1320 usque
388 1237 431 1300 ad
456 1255 577 1300 necem
600 1236 739 1317 spirare,
763 1234 797 1296 in
820 1232 915 1296 illum
935 1235 1077 1309 saevire,
1102 1243 1138 1298 et
1163 1233 1286 1297 similia
1309 1233 1390 1298 alia.

258 1329 335 1396 Hoc
355 1332 461 1396 trahit
481 1332 586 1396 homo
605 1349 723 1405 exeo,
743 1328 835 1412 quod
854 1329 927 1411 ipse
951 1328 1110 1393 diabolus
1128 1348 1197 1392 non
1216 1328 1309 1393 aliud
1327 1329 1385 1407 sit,

256 1447 357 1510 quam
376 1447 473 1492 amor
491 1426 693 1490 dominandi
712 1446 758 1490 ex
777 1444 895 1489 amore
915 1426 978 1501 sui,
999 1444 1077 1489 cum
1096 1445 1165 1508 quo
1184 1421 1388 1507 conjunctus

256 1534 322 1598 est,
342 1533 378 1587 et
400 1544 421 1586 a
442 1544 509 1607 quo
534 1522 690 1600 ducitur;
721 1523 833 1604 etqui
858 1521 994 1585 ducitur
1015 1541 1036 1584 a
1054 1519 1206 1599 diabolo,
1229 1520 1295 1585 hoc
1319 1531 1388 1599 est,

256 1617 398 1694 inferno,
421 1619 557 1683 ducitur
580 1619 614 1681 in
639 1617 754 1681 omnia
779 1617 838 1680 illa
863 1616 975 1695 mala;
999 1637 1039 1680 ac
1062 1617 1199 1680 ducitur
1221 1616 1389 1680 continue

256 1733 316 1794 per
333 1714 483 1796 jucunda
498 1716 644 1779 istorum
661 1713 839 1778 malorum.
885 1711 971 1776 Inde
991 1721 1057 1787 est,
1077 1711 1169 1795 quod
1188 1730 1309 1776 omnes
1328 1710 1388 1795 qui

255 1807 288 1870 in
304 1808 435 1872 inferno
450 1818 542 1884 sunt,
559 1809 669 1873 velint
686 1808 843 1872 omnibus
860 1806 1065 1870 malefacere
1079 1827 1087 1885 ;
1111 1817 1148 1870 at
1164 1807 1220 1890 qui
1237 1807 1270 1870 in
1288 1805 1391 1870 caelo

256 1912 347 1978 sunt,
378 1905 488 1968 velint
519 1904 678 1969 omnibus
711 1903 923 1967 benefacere.
971 1901 1028 1965 Ex
1059 1903 1278 1985 oppositione
1312 1901 1384 1979 iila,

255 1999 375 2062 existit
392 1999 426 2062 id
441 2001 532 2083 quod
549 2001 581 2062 in
599 1999 713 2063 medio
728 2008 793 2074 est,
810 2000 845 2062 in
861 2019 929 2082 quo
944 2008 999 2063 est
1016 1999 1132 2073 homo,
1150 2009 1186 2062 et
1203 2009 1255 2062 est
1272 1999 1305 2062 in
1322 1997 1390 2062 iilo

255 2095 342 2158 sicut
369 2096 402 2157 in
427 2096 637 2178 aequilibrio,
656 2105 693 2160 ut
722 2096 832 2178 possit
857 2115 894 2158 se
913 2095 970 2158 vel
995 2095 1039 2158 ad
1065 2095 1232 2157 infernum
1257 2093 1312 2156 vel
1338 2093 1387 2157 ad

255 2190 387 2254 caelum
407 2201 566 2268 vertere;
594 2201 630 2255 et
651 2202 818 2274 quantum
842 2190 933 2254 iavet
958 2191 1057 2253 malis
1077 2191 1202 2254 amoris
1222 2191 1283 2264 sui,
1303 2202 1386 2252 tan·

254 2293 327 2349 tum
346 2307 385 2350 se
403 2288 577 2350 convertit
596 2287 640 2350 ad
660 2286 847 2364 infernum;
871 2295 907 2349 at
924 2299 1092 2369 quantum
1109 2295 1265 2348 removet
1284 2284 1344 2349 iiia
1362 2305 1388 2351 a

255 2401 302 2458 se,
321 2391 457 2446 tantum
476 2403 513 2446 se
533 2384 706 2446 convertit
727 2383 770 2445 ad
790 2381 935 2446 caelum.
982 2395 1039 2456 [9.]
1073 2381 1201 2444 Datum
1219 2391 1275 2445 est
1299 2381 1386 2446 mihi

254 2481 392 2553 sentire,
409 2479 510 2563 quale
527 2487 563 2542 et
579 2488 747 2561 quantum
763 2487 817 2540 est
833 2477 1021 2559 jucundum
1038 2479 1164 2540 amoris
1181 2477 1383 2543 dominandi

254 2593 299 2637 ex
318 2593 435 2637 amore
458 2575 518 2638 sui.
564 2572 690 2636 Missus
713 2591 787 2636 sum
812 2573 846 2635 in
869 2571 976 2646 iilum,
997 2571 1232 2652 cognoscendi
1256 2591 1384 2650 causa;

253 2679 290 2734 et
313 2669 374 2734 suit
399 2669 481 2744 tale,
502 2679 539 2734 ut
563 2668 753 2732 excederet
776 2670 891 2731 omnia
911 2667 1062 2748 jucunda
1085 2687 1171 2750 quae
1195 2667 1227 2730 in
1252 2668 1386 2731 mundo

253 2774 356 2844 sunt;
386 2775 460 2830 erat
480 2764 669 2847 jucundum
694 2765 801 2829 totius
825 2764 951 2826 mentis
974 2761 1017 2826 ab
1041 2762 1171 2825 intimis
1194 2763 1237 2825 ad
1261 2761 1384 2827 ultima
1474 2749 1482 2761 ’

253 2858 336 2942 ejus,
354 2863 387 2924 in
408 2881 553 2942 corpore
575 2872 692 2926 autem
717 2880 786 2923 non
810 2858 910 2924 aliter
933 2858 1148 2922 sentiebatur
1171 2878 1272 2941 quam
1292 2859 1385 2924 sicut

253 2956 377 3041 volupe
396 2967 431 3022 et
452 2957 572 3021 lubens
591 2959 845 3022 intumescente
866 2952 1025 3038 pectore3
1049 2965 1085 3019 et
1105 2974 1240 3038 quoque
1259 2955 1383 3019 datum

253 3061 306 3116 est
328 3054 466 3126 sentire,
487 3053 578 3135 quod
597 3075 644 3117 ex
668 3053 729 3116 illo
749 3052 899 3134 jucundo
922 3051 1011 3114 sicut
1031 3073 1076 3114 ex
1101 3072 1162 3114 suo
1184 3050 1279 3114 sonte
1303 3071 1381 3114 sca·

253 3149 397 3211 turirent
418 3147 567 3229 jucunda
590 3151 743 3212 omnium
764 3147 942 3222 malorum,
963 3157 1000 3210 ut
1018 3147 1247 3218 adulterandi,
1268 3147 1382 3210 vindi·

253 3244 365 3320 candi,
383 3243 619 3320 defraudandi,
637 3243 910 3326 blasphemandi,
931 3243 964 3305 in
984 3262 1111 3324 genere
1131 3241 1383 3307 malefaciendi.

253 3337 369 3403 Simile
390 3338 578 3421 jucundum
609 3342 715 3404 etiam
745 3341 836 3402 inest
866 3339 973 3401 amori
1004 3338 1203 3420 possidendi
1233 3338 1380 3403 aliorum

252 3457 336 3518 opes
354 3456 554 3519 quacunque
573 3447 660 3512 arte,
677 3446 714 3501 et
732 3457 779 3500 ex
798 3434 859 3498 illo
878 3435 1179 3516 concupiscentiis,
1195 3455 1282 3517 quae
1299 3445 1382 3499 sunt

251 3531 505 3610 derivationes;
533 3533 594 3595 sed
618 3542 736 3597 tamen
760 3551 829 3594 non
853 3531 886 3593 in
910 3529 970 3593 illo
993 3531 1114 3612 gradu,
1139 3531 1203 3594 nisi
1226 3530 1271 3594 sit
1293 3551 1377 3594 con·
1481 3605 1483 3610 ,

247 3625 383 3708 junctus
400 3647 477 3691 cum
493 3646 611 3691 amore
627 3631 686 3692 sui.
729 3626 832 3710 Quod
849 3635 965 3690 autem
982 3626 1173 3708 dignitates
1189 3635 1225 3690 et
1241 3627 1383 3691 divitias

252 3744 320 3788 non
340 3733 481 3807 propter
499 3723 587 3800 illas,
608 3725 668 3788 sed
688 3734 831 3808 propter
849 3745 939 3798 usus,
958 3725 1097 3799 attinet,
1120 3743 1188 3788 non
1207 3734 1261 3787 est
1281 3743 1382 3788 amor

250 3819 460 3902 dignitatum
479 3829 516 3884 et
535 3820 742 3896 divitiarum,
762 3821 823 3884 sed
843 3840 939 3883 amor
958 3839 1090 3896 usuum,
1111 3821 1164 3883 cui
1187 3819 1380 3901 dignitates

250 3925 287 3980 et
306 3916 448 3980 divitiae
472 3917 662 3980 inserviunt
683 3937 744 4000 pro
763 3917 905 3994 mediis;
930 3917 985 3980 hic
1005 3936 1101 3979 amor
1119 3925 1173 3979 est
1194 3914 1376 3979 caelestis:

250 4013 311 4076 sed
335 4012 378 4076 de
401 4009 468 4075 hoc
488 4011 585 4095 plura
605 4014 638 4076 in
664 4014 897 4096 sequentibus.
943 4013 1086 4077 Tertio:
1120 4010 1218 4090 Quod
1235 4011 1307 4074 bini
1326 4011 1386 4075 illi

249 4129 379 4173 amores
396 4107 483 4171 inter
499 4128 534 4171 se
547 4108 704 4173 distincti
715 4110 785 4172 sint
799 4109 884 4173 sicut
899 4109 1069 4190 infernum
1084 4118 1116 4171 et
1128 4107 1261 4182 caelum,
1280 4119 1379 4188 patet
1449 4173 1453 4180 ,

249 4226 270 4269 a
294 4225 381 4266 nunc
407 4201 518 4278 ditiis,
537 4206 659 4288 quibus
686 4206 770 4269 haec
797 4204 975 4287 adjiciam:
1005 4205 1095 4287 quod
1120 4223 1240 4267 omnes
1264 4205 1319 4284 qui
1344 4205 1378 4267 in

250 4320 367 4364 amore
396 4300 599 4364 diminandi
626 4323 670 4365 ex
693 4321 811 4364 amore
834 4302 884 4364 sui
908 4311 1000 4375 sunt,
1025 4301 1137 4384 quoad
1164 4301 1319 4380 spiritum
1344 4301 1379 4363 in

250 4396 382 4460 inferno
398 4395 476 4470 sint,
490 4398 682 4480 quicunque
699 4397 779 4472 sint,
793 4397 865 4460 sive
876 4398 991 4479 magni
1009 4398 1080 4460 sive
1098 4397 1191 4477 parvi
1207 4417 1214 4474 ;
1234 4406 1269 4459 et
1286 4396 1380 4478 quod

251 4493 447 4576 omnesqui
466 4493 500 4555 in
520 4491 581 4555 illo
599 4511 715 4555 amore
734 4500 827 4566 sunt,
846 4491 881 4555 in
904 4513 1019 4555 amore
1039 4493 1189 4556 omnium
1210 4490 1379 4554 malorum

250 4589 331 4662 sint,
356 4609 444 4671 quae
465 4589 492 4651 si
517 4607 585 4650 non
605 4587 745 4660 faciunt,
771 4608 878 4669 usque
901 4589 934 4650 in
959 4589 1077 4669 spiritu
1101 4609 1164 4650 suo
1187 4587 1281 4650 licita
1305 4608 1378 4651 cre-

251 4681 349 4760 dunt,
378 4692 414 4748 et
440 4683 523 4747 inde
552 4702 694 4765 corpore
724 4681 866 4758 iaciunt,
896 4682 1034 4765 quando
1064 4704 1134 4747 non
1164 4683 1317 4766 dignitas
1342 4691 1383 4748 et
