3426 5382
312 705 355 768 82
650 712 854 763 snmunrm
878 712 1075 764 unomen

312 899 485 976 operatur,
504 897 541 952 ut
565 885 751 970 conjungat
775 885 949 951 hominem
974 883 1045 950 Sibi
1068 894 1104 951 et
1128 883 1171 951 Se
1189 884 1342 968 homini;
1366 897 1437 955 hoc

315 1007 383 1050 non
419 983 455 1048 fit
486 983 518 1047 in
550 982 688 1066 aliquod
718 981 924 1066 particulare
955 981 1026 1063 ejus
1056 981 1268 1066 singillatim,
1301 984 1365 1048 nisi
1398 987 1435 1050 in

314 1083 430 1146 omnia
446 1079 517 1163 ejus
536 1081 646 1156 simul,
664 1090 700 1144 et
723 1080 788 1144 hoc
808 1077 844 1143 fit
863 1080 907 1143 ab
923 1079 1044 1143 intimo
1063 1079 1211 1143 hominis
1229 1090 1265 1145 et
1284 1079 1329 1145 ab
1351 1081 1434 1146 ulti·

315 1179 379 1241 mis
405 1177 475 1260 ejus
503 1175 614 1241 simul.
659 1177 820 1240 Intimum
849 1175 996 1240 hominis
1023 1187 1077 1239 est
1105 1195 1200 1240 amor
1223 1177 1316 1241 vitae
1341 1176 1434 1260 ejus;

315 1272 436 1338 ultima
454 1284 534 1338 sunt
554 1272 614 1337 illa
635 1292 722 1358 quae
742 1273 776 1336 in
793 1280 941 1336 externo
960 1272 1182 1353 cogitationis
1201 1285 1280 1336 sunt
1296 1295 1303 1352 ;
1327 1273 1434 1336 inter-

315 1370 427 1434 media
450 1381 530 1434 sunt
554 1390 642 1453 quae
665 1369 699 1432 in
718 1370 854 1432 interno
877 1368 1101 1450 cogitationis
1123 1366 1195 1450 ejus
1217 1378 1316 1432 sunt:
1347 1389 1435 1452 quae

313 1466 428 1550 qualia
461 1477 541 1530 sunt
574 1465 664 1548 apud
700 1464 876 1528 hominem
910 1463 1049 1540 malum,
1081 1465 1114 1527 in
1148 1464 1435 1529 antecedentibus

312 1571 493 1626 ostensum
510 1573 583 1640 est;
608 1582 653 1624 ex
672 1559 793 1645 quibus
812 1561 935 1623 iterum
959 1568 1068 1642 patet,
1086 1560 1178 1641 quod
1201 1559 1368 1623 Dominus
1391 1559 1437 1623 ab

314 1657 445 1721 intimis
466 1668 502 1721 et
529 1656 657 1721 ultimis
681 1655 782 1720 simul
810 1675 879 1718 non
903 1656 1013 1737 possit
1036 1673 1150 1736 agere,
1177 1655 1240 1718 nisi
1264 1675 1331 1719 una
1357 1673 1435 1719 cum

314 1754 466 1828 homine,
477 1757 581 1817 homo
597 1753 686 1816 enim
701 1772 767 1815 una
786 1769 863 1814 cum
878 1748 1027 1813 Domino
1039 1751 1073 1812 in
1092 1748 1218 1814 ultimis
1231 1759 1308 1829 est;
1332 1768 1437 1833 quare

315 1853 402 1915 sicut
423 1852 527 1915 homo
550 1851 584 1913 in
603 1849 744 1923 ultimis,
761 1869 848 1931 quae
866 1847 937 1929 ejus
953 1847 1082 1912 arbitrii
1101 1857 1192 1921 sunt,
1212 1849 1290 1930 quia
1311 1849 1345 1910 in
1365 1845 1437 1928 ejus

314 1944 433 2018 libero.
454 1948 539 2028 agit,
559 1947 609 2008 ita
628 1945 796 2009 Dominus
815 1945 859 2007 ab
878 1945 1007 2008 intimis
1026 1942 1108 2024 ejus,
1126 1953 1162 2006 et
1181 1943 1215 2007 in
1234 1943 1437 2007 successivis

314 2041 359 2103 ad
379 2041 499 2105 ultima
518 2043 601 2123 agit.
647 2039 712 2104 Illa
728 2039 861 2123 quaein
877 2040 1008 2104 intimis
1019 2039 1179 2114 hominis,
1193 2048 1229 2105 et
1244 2039 1278 2102 in
1297 2058 1438 2103 succes·

314 2137 398 2200 sivis
422 2136 465 2200 ab
494 2137 621 2198 intimis
645 2135 689 2197 ad
717 2133 838 2198 ultima
864 2145 956 2210 sunt,
982 2133 1112 2198 homini
1146 2153 1283 2216 prorsus
1314 2136 1439 2218 ignota

314 2244 419 2310 sunt;
442 2241 479 2296 et
498 2231 577 2295 ideo
596 2230 701 2294 homo
717 2249 854 2312 prorsus
878 2231 999 2304 nescit,
1020 2231 1194 2312 quomodo
1212 2230 1344 2313 etquid
1363 2229 1437 2295 Do·

316 2327 427 2390 minus
446 2327 491 2391 ibi
511 2335 693 2409 operatur;
716 2325 778 2388 sed
797 2325 875 2408 quia
892 2324 951 2388 illa
970 2324 1158 2389 cohaerent
1182 2335 1219 2388 ut
1237 2344 1339 2389 unam
1358 2343 1437 2389 cum

315 2424 457 2498 ultimis,
478 2424 556 2486 ideo
575 2442 644 2485 non
663 2419 792 2485 homini
814 2420 1044 2484 necessarium
1064 2427 1118 2483 est
1136 2421 1222 2484 scire
1241 2419 1316 2504 plus
1335 2439 1437 2504 quam

315 2528 353 2583 ut
377 2520 485 2602 fugiat
507 2516 599 2581 mala
622 2525 659 2580 ut
683 2523 838 2598 peccata,
858 2525 894 2579 et
917 2512 1051 2599 spediet
1072 2515 1117 2580 ad
1140 2515 1335 2579 Dominum.
1380 2513 1437 2581 Sic

316 2634 386 2678 non
414 2614 515 2677 aliter
543 2620 660 2694 potest
691 2631 788 2674 amor
816 2610 908 2675 vitae
937 2610 1018 2693 ejus,
1043 2611 1100 2695 qui
1125 2630 1146 2675 a
1174 2611 1359 2676 nativitate
1385 2621 1439 2675 est

316 2709 499 2782 infernalis,
528 2728 548 2770 a
581 2706 733 2769 Domino
761 2705 942 2782 removeri,
966 2715 1003 2772 et
1033 2704 1110 2770 loco
1139 2704 1211 2788 ejus
1244 2705 1439 2789 implantari

314 2823 413 2867 amor
431 2804 523 2866 vitae
542 2800 714 2864 caelestis.

381 2896 477 2961 126.
507 2895 657 2978 Quando
680 2911 776 2959 amor
798 2896 892 2960 vitae
910 2895 1073 2961 caelestis
1096 2895 1175 2960 loco
1197 2896 1322 2960 amoris
1345 2897 1440 2961 vitae

315 2989 491 3056 infernalis
514 3012 534 3054 a
559 2989 710 3054 Domino
729 2989 954 3074 implantatus
970 3004 1035 3068 est,
1056 3002 1138 3056 tunc
1162 2990 1240 3056 loco
1259 2993 1438 3074 concupis·

315 3087 509 3151 centiarum
532 3085 614 3150 mali
638 3093 674 3148 et
696 3083 772 3148 salsi
799 3083 1049 3168 implantantur
1072 3082 1269 3151 affedtiones
1297 3086 1379 3151 boni
1402 3095 1440 3152 et

316 3184 398 3256 veri,
419 3201 458 3244 ac
482 3181 561 3246 loco
576 3178 803 3262 jucundorum
827 3182 1182 3265 concupiscentiarum
1207 3181 1287 3247 mali
1309 3191 1347 3248 et
1364 3180 1441 3246 salsi

317 3277 568 3360 implantantur
587 3277 738 3360 jucunda
762 3272 978 3341 affedtionem
1001 3277 1093 3354 boni,
1115 3288 1150 3342 et
1170 3277 1247 3343 loco
1271 3276 1440 3342 malorum

318 3373 444 3437 amoris
476 3373 650 3438 infernalis
686 3371 938 3456 implantantur
969 3371 1060 3437 bona
1100 3375 1226 3437 amoris
1267 3372 1440 3438 caelestis.

317 3468 415 3533 Tunc
440 3489 503 3550 pro
532 3469 660 3533 astutia
690 3467 918 3551 implantatur
939 3467 1132 3552 prudentia,
1156 3481 1193 3534 et
1221 3489 1282 3552 pro
1305 3469 1438 3551 cogita·

317 3564 467 3629 tionibus
503 3563 657 3627 malitiae
694 3562 945 3647 implantantur
971 3565 1202 3646 cogitationes
1238 3565 1439 3648 sapientiae.

320 3659 375 3723 lta
397 3658 501 3722 homo
525 3667 710 3740 generatur
729 3659 853 3735 denuo,
872 3668 909 3723 et
928 3657 965 3722 fit
983 3679 1102 3724 novus.
1148 3657 1325 3742 Quaenam
1349 3661 1440 3723 bona

319 3753 398 3817 loco
420 3753 587 3816 malorum
610 3752 812 3829 succedunt,
836 3754 994 3819 videatur
1016 3754 1050 3817 in
1074 3753 1237 3818 Dollnira
1264 3753 1359 3818 Vitae
1374 3765 1441 3836 pro

319 3847 418 3912 Nova
435 3845 666 3928 Hierosolyma
687 3845 734 3929 (n.
750 3847 865 3930 67-73,
883 3869 914 3912 n.
932 3862 1047 3930 74-79,
1065 3869 1096 3912 n.
1116 3849 1230 3925 80-86‚
1248 3869 1280 3912 n.
1297 3849 1439 3933 87-91):

318 3955 392 4008 tum
411 3944 502 4027 quod
526 3954 692 4025 quantum
715 3943 819 4008 homo
842 3943 982 4026 fugitet
1001 3955 1177 4009 aversatur
1194 3944 1285 4009 mala
1304 3957 1341 4009 ut
1360 3966 1441 4029 pec·

317 4048 409 4116 cata,
433 4047 568 4102 tantum
591 4058 672 4103 vera
700 4039 891 4121 sapientiae
918 4048 1013 4102 amet
1042 4037 1090 4122 (n.
1115 4040 1254 4122 32-41):
1288 4051 1325 4105 et
1349 4039 1441 4124 quod

317 4143 456 4200 tantum
475 4132 578 4198 fidem
596 4133 736 4209 habeat,
756 4141 792 4197 et
812 4133 997 4216 spiritualis
1016 4136 1060 4199 sit
1081 4131 1129 4217 (n.
1147 4133 1281 4220 42-52).

383 4243 473 4312 ιη.
504 4227 605 4312 Quod
629 4229 821 4293 communis
851 4228 973 4312 religio
997 4229 1031 4292 in
1055 4231 1213 4294 universo
1244 4229 1442 4295 Christiano

317 4323 403 4389 orbe
422 4324 478 4401 sit,
499 4334 535 4388 ut
553 4323 657 4387 homo
674 4322 835 4406 exploret
852 4345 900 4402 se,
921 4325 1039 4390 videat
1057 4345 1119 4389 sua
1138 4334 1294 4408 peccata,
1313 4345 1441 4408 agnos·

318 4427 378 4484 cat
396 4418 465 4496 illa,
483 4417 688 4485 confiteatur
705 4419 765 4484 illa
783 4438 899 4485 coram
919 4419 1006 4497 Deo,
1024 4429 1060 4486 et
1079 4420 1228 4486 desistat
1246 4421 1291 4485 ab
1308 4421 1387 4500 illis,
1403 4428 1443 4488 et

320 4514 411 4598 quod
427 4513 494 4580 hoc
510 4516 554 4579 sit
571 4515 794 4599 paenitentia,
806 4516 962 4580 remissio
978 4525 1213 4600 peccatorum,
1225 4525 1262 4581 et
1276 4517 1358 4582 inde
1372 4516 1443 4583 sal·

320 4609 417 4674 vatio
439 4629 540 4694 supra
562 4630 608 4674 ex
630 4611 841 4676 orationibus
864 4621 946 4676 ante
970 4609 1132 4677 Sandiam
1156 4609 1443 4679 Communionem

320 4701 503 4787 praelectis
525 4705 559 4768 in
582 4706 741 4770 omnibus
763 4705 918 4772 ecclesiis
942 4705 1155 4786 Christianis,
1175 4719 1353 4774 ostensum
1376 4720 1449 4778 est.
