3410 5382
335 665 382 734 40
693 657 899 710 SAPIENTIA
924 655 1117 707 ANGELlCA

336 828 506 898 sormam?
530 829 636 893 immo
651 828 727 913 quis
744 827 830 892 alius
847 835 966 912 potest
983 825 1077 889 unire
1091 843 1194 888 unum
1210 822 1305 906 ejus?
1348 822 1465 890 Unum

337 928 429 994 enim
444 925 515 1010 ejus
532 946 600 989 non
618 933 738 1008 potest
753 924 838 987 uniri
857 923 921 986 nisi
941 941 987 986 ex
1007 921 1084 984 idea
1103 920 1287 985 universali
1303 920 1463 994 omnium,

336 1032 373 1089 et
390 1020 580 1086 universale
594 1021 745 1084 omnium
760 1017 825 1081 nisi
840 1038 886 1082 ex
902 1017 980 1082 idea
996 1015 1160 1097 singulari
1176 1014 1333 1098 cujusvis.
1378 1013 1465 1079 Sunt

337 1118 510 1200 myriades
526 1116 717 1199 myriadum
736 1114 793 1198 qui
812 1123 1025 1197 componunt
1040 1111 1135 1176 illam
1154 1111 1310 1187 formam,
1330 1120 1366 1175 et
1385 1117 1465 1174 sunt

337 1217 509 1296 myriades
527 1214 583 1297 qui
608 1213 739 1276 intrant
758 1209 853 1273 illam
873 1209 1069 1293 quotannis,
1089 1216 1126 1273 et
1148 1209 1205 1292 qui
1228 1208 1408 1272 intrabunt
1430 1209 1463 1271 in

335 1321 527 1376 aeternum.
574 1306 705 1373 Omnes
735 1306 883 1372 infantes
913 1307 1056 1378 intrant,
1082 1325 1122 1369 ac
1154 1314 1209 1369 tot
1239 1304 1350 1369 adulti
1380 1313 1463 1388 quot

335 1417 416 1470 sunt
435 1402 633 1470 affeEtiones
652 1405 778 1468 amoris
797 1403 888 1467 boni.
935 1401 991 1464 Ex
1010 1400 1063 1465 his
1083 1402 1205 1465 iterum
1221 1399 1328 1465 videri
1346 1409 1463 1484 potest

334 1501 451 1584 imago
471 1501 601 1565 Infiniti
621 1521 660 1563 ac
680 1500 828 1564 Aeterni
848 1499 881 1562 in
901 1497 1000 1562 caelo
1019 1497 1188 1580 angelico.

378 1596 453 1680 64.
486 1595 550 1680 (ν.)
586 1595 683 1676 Quod
702 1597 855 1677 speltore
875 1593 1050 1678 Infinitum
1072 1603 1105 1657 et
1126 1593 1312 1657 Aeternum
1333 1592 1369 1656 in
1382 1593 1461 1674 sor·

333 1691 457 1756 mando
483 1691 608 1756 caelum
637 1691 833 1774 angelicum,
862 1700 899 1754 ut
927 1690 975 1754 sit
1002 1711 1114 1754 coram
1139 1689 1282 1753 Domino
1310 1698 1349 1752 ut
1379 1709 1462 1752 unus

332 1785 454 1862 Home,
476 1788 538 1870 qui
557 1787 675 1870 Imago
697 1786 825 1868 Ipsius,
854 1785 901 1849 sit
926 1784 1082 1849 intimum
1104 1784 1253 1848 Divinae
1274 1782 1461 1847 Providen-

332 1880 559 1964 tiae-Quod
577 1884 772 1946 universum
789 1881 923 1946 caelum
939 1882 984 1944 sit
1004 1882 1092 1946 sicut
1110 1901 1196 1944 unus
1215 1879 1332 1944 Homo
1348 1899 1462 1944 coram

332 1975 496 2050 Domino,
521 1987 558 2040 et
585 1978 677 2060 quod
701 1978 813 2040 omnis
836 1978 985 2041 societas
1010 1977 1096 2042 caeli
1120 1977 1287 2052 similiter,
1311 1985 1348 2040 et
1371 1974 1461 2059 quod

331 2070 412 2134 inde
441 2072 488 2135 sit
506 2073 598 2155 quod
624 2074 854 2155 unusquisque
877 2072 1022 2155 angelus
1046 2075 1092 2137 sit
1122 2074 1156 2136 in
1180 2071 1332 2156 persesta
1354 2072 1463 2136 forma

331 2165 450 2242 hom0,
471 2176 507 2230 et
532 2167 623 2250 quod
642 2167 708 2231 hoc
733 2169 778 2232 sit
798 2169 877 2250 quia
896 2169 991 2232 Deus
1011 2167 1166 2243 Creator,
1184 2169 1240 2252 qui
1263 2177 1318 2232 est
1343 2167 1461 2231 Domi·

331 2282 396 2327 nus
416 2263 460 2327 ab
479 2276 634 2339 aetern0,
655 2273 709 2328 est
731 2262 859 2340 Home,
879 2265 1036 2328 videatur
1059 2265 1093 2328 in
1112 2284 1217 2347 opere
1236 2263 1288 2327 De
1311 2261 1410 2329 Caelo
1431 2272 1465 2326 et

329 2359 470 2441 Inserno
495 2358 542 2443 (n.
571 2358 700 2442 59-86).
746 2357 836 2423 Tum
864 2360 956 2442 quod
980 2359 1059 2424 inde
1082 2361 1128 2424 sit
1157 2359 1462 2443 correspondentia

331 2457 486 2520 omniurn
511 2457 598 2520 caeli
628 2475 705 2519 cum
729 2457 888 2520 omnibus
911 2456 1060 2520 hominis
1085 2454 1134 2539 (n.
1158 2453 1310 2538 87—102).
1358 2453 1460 2537 Quod

329 2552 527 2616 universum
551 2551 686 2615 caelum
710 2552 755 2616 sit
778 2552 867 2614 sicut
892 2571 977 2615 unus
1002 2550 1131 2626 Homo,
1152 2572 1222 2615 non
1245 2550 1329 2615 mihi
1350 2552 1460 2614 visum

328 2657 395 2723 est,
407 2649 487 2732 quia
503 2649 699 2711 universum
713 2647 847 2712 caelum
864 2668 934 2710 non
947 2657 1065 2732 potest
1082 2647 1191 2712 videri
1205 2647 1250 2712 ab
1266 2647 1349 2723 ullo,
1363 2647 1425 2711 sed
1440 2667 1461 2710 a

328 2741 407 2807 solo
432 2743 605 2820 Domino,
637 2752 674 2806 at
705 2743 798 2826 quod
828 2745 967 2826 integra
990 2745 1141 2808 societas
1171 2742 1270 2820 caeli,
1295 2741 1403 2826 major
1424 2751 1459 2806 et

329 2839 453 2914 minor,
478 2839 676 2921 apparuerit
707 2839 796 2902 sicut
829 2860 914 2902 unus
937 2839 1053 2916 homo,
1079 2840 1112 2903 id
1143 2840 1329 2924 aliquoties
1350 2839 1459 2902 visum

326 2943 404 3010 est;
429 2943 464 2998 et
483 2943 564 2998 tunc
583 2930 724 3009 ditium,
741 2934 835 3018 quod
852 2935 1002 2999 societas
1020 2936 1182 3012 maxima,
1200 2954 1288 3018 quae
1306 2943 1361 2999 est
1381 2954 1458 2998 cae-

326 3027 399 3094 lum
422 3031 456 3092 in
477 3038 555 3093 toto
575 3027 773 3111 complexu,
793 3029 951 3094 similiter
970 3040 1148 3114 appareat,
1169 3030 1231 3094 sed
1250 3049 1367 3094 coram
1387 3030 1458 3093 Do·

327 3125 423 3188 mino
437 3147 445 3203 ;
470 3134 506 3188 et
523 3123 615 3207 quod
631 3121 698 3188 hoc
714 3124 760 3188 sit
776 3145 881 3190 causa
895 3126 988 3209 quod
1005 3127 1235 3211 unusquisque
1251 3124 1398 3208 angelus
1413 3124 1459 3189 sit

326 3221 360 3286 in
381 3223 475 3287 omni
494 3221 605 3285 sorma
622 3219 738 3284 homo.

392 3318 466 3400 65.
496 3315 671 3400 Quoniam
690 3315 887 3380 universum
905 3316 1040 3380 caelum
1059 3317 1093 3381 in
1112 3313 1303 3402 conspectu
1318 3315 1459 3381 Domini

325 3421 381 3478 est
402 3413 491 3476 sicut
512 3432 598 3476 unus
619 3411 749 3488 Homo,
767 3411 848 3475 ideo
866 3411 1001 3476 caelum
1021 3413 1054 3476 in
1078 3421 1135 3477 tot
1153 3413 1343 3477 societates
1362 3431 1457 3477 com·

325 3527 448 3573 munes
461 3506 665 3572 distinctum
677 3515 741 3583 est,
756 3516 841 3590 quot
853 3516 935 3571 sunt
948 3527 1089 3590 organa,
1103 3508 1236 3573 viscera
1251 3516 1287 3572 et
1304 3508 1459 3572 membra

325 3601 418 3686 apud
438 3602 637 3665 hominem:
666 3610 703 3665 et
726 3601 937 3686 unaquaevis
957 3603 1109 3666 societas
1129 3602 1322 3665 communis
1346 3603 1380 3665 in
1403 3611 1457 3666 tot

325 3697 518 3761 societates
542 3697 654 3760 minus
678 3714 880 3760 communes
910 3717 970 3761 seu
1000 3698 1237 3782 particulares,
1262 3707 1347 3780 quot
1377 3706 1457 3761 sunt

324 3802 446 3875 partes
465 3790 612 3874 majores
632 3790 781 3875 cujusvis
800 3793 941 3857 visceris
965 3805 1001 3859 et
1025 3795 1165 3877 organi:
1197 3814 1243 3858 ex
1266 3813 1335 3877 quo
1357 3802 1458 3876 patet

324 3887 427 3973 quale
444 3888 579 3953 caelum
597 3898 662 3952 est.
708 3885 810 3952 Nunc
827 3890 906 3971 quia
922 3889 1090 3954 Dominus
1106 3900 1160 3955 est
1177 3889 1257 3974 Ipse
1274 3889 1404 3966 Homo,
1421 3898 1457 3954 et

324 3982 471 4049 Caelum
494 3994 549 4048 est
579 3984 696 4067 imago
720 3983 842 4067 Ipsius,
866 3984 946 4049 ideo
976 3987 1010 4048 in
1040 3986 1138 4050 caelo
1161 4006 1249 4062 esse,
1273 3985 1401 4049 dicitur
1421 3984 1457 4050 in

324 4079 479 4145 Domino
502 4101 599 4159 esse;
635 4080 727 4164 quod
758 4079 926 4144 Dominus
949 4081 994 4145 sit
1028 4082 1107 4164 lpse
1143 4079 1272 4157 Homo,
1296 4079 1457 4146 videatur

323 4175 358 4239 in
382 4173 619 4241 transactione
643 4175 695 4240 De
715 4173 841 4239 Divino
858 4174 986 4240 Amore
1006 4185 1040 4240 et
1059 4174 1190 4242 Divina
1205 4171 1384 4258 Sapt'entziz
1407 4173 1456 4260 (n.

327 4284 441 4353 11-13,
463 4291 495 4336 n.
516 4271 688 4356 285-289).

388 4365 467 4433 66.
497 4366 554 4432 Ex
573 4367 625 4430 his
644 4367 710 4432 hoc
734 4385 908 4443 arcanum,
928 4367 1021 4453 quod
1041 4367 1157 4433 vocari
1179 4376 1301 4453 potest
1321 4368 1455 4454 angeli·

323 4478 414 4538 cum,
439 4461 657 4546 aliquatenus
679 4462 788 4528 videri
810 4473 931 4548 potest
961 4463 1053 4547 quod
1082 4465 1291 4549 unaquaevis
1320 4461 1457 4530 affectio

321 4557 406 4624 boni
424 4566 462 4624 et
480 4558 581 4622 simul
600 4559 671 4622 veri
694 4558 740 4624 sit
762 4559 798 4624 in
821 4579 882 4625 sua
904 4559 1014 4626 forma
1036 4559 1162 4641 homo,
1194 4582 1275 4629 nam
1293 4561 1454 4648 quicquid

321 4652 482 4740 procedit
504 4673 526 4718 a
548 4652 710 4731 Domino,
731 4655 839 4722 trahit
862 4677 908 4722 ex
931 4655 1058 4722 Divino
1077 4655 1210 4725 Amore
1232 4657 1345 4744 Ipsius
1363 4655 1455 4744 quod
