3358 5384
232 765 235 774 ,
336 677 378 742 26
691 685 894 740 sustantia
916 685 1112 737 euoenon

333 862 426 946 pium
446 869 500 925 est
517 861 569 926 vis
593 881 701 944 agens
720 882 766 924 ex
790 858 850 924 illo
869 869 1008 923 conatu.
1053 857 1151 924 Haec
1175 868 1256 923 sunt
1279 859 1377 942 regni
1397 857 1464 924 ml-

333 959 469 1023 neralis.
514 959 631 1023 Media
654 969 734 1023 sunt
758 958 874 1022 omnia
894 967 930 1022 et
954 957 1092 1041 singula
1115 959 1212 1040 regni
1231 959 1437 1040 vegetabilis
1450 979 1461 1039 ;

331 1078 420 1140 quae
445 1067 526 1120 sunt
552 1058 708 1139 gramina
737 1065 773 1120 et
797 1055 925 1119 herbae
951 1057 1063 1119 omnis
1086 1057 1236 1138 generis,
1259 1055 1402 1138 plantae
1426 1065 1463 1122 et

332 1154 484 1236 virgulta
500 1157 611 1218 omnis
627 1155 775 1237 generis,
789 1164 826 1218 et
845 1155 985 1218 arbores
1002 1155 1113 1217 omnis
1132 1155 1278 1235 generis.
1326 1153 1461 1218 Horum

335 1274 415 1315 usus
444 1264 523 1318 sunt
555 1273 616 1336 pro
646 1254 803 1316 omnibus
834 1261 869 1317 et
897 1252 1040 1334 singulis
1068 1253 1165 1334 regni
1193 1252 1362 1327 animalis,
1388 1265 1461 1316 tarn

332 1348 540 1432 imperfectis
557 1371 659 1434 quarn
679 1349 858 1434 perfectis;
878 1352 1032 1414 nutriunt
1052 1349 1121 1424 illa,
1143 1347 1319 1414 delectant
1336 1350 1406 1424 illa,
1423 1361 1460 1415 et

332 1447 508 1512 vivificant
532 1449 612 1527 illa;
641 1450 797 1512 nutriunt
820 1468 966 1531 corpora
984 1468 1100 1512 eorum
1121 1449 1274 1511 materiis
1298 1450 1378 1522 suiS,
1399 1451 1458 1512 de-

331 1544 464 1610 lectant
498 1566 619 1610 sensus
653 1567 770 1611 eorum
805 1567 940 1629 sapore,
972 1546 1090 1622 odore,
1122 1546 1388 1629 pulchritudine,
1423 1557 1458 1610 et

330 1645 506 1708 vivificant
524 1642 722 1710 affectiones
742 1665 871 1709 eorum.
917 1643 1072 1709 Conatus
1097 1644 1141 1707 ad
1165 1644 1225 1707 illa
1243 1646 1348 1707 etiam
1369 1647 1458 1708 inest

330 1740 437 1804 illisa
456 1743 540 1806 vita.
583 1741 706 1806 Prima
725 1753 805 1806 sunt
825 1743 940 1806 omnia
960 1753 995 1806 et
1018 1741 1155 1823 singula
1173 1743 1270 1823 regni
1290 1743 1458 1806 animalis.

331 1837 454 1902 Infima
476 1841 522 1903 ibi
540 1851 710 1904 vocantur
729 1861 864 1904 vermes
884 1850 920 1904 et
942 1838 1087 1914 insecta,
1107 1841 1222 1904 media
1240 1840 1397 1904 volucres
1420 1852 1457 1906 et

331 1937 477 2013 bestiae,
501 1957 542 2000 ac
565 1958 724 2020 suprema
746 1939 924 2017 homines;
956 1957 1035 2002 narn
1066 1940 1099 2002 in
1129 1939 1223 2001 omni
1246 1958 1355 2020 regno
1378 1949 1458 2003 sunt

330 2034 460 2112 infima,
480 2036 604 2111 media,
625 2045 661 2099 et
684 2055 864 2118 suprema;
892 2035 1008 2099 infima
1030 2056 1093 2118 pro
1116 2056 1177 2099 usu
1200 2037 1400 2112 mediorum,
1421 2047 1458 2101 et

331 2134 445 2198 media
469 2153 531 2215 pro
559 2153 621 2196 usu
644 2153 891 2214 supremorum.
938 2134 994 2198 Ita
1016 2135 1137 2197 ordine
1161 2135 1355 2198 ascendunt
1379 2155 1459 2198 usus

330 2232 482 2295 omniurn
499 2251 587 2314 quae
604 2242 722 2295 creata
738 2241 818 2296 sunt
837 2231 881 2294 ab
900 2231 1031 2295 ultimis
1046 2231 1090 2294 ad
1109 2231 1295 2305 hominem,
1313 2233 1370 2316 qui
1389 2234 1457 2315 pri·

329 2345 405 2392 mus
424 2330 458 2392 in
478 2329 597 2392 ordine
617 2338 681 2392 est.

393 2426 472 2491 ⁶⁶.
504 2425 592 2491 Sunt
613 2438 684 2491 tres
704 2427 832 2508 gradus
851 2446 1015 2491 ascensus
1039 2427 1072 2490 in
1096 2428 1225 2490 mundo
1244 2428 1403 2500 naturali,
1421 2437 1458 2491 et

330 2535 410 2588 sunt
440 2535 511 2588 tres
541 2526 669 2608 gradus
698 2545 863 2589 ascensus
892 2525 926 2588 in
957 2525 1085 2588 mundo
1109 2525 1285 2606 spirituali.
1331 2524 1458 2590 Omnia

330 2621 494 2686 animalia
513 2633 593 2687 sunt
612 2625 815 2706 recipientia
833 2625 950 2700 vitae;
975 2623 1137 2686 animalia
1157 2621 1360 2705 perfectiora
1377 2635 1458 2686 sunt

329 2722 531 2801 recipientia
561 2723 654 2785 vitae
683 2723 784 2785 trium
804 2721 972 2803 graduum
1003 2721 1120 2783 mundi
1144 2721 1320 2796 naturalis,
1346 2723 1458 2784 minus

330 2815 482 2901 persedia
511 2829 591 2882 sunt
626 2819 826 2901 recipientia
855 2819 949 2883 vitae
982 2819 1126 2882 duorum
1156 2819 1325 2900 graduum
1358 2820 1458 2882 istius

330 2916 458 2990 mundi,
479 2925 515 2979 et
539 2915 738 2998 imperfecta
761 2926 842 2980 sunt
864 2917 1067 2999 recipientia
1090 2918 1186 2979 unius
1209 2917 1337 2998 gradus
1361 2917 1455 2997 ejus:

329 3022 365 3077 at
383 3013 476 3076 solus
493 3013 598 3076 homo
617 3024 672 3077 est
690 3015 859 3097 recipiens
877 3015 971 3078 vitae
986 3015 1087 3077 trium
1104 3015 1270 3094 graduum
1288 3033 1357 3077 non
1377 3024 1457 3078 tan·

328 3115 401 3173 tum
432 3109 549 3172 mundi
578 3110 754 3186 naturalis,
779 3111 841 3174 sed
872 3112 981 3174 etiam.
1006 3111 1108 3173 trium
1139 3110 1307 3190 graduum
1337 3110 1456 3175 mundi

327 3205 524 3289 spiritualis.
569 3206 655 3271 Inde
671 3216 736 3282 est,
750 3208 842 3290 quod
858 3207 964 3272 homo
977 3209 1087 3290 possit
1101 3207 1227 3271 elevari
1239 3227 1341 3288 supra
1354 3217 1456 3271 natu-

329 3323 413 3379 ram,
434 3324 533 3368 secus
555 3325 596 3369 ac
616 3305 722 3369 ullum
745 3305 895 3383 anima1;
920 3315 1039 3388 potest
1055 3304 1229 3385 analytice
1249 3315 1285 3369 et
1304 3307 1456 3370 rationa-

328 3400 408 3467 liter
426 3405 584 3486 cogitare
607 3404 650 3467 de
675 3404 831 3468 civilibus
854 3413 890 3466 et
918 3403 1105 3466 moralibus
1128 3423 1215 3484 quae
1238 3403 1330 3465 intra
1354 3412 1455 3466 natu·

327 3517 400 3562 ram
417 3511 509 3576 sunt,
527 3512 563 3566 et
587 3522 722 3586 quoque
738 3511 858 3584 potest
874 3502 917 3564 de
934 3499 1165 3583 spiritualibus
1182 3511 1218 3564 et
1234 3500 1455 3572 caelestibus,

330 3616 418 3679 quae
437 3618 541 3681 supra
559 3609 717 3663 naturam
734 3609 834 3676 sunt;
858 3600 964 3662 immo
980 3608 1098 3681 potest
1118 3598 1245 3661 elevari
1264 3599 1297 3660 in
1317 3601 1454 3681 sapien·

330 3695 427 3770 tiam,
452 3717 558 3779 usque
583 3707 620 3760 ut
643 3697 760 3762 videat
783 3697 905 3760 Deum.
951 3694 1020 3760 Sed
1044 3696 1086 3759 de
1110 3716 1173 3760 sex
1197 3695 1370 3778 gradibus,
1395 3717 1456 3779 per

327 3812 414 3874 quos
433 3813 512 3856 usus
536 3796 687 3859 omnium
711 3815 798 3877 quae
821 3805 938 3859 creata
968 3795 1002 3858 in
1033 3815 1094 3858 suo
1118 3793 1237 3857 ordine
1260 3795 1454 3860 ascendunt

327 3910 435 3973 usque
454 3893 497 3954 ad
518 3890 629 3955 Deum
646 3891 857 3967 Creatorem,
872 3895 906 3956 in
923 3912 985 3956 suo
1001 3892 1080 3956 loco
1096 3893 1269 3975 agendum
1286 3902 1350 3957 est.
1396 3892 1454 3957 Ex

329 3990 516 4053 summario
538 3989 605 4054 hoc
629 3999 746 4073 potest
769 3991 888 4064 videri,
914 3991 1004 4073 quod
1033 3993 1196 4064 omniurn,
1221 4011 1308 4074 quae
1335 4001 1453 4056 creata

327 4097 417 4162 sunt,
435 4108 598 4152 ascensus
617 4090 662 4153 sit
682 4090 725 4152 ad
750 4089 909 4162 Primum,
928 4091 984 4173 qui
1007 4089 1100 4153 solus
1119 4099 1174 4153 est
1190 4088 1284 4164 Vita,
1301 4097 1338 4153 et
1361 4089 1452 4172 quod

328 4204 407 4248 usus
437 4189 590 4251 omniurn
621 4187 690 4251 sint
713 4188 788 4271 ipsa
810 4188 1014 4271 recipientia
1035 4189 1140 4265 vitae,
1160 4196 1197 4251 et
1219 4185 1300 4252 inde
1322 4185 1453 4250 formae

328 4302 459 4347 usuum.

392 4382 462 4464 67·
493 4383 612 4448 Paucis
635 4385 741 4449 etiam
764 4384 910 4460 dicetur,
936 4383 1110 4468 quomodo
1132 4384 1238 4448 homo
1261 4383 1305 4448 ab
1328 4381 1455 4447 ultimo

328 4480 437 4562 gradu
461 4482 504 4544 ad
533 4483 680 4566 primurn
703 4484 873 4556 ascendit,
898 4482 964 4548 hoc
989 4492 1054 4559 est,
1080 4483 1244 4547 elevatur.
1289 4480 1451 4545 Nascitur

328 4577 362 4640 in
390 4577 549 4643 ultimum
572 4582 716 4664 gradum
740 4582 906 4645 naturalis
930 4582 1069 4660 mundi;
1101 4581 1257 4645 elevatur
1280 4581 1359 4644 dein
1390 4597 1452 4661 per

328 4677 493 4746 scientias
512 4679 545 4742 in
565 4681 753 4744 secundum
773 4681 938 4762 gradum3
963 4691 998 4745 et
1018 4682 1106 4743 sicut
1130 4701 1175 4743 ex
1199 4679 1353 4744 scientiis
1373 4695 1452 4759 per-
